2798 5092
422 114 480 178 DE
499 114 715 181 ritmorum
735 116 976 179 suppetens.
1236 120 1298 179 m

99 274 196 353 penis
209 272 396 335 dicunntur.
436 274 542 350 Liquet
551 273 591 334 tle
603 276 731 353 reprobis
745 292 804 337 non
817 293 882 335 case
894 292 1069 344 armonem,
1082 273 1136 335 sed
1148 273 1184 335 dc
1196 275 1233 335 iia
1244 276 1296 349 qui

98 390 188 450 snpra
207 370 425 432 fundamentum
440 372 561 450 lignum,
576 372 684 432 loenurn
704 383 734 432 et
754 372 1060 450 stipulam-edificent,
1072 373 1185 433 scilicet
1203 369 1239 431 dc
1259 372 1297 433 iie

97 470 152 545 qui
164 468 295 530 doctrina
307 469 376 528 fidei
388 480 510 540 serram,
524 488 597 531 rano
616 470 746 545 quedam
769 470 890 540 tradunt,
904 471 951 530 rel
971 470 1021 545 qui
1041 471 1071 531 in
1089 470 1213 531 leviores
1227 469 1297 530 inci·

95 568 171 628 dunt
184 568 296 645 culpas.

139 671 191 727 75.
217 663 286 744 obj.
300 670 330 724 4.
350 665 435 744 Ignis,
443 667 670 744 inextinguibilis
684 667 715 725 in
729 666 884 745 Scripturis
904 665 979 725 haud
994 665 1109 729 denotat
1121 666 1218 743 ignem
1232 684 1296 744 per·

95 775 232 843 petuam,
246 782 315 823 nam
330 764 454 823 minatur
467 763 548 824 Deus
563 765 712 824 sabbatum
726 765 897 824 violantibus
910 782 943 823 ee
957 766 1053 842 ignem
1067 764 1096 823 in
1111 764 1200 840 portis
1214 762 1298 823 Jeru-

94 861 192 920 salem
207 878 393 919 accensurum
407 861 458 936 qui
472 879 530 921 non
543 861 725 939 extinguetur
736 865 759 926 ς*
779 860 857 936 quod
876 860 1017 938 significat
1037 858 1200 919 incendium
1216 859 1296 932 quod

95 957 215 1018 durabit
233 957 325 1017 donec
348 959 415 1017 urbs
443 958 528 1017 fuerit
554 960 668 1036 penitus
690 971 870 1038 cousumpta.
911 959 961 1016 Sic
975 968 1003 1016 et
1017 975 1068 1035 per
1088 956 1300 1016 Ezechielem.¹

94 1054 193 1116 lenias
207 1054 341 1115 Idumaeie
357 1057 480 1116 minatur
499 1056 601 1117 iisdem
611 1058 729 1117 vocibus
741 1058 845 1133 quibus
860 1057 946 1116 utitur
956 1054 1083 1115 Joannes
1095 1054 1130 1114 de
1144 1055 1298 1132 impiorum

95 1151 275 1230 suppliciis:
298 1155 319 1190 ‘⁸
329 1153 396 1228 quia
409 1152 472 1212 dies
486 1153 602 1232 ultionis
617 1153 748 1222 Domini,
762 1172 853 1213 annus
868 1153 1083 1212 retributionum
1094 1150 1197 1229 judicii
1214 1151 1297 1209 Sion.

96 1250 143 1311 Et
155 1259 357 1310 convertentur
380 1261 518 1311 torrentes
531 1253 594 1330 ejus
620 1251 650 1310 in
675 1251 780 1329 picem,
795 1264 824 1309 et
851 1249 956 1310 hornus
979 1249 1042 1326 ejus
1056 1248 1086 1308 in
1106 1248 1246 1326 sulphur:
1268 1256 1298 1307 et

96 1345 156 1405 erit
169 1357 244 1404 terra
256 1347 319 1424 ejus
334 1347 364 1406 in
379 1347 472 1424 picem
487 1346 643 1406 ardentem.
686 1347 780 1406 Nocte
794 1357 823 1405 ct
836 1346 882 1404 dic
897 1365 955 1405 non
976 1347 1166 1423 extinguetur,
1181 1344 1210 1402 in
1225 1362 1300 1403 scin·

94 1434 245 1522 piternurn
260 1444 395 1504 ascendet
408 1445 503 1505 fumus
517 1444 626 1523 ejus.'’⁸
665 1445 771 1519 Liquet
794 1443 856 1502 brec
881 1441 917 1503 ad
941 1442 1052 1502 literam
1067 1461 1125 1502 non
1144 1460 1210 1500 esse
1224 1441 1298 1500 acci-

95 1541 218 1620 pienda,
228 1541 283 1600 sed
299 1542 354 1601 Dei
366 1561 496 1621 magnam
510 1543 647 1603 ultionem
662 1541 837 1618 designare.⁴

111 1706 116 1716 g
141 1636 236 1717 Reep.
258 1638 353 1696 Voces
368 1638 486 1700 eaedem
499 1657 558 1698 non
583 1639 690 1712 ubique
714 1636 835 1697 eandem
855 1636 987 1695 obtinent
1011 1636 1080 1703 uim,
1101 1653 1139 1693 ex
1160 1633 1301 1711 adjunctis

93 1736 181 1796 enim
194 1753 273 1812 sarpa
288 1733 422 1812 pendent.
463 1736 545 1814 lgnia
559 1735 609 1810 qui
630 1753 689 1794 non
710 1735 891 1812 extinguetur
908 1731 984 1810 apud
1004 1730 1160 1791 Jercmiam
1174 1746 1203 1789 et
1223 1730 1300 1789 Eae-

94 1833 226 1893 ehielern
242 1833 357 1894 denotat
369 1834 532 1910 incendium
547 1835 632 1893 totius
646 1833 735 1892 urbis.
761 1830 895 1892 Idumaeae
909 1827 1048 1888 desolatio
1063 1829 1098 1886 ab
1111 1826 1185 1886 lsaia
1199 1827 1300 1906 depin-

94 1933 188 2011 gitur,
214 1933 349 1991 mutuatis
373 1933 546 2009 imaginibus
567 1951 584 1989 a
604 1929 739 1989 Sodomis
762 1927 896 1987 incendio
920 1924 1110 2002 consumptis.
1152 1922 1298 1983 Caeterum

93 2031 171 2091 licet
192 2032 396 2110 prophetarum
418 2031 626 2111 descriptiones
651 2049 708 2090 non
731 2031 789 2088 sint
813 2028 850 2087 ad
871 2028 993 2088 litteram
1015 2025 1159 2104 urgendae,
1189 2024 1300 2083 Christi

95 2125 190 2187 verba
203 2128 239 2187 de
260 2130 326 2208 igne
339 2147 497 2203 numquam
511 2127 714 2207 extinguendo,
729 2137 758 2186 et
770 2124 806 2185 de
821 2125 887 2204 igne
901 2123 1100 2202 supplicioque
1113 2132 1229 2187 aterno,
1240 2140 1299 2181 non

95 2241 228 2313 manunt
251 2230 357 2290 idcirco
382 2229 417 2288 ad
441 2227 626 2307 temporalem
650 2233 773 2304 poenam‘
790 2222 905 2283 referri:
928 2221 976 2281 bio
996 2221 1084 2289 enirn,
1111 2221 1250 2297 Magister
1272 2227 1301 2277 et

85 2331 204 2408 judex,
219 2330 334 2408 proprie
345 2327 480 2401 loquitur,
489 2325 531 2385 illi
545 2336 691 2403 poetarum
704 2339 784 2382 more
798 2319 1059 2380 vehementioribus
1074 2318 1202 2384 vocibus,
1215 2327 1243 2375 et
1256 2315 1298 2372 vi·

98 2432 262 2492 vidioribus
290 2428 461 2505 imaginihus
489 2433 614 2483 utuntur.
655 2421 727 2487 Quae
754 2420 877 2479 occurrit
902 2415 1059 2476 similitudo
1080 2416 1153 2474 inter
1178 2413 1300 2473 Joannis

95 2528 191 2589 verba
204 2538 235 2585 et
257 2536 364 2591 vatum,
389 2520 562 2600 probabilem
589 2517 727 2596 praeberet
739 2516 877 2574 rationem
893 2513 941 2571 illa
960 2512 1022 2588 pari
1043 2511 1152 2569 ratione
1166 2511 1302 2585 interpre-

95 2624 194 2695 tandi,
208 2623 265 2684 nisi
290 2621 422 2697 adjuncta
442 2617 596 2677 discrimen
620 2612 821 2679 ostenderent;
843 2610 901 2688 agit
924 2605 1003 2668 enirn
1017 2606 1065 2665 ille
1080 2605 1115 2664 de
1130 2605 1300 2664 cruciatibus

99 2723 221 2784 alterius
230 2721 300 2787 ¹rita
315 2727 380 2796 post
393 2734 488 2776 rerum
509 2711 715 2773 mundanarum
729 2708 828 2766 finem.

143 2824 195 2881 76.
219 2815 287 2895 obj.
303 2820 332 2874 5.
353 2814 432 2892 lgnis
455 2809 646 2889 metaphorice
675 2804 834 2873 adhibetur,
860 2812 891 2861 ut
915 2799 1099 2860 conscientia
1113 2797 1301 2857 remordentis

98 2915 247 2977 cruciatur
258 2911 407 2977 indicetur,
423 2909 471 2984 qui
485 2918 514 2966 et
528 2904 631 2965 vermis
645 2920 761 2980 semper
771 2899 898 2960 rodentis
911 2898 1001 2974 figura
1015 2894 1209 2972 significatnr;
1230 2909 1299 2970 ergo

99 3014 251 3077 aeternitas
264 3010 469 3089 suppliciorum
482 3024 520 3066 ex
533 3006 608 3083 ignis
622 3003 720 3062 aterni
732 2999 898 3077 metaphora
908 2994 985 3062 haud
1000 2991 1076 3053 certd
1092 2991 1218 3050 infertur.

145 3113 238 3192 Reep.
259 3107 406 3182 Quidquid
421 3108 458 3166 sit
478 3104 514 3164 de
528 3101 703 3180 metaphora,
724 3109 835 3158 constat
849 3114 963 3176 paenam
984 3109 1125 3152 summam
1140 3087 1303 3146 vehement-

100 3229 212 3286 emque
236 3208 392 3268 cruciatum
415 3215 531 3278 utraque
556 3218 627 3260 voce
653 3196 815 3274 designari:
838 3204 1010 3272 quapropter
1034 3186 1161 3248 adductis
1190 3183 1301 3243 Christi

100 3309 227 3371 Domini
240 3307 346 3374 uerbis,
360 3304 500 3362 exclamat
523 3298 700 3377 Augustinus
713 3314 721 3352 z
744 3300 763 3332 ‘⁴
776 3294 845 3352 Non
868 3309 934 3350 eum
949 3287 1042 3366 piguit
1053 3303 1110 3344 uno
1123 3285 1187 3343 loco
1202 3281 1301 3341 eadem

104 3408 194 3467 verba
208 3415 250 3465 ter
264 3405 378 3463 dicere:
402 3418 487 3474 quem
501 3417 560 3457 non
583 3405 685 3454 terreat
711 3393 766 3451 ista
790 3389 930 3467 repetitio,
945 3396 975 3444 et
988 3385 1063 3444 illius
1079 3400 1170 3460 prenae
1185 3380 1303 3440 commi·

101 3508 186 3567 natio
199 3516 257 3564 taur
271 3502 428 3561 vehemens
443 3517 493 3557 ore
507 3495 606 3555 divino
617 3493 664 3551 ἴω
704 3489 832 3550 'Vocibus
848 3486 904 3545 illis
918 3483 1045 3562 corporis
1060 3482 1200 3540 cruciatus
1215 3479 1302 3556 signi·

108 3608 188 3667 ficari
209 3612 309 3685 putat:
332 3612 351 3640 ‘⁶
365 3600 475 3658 facilius
492 3606 581 3669 estut
600 3593 634 3652 ad
658 3608 761 3668 corpus
776 3588 868 3646 dicam
883 3597 1035 3657 utrumque
1050 3582 1200 3658 pertinere,
1217 3595 1302 3650 quam

105 3718 260 3772 neutrum
282 3710 311 3758 et
324 3699 390 3756 ideo
406 3695 519 3755 taciturn
536 3690 636 3751 inillis
659 3688 763 3747 divinae
783 3684 936 3761 Scriptura
952 3681 1045 3738 verbis
1060 3678 1148 3736 animi
1163 3675 1301 3740 dolorem,

107 3807 246 3881 quoniam
261 3815 440 3871 consequens
458 3811 522 3852 esse
544 3788 719 3865 intelligitur,
741 3781 925 3842 etiamsinon
945 3778 1063 3845 dicatur,
1078 3789 1108 3833 ut
1122 3789 1239 3848 corpore
1260 3771 1303 3829 sic

105 3902 221 3962 dolente
234 3899 347 3958 animus
362 3909 477 3968 quoque
488 3887 578 3948 sterili
592 3882 757 3964 paenitentia
771 3875 954 3938 crucietur-ft
984 3872 1139 3933 AEternitae
1155 3885 1302 3946 poenarum

439 4039 479 4105 (1)
498 4036 547 4087 Jer.
558 4031 664 4086 xrii.2l.
723 4039 727 4047 '

438 4127 477 4192 (2)
498 4121 581 4174 Erech
591 4135 633 4169 xx.
644 4119 686 4166 45.
696 4117 738 4167 48.

441 4215 483 4280 (3)
493 4209 573 4273 ¹Isaiae
584 4206 668 4257 xxxiv.
681 4208 704 4254 8.
