2798 5092
585 416 808 479 APPENDlX.
1229 418 1289 475 ΒΜ

97 582 228 651 octarmn
243 586 291 635 ant
304 594 409 637 nonam
423 577 461 639 P.
475 579 520 638 M.
561 577 610 638 Ex
623 579 660 637 iis
674 596 748 637 unus
769 572 962 644 concionatur,
978 576 1072 634 caeteri
1085 592 1185 653 preces
1199 573 1290 633 effun-

101 669 182 741 dunt,
198 672 356 744 hortantur,
366 675 492 752 hymnos
503 686 607 735 canunt
621 693 712 749 usque
724 673 759 732 ad
775 673 895 733 mediam
905 687 1027 732 noctem.
1059 671 1290 741 Fertodmorr‘r,

101 768 202 846 (Leuc
224 769 346 848 Femur)
368 773 440 831 fiunt
463 773 585 850 singulis
606 772 802 830 trimestribus.
844 770 945 828 Goetus
970 770 1040 827 solis
1064 781 1148 827 sectae
1174 769 1290 828 asseclis

100 876 222 935 constat,
238 868 394 945 incipitque
408 883 491 928 cantu
506 882 535 928 et
548 869 690 946 precibus.
733 869 836 927 Postea
847 868 928 944 panis
944 866 1061 926 lrustula
1072 885 1128 924 una
1143 885 1207 924 cum
1218 884 1292 939 aqua

101 965 235 1022 omuibus
266 967 296 1023 in
324 967 438 1044 signum
473 980 576 1025 mutuas
604 967 747 1024 charitatis
775 965 961 1023 distribuitur.
1005 961 1158 1021 Orationis
1194 961 1292 1022 Ooelnr

102 1058 238 1141 (Proyer
248 1061 419 1141 Meetingo)
434 1065 596 1138 frequenter
610 1065 692 1131 fiunt,
708 1064 737 1122 in
763 1063 866 1136 quihus
889 1080 966 1139 sape
980 1061 1082 1134 aliquis
1102 1060 1292 1119 hortationem

101 1157 233 1217 effundit.
275 1159 310 1218 ln
323 1162 456 1219 omnibus
470 1162 590 1220 coetibus
612 1180 689 1238 saepe
710 1160 852 1219 adstantes
867 1169 1003 1218 testantur
1015 1156 1083 1231 quid
1095 1157 1125 1214 in
1139 1175 1170 1214 se
1191 1142 1294 1251 adece-

102 1256 139 1315 rit
154 1256 289 1334 Spiritus,
305 1276 392 1318 snum
414 1258 636 1338 experientiam,
651 1271 683 1318 ut
695 1260 784 1327 aiunt,
793 1257 957 1335 prebentes
972 1255 1096 1335 (giving
1108 1255 1142 1314 in
1155 1253 1231 1314 their
1245 1272 1294 1314 ee*

96 1352 257 1432 reduce)
1172 1426 1175 1433 ,

140 1452 354 1512 Msunornsrsr
377 1455 573 1523 Csnvrursur,
587 1473 639 1513 seu
661 1454 917 1513 Wrsrrrrnunrsur
940 1471 957 1510 a
981 1451 1090 1510 caeteris
1116 1470 1190 1510 anno
1214 1453 1290 1510 1741

101 1545 305 1618 discesserunt,
321 1551 392 1610 duce
408 1552 570 1621 Whitlield,
592 1555 641 1625 qui
657 1551 770 1609 calvini
786 1552 889 1628 placita
903 1550 938 1609 de
959 1547 1205 1626 predestinatione
1228 1567 1293 1625 pro·
1363 1540 1366 1545 ¹

102 1634 254 1721 pugnabat.
296 1647 483 1706 Recentiores
509 1646 641 1707 duritiem
657 1648 744 1706 'illam
774 1647 927 1721 aliquando
955 1645 1112 1714 emolliunt,
1138 1645 1292 1723 pluresque

103 1741 226 1801 Ricardo
250 1743 357 1803 Baxter
371 1746 501 1805 ministro
524 1747 757 1822 Presbyteriano,
781 1764 832 1803 seu
856 1745 1003 1812 Puritano,
1021 1744 1222 1812 assentiuntur,
1244 1743 1293 1817 qui

103 1841 236 1899 omnibus
251 1843 368 1919 gratiam
381 1862 563 1902 communem
580 1843 642 1901 dari
656 1844 811 1911 contendit,
827 1843 874 1901 cui
888 1844 913 1901 si
934 1841 1067 1900 obediant
1087 1842 1205 1919 gratiam
1220 1825 1312 1900 salu?

103 1948 191 1998 tarem
204 1951 403 2014 assequentur,
419 1942 551 2016 quamvis
565 1941 765 2001 nonnullorum
778 1941 945 1999 decernatur
957 1941 1034 1999 salus
1046 1941 1152 2014 absque
1165 1939 1222 1998 ulla
1235 1958 1293 2000 me·

103 2038 220 2096 ritomm
235 2040 415 2115 praevisione.

141 2133 342 2206 Kmnsnrurr,
363 2157 416 2196 seu
440 2157 528 2197 uorrr
552 2139 682 2198 Uurours
706 2138 931 2204 Marnomsrse,
951 2133 1146 2216 (Killtumiter
1159 2153 1192 2192 or
1205 2132 1294 2192 Nero-

105 2233 278 2293 Connear'on
292 2235 495 2317 Methodirts,)
511 2257 586 2296 anno
613 2241 699 2305 1797,
714 2249 881 2295 caeterorum
905 2236 1091 2294 deseruerunt
1105 2233 1291 2302 consortium,

102 2331 230 2409 regimen
245 2332 300 2390 sibi
314 2335 520 2393 constituentes
534 2334 712 2410 Reipublicae
728 2333 762 2392 ad
785 2334 882 2400 instar,
898 2333 929 2392 iu
943 2351 1001 2406 quo
1022 2331 1131 2390 scillcet
1151 2331 1293 2390 ministro·

105 2445 168 2487 rum
182 2439 212 2486 et
226 2430 325 2506 populi
341 2441 433 2507 partes
448 2450 507 2489 sua
521 2432 623 2489 forent.

141 2525 433 2596 Swsnnusonorsur,
448 2546 499 2587 asu
514 2528 666 2588 Eecnnsrs
679 2544 774 2588 norm*
785 2528 1013 2587 Hrnnoronuns
1025 2537 1168 2585 auctorem
1189 2523 1294 2583 habent

101 2621 243 2683 Batonem
268 2625 472 2704 Swedenborg,
489 2627 538 2700 qui
553 2646 628 2686 anno
651 2630 726 2686 1743
750 2645 783 2684 se
806 2645 907 2685 arcana
929 2623 1027 2684 mundi
1050 2624 1212 2701 spirituum,
1228 2621 1293 2680 Deo

100 2717 255 2785 revelante,
271 2716 406 2776 didicisse
420 2719 539 2778 dicebat
572 2721 793 2778 Distinetionem
809 2736 993 2795 personarum
1008 2717 1039 2775 in
1054 2716 1119 2774 Deo
1133 2715 1292 2792 denegarit,

100 2814 253 2874 Christum
269 2817 365 2892 ipsum
380 2835 445 2875 esse
458 2817 611 2885 innovans,
627 2818 748 2894 ejusque
762 2828 938 2892 assumptam
958 2824 1095 2880 naturam,
1110 2813 1235 2870 diuinam
1256 2829 1293 2869 ex

99 2915 208 2973 unione
234 2913 375 2984 effectam,
401 2934 465 2974 esse
487 2916 606 2983 Filium,
632 2917 753 2992 ejusque
775 2913 900 2973 divinam
924 2913 1057 2971 virtutem
1075 2929 1139 2969 esse
1154 2910 1293 2988 Spiritum

98 3012 240 3071 Sanctum
255 3011 398 3072 dictitans.
441 3012 589 3073 Christum
611 3012 834 3090 Redemptorcm
860 3011 948 3070 luisse
970 3021 1133 3069 nostrorum
1153 3008 1293 3067 scelerum

99 3127 203 3188 prenae
219 3109 405 3179 inficiabatur,
421 3111 527 3170 docens
541 3130 608 3169 sum
623 3131 676 3169 nos
698 3120 806 3169 tantum
828 3108 992 3176 redemisse,
1008 3117 1146 3181 quatenus
1168 3105 1293 3163 victoriis

96 3209 162 3268 suis
177 3206 323 3266 daemones
337 3210 421 3267 nobis
443 3211 608 3268 insidiantes
624 3209 723 3287 procul
744 3209 866 3286 disjecit.
907 3207 1037 3265 Asseruit
1057 3205 1141 3263 etiam
1157 3204 1294 3263 Sweden·

96 3305 173 3382 berg
186 3324 421 3380 unumquemque
442 3308 589 3366 hominem
613 3326 678 3366 cum
700 3308 848 3384 spiritibus
871 3323 985 3382 semper
1006 3303 1293 3362 communicationem

94 3421 226 3470 seruare,
241 3421 297 3476 qua
311 3402 472 3472 deficiente,
489 3423 542 3464 nee
557 3406 692 3482 cogitare,
707 3423 761 3463 nec
776 3403 884 3476 aliquid
898 3402 1011 3461 efficere
1027 3415 1126 3479 posset
1139 3399 1252 3473 aliquis.

141 3499 378 3559 Rrrrousnrs'rm
404 3501 434 3560 in
456 3502 612 3561 Germania
634 3503 689 3561 orti
712 3512 780 3561 sunt
803 3501 898 3561 medio
924 3499 1029 3558 saeculo
1048 3498 1160 3556 decimo
1182 3507 1292 3566 octavo,

97 3597 235 3657 Semlero
248 3610 372 3666 auctore,
388 3599 437 3672 qui
449 3599 611 3675 Scripturas
626 3599 660 3657 ad
679 3618 808 3658 normam
822 3598 912 3656 solius
933 3597 1049 3656 rationis
1071 3593 1293 3672 interpretandas

96 3693 209 3753 docuit.
251 3693 311 3751 Eas
326 3712 364 3751 ex
383 3694 506 3771 Spiritus
522 3696 620 3753 Sancti
635 3695 752 3772 speciali
774 3693 959 3770 inspiratione
980 3693 1155 3768 conscriptas
1170 3689 1291 3766 negavit,

96 3791 235 3850 bumana
250 3791 394 3849 industriae
409 3805 437 3848 et
450 3792 568 3868 iugenio
582 3811 633 3850 eas
643 3793 779 3850 tribuens.
821 3791 893 3856 Qua
906 3791 938 3847 in
952 3808 984 3847 aa
999 3788 1145 3846 traduntur
1159 3786 1294 3862 mysteria

96 3887 211 3966 rejecit,
219 3889 337 3946 rationis
348 3887 498 3964 principiis
511 3888 742 3948 accommodans.
764 3889 836 3954 Quae
849 3887 1006 3945 referuntur
1017 3886 1150 3944 miracula
1162 3881 1293 3957 mythum

97 4003 168 4046 esse
187 3983 232 4041 vel
258 3984 433 4062 allegoriam,
460 3984 506 4043 vel
531 3987 682 4053 visionem,
708 3985 752 4044 vel
776 4003 857 4062 aegrae
882 3984 985 4042 mentis
1000 3983 1153 4047 somnium,
1170 3979 1213 4037 vel
1234 3996 1294 4037 rem

98 4081 276 4158 imaginibus
299 4083 482 4140 orientalibus
505 4095 631 4141 ornatam
656 4081 762 4140 docuit.
806 4080 990 4158 Prophetiam
1010 4081 1123 4157 penitus
1146 4075 1293 4143 subvertit,

101 4187 185 4235 vates
200 4177 317 4236 Judaeos
333 4180 447 4238 nonnisi
469 4180 582 4256 poetico
605 4177 727 4256 quodam
750 4189 847 4236 ornatu
868 4177 989 4255 adjecto,
1004 4176 1133 4233 veritates
1155 4172 1294 4231 naturales

104 4275 257 4336 tradidisse
272 4276 428 4336 affirmans.
470 4278 565 4337 Pestis
580 4277 641 4336 haec
656 4296 712 4351 qua
726 4277 869 4344 miracula,
886 4275 1032 4352 mysteria,
1048 4273 1180 4331 vaticinia
1194 4271 1296 4329 tollun-

101 4384 159 4443 tur,
175 4373 234 4431 sere
249 4392 349 4432 omnes
365 4374 513 4454 theologos
528 4375 750 4435 Protestanticoa
764 4375 793 4432 iu
810 4373 965 4431 Germania
979 4371 1086 4439 iniecit,
1101 4380 1130 4428 et
1143 4370 1195 4428 has
1210 4369 1296 4428 etlam

101 4472 208 4530 invasit
222 4474 392 4549 provincias.

145 4569 342 4629 Ssuusuonss
369 4571 503 4649 (Anglice
528 4571 683 4649 lumpero)
709 4589 784 4629 anno
813 4573 887 4630 troo
913 4571 941 4627 in
965 4566 1220 4660 VacunalWolse)
1242 4566 1296 4626 orti

101 4679 178 4729 sunt.
208 4668 316 4728 Divino
331 4671 431 4747 spiritu
446 4690 478 4729 se
492 4672 611 4749 agitatos
624 4685 732 4747 putant,
747 4671 815 4730 dum
830 4671 943 4740 saltant,
968 4670 1166 4738 vociferantur,
1184 4669 1295 4742 aliaque

103 4765 240 4828 indecora
248 4765 345 4845 gaudii
355 4768 463 4827 indicia
472 4769 570 4840 edunt,
593 4781 612 4808 ⁴⁶
627 4769 833 4850 Geganiont,'’
844 4771 864 4829 i.
874 4788 902 4829 e.
914 4779 934 4807 ⁴⁸
946 4767 1086 4849 gloriand’
1098 4768 1308 4826 inclamantes.
1332 4776 1336 4782 ·
