2798 5092
80 4758 94 4787 k

152 348 211 406 uo
443 343 501 404 on
522 342 717 405 amomis
737 339 1066 404 lundomensis.
1086 301 1089 305 ’

151 509 237 574 tum,¹
260 502 337 578 quod
361 505 489 562 instato
513 502 763 562 Neo-Eboraceuo
784 520 844 562 uon
869 502 1000 571 obuncat
1027 501 1103 560 sicut
1121 519 1176 560 neo
1196 500 1228 559 in
1247 499 1347 561 codice

153 601 344 680 Napoleonis.

192 700 258 755 111.
280 694 380 774 Rapta
393 693 506 754 Mulier
519 696 618 771 nequit
630 697 846 757 matrimonium
859 715 926 757 cum
939 707 1053 774 raptore
1065 696 1149 764 inire,
1163 696 1221 754 nisi
1235 697 1267 756 in
1282 696 1348 759 loco

150 804 212 854 tuto
232 806 262 853 et
283 795 373 854 libero
396 794 558 864 constituta,
583 796 648 872 ipsa
671 797 848 855 consentiat:
881 806 963 874 rapta
986 807 1080 854 autem
1106 793 1209 853 dicitur
1233 795 1349 869 quaudo

149 895 238 954 invita
252 895 279 952 ri
293 892 413 952 abducta
426 903 471 953 est
493 904 526 952 ut
550 896 764 955 matrimonium
784 896 952 955 contrahere
965 905 1128 974 cogeretur.
1170 893 1205 959 In
1219 906 1350 972 raptores

149 1011 241 1073 pune
254 993 430 1071 gravissimae
444 1010 528 1067 aeque
542 1012 575 1051 ac
585 995 755 1070 justissima
770 1014 787 1053 a
800 994 923 1054 concilio
940 994 1112 1053 Tridentino
1126 1004 1240 1052 statutas
1260 1002 1346 1054 sunt:

148 1101 274 1169 “raptor
287 1092 351 1169 ipse
365 1111 399 1150 ac
413 1110 515 1166 omnes
529 1091 571 1149 illi
586 1092 751 1160 consilium,
766 1094 907 1152 auxilium
921 1101 952 1151 et
964 1093 1091 1152 favorem
1106 1086 1277 1170 prabentc's,
1293 1093 1352 1153 sint

148 1190 213 1268 ipso
229 1189 295 1267 jure
320 1188 573 1257 excommunicati,
600 1208 633 1247 ao
647 1188 786 1266 perpetub
807 1190 941 1260 infames,
966 1190 1155 1263 omniumque
1180 1189 1352 1268 dignitatum

148 1289 311 1367 incapaces,
326 1288 393 1347 etsi
407 1289 501 1346 clerici
517 1287 632 1356 suanm,
647 1287 683 1345 de
698 1289 816 1366 proprio
831 1289 919 1365 gradu
933 1287 1075 1347 decidant.
1117 1289 1265 1348 Teneatnr
1278 1306 1352 1366 prm·

148 1395 208 1444 tera
222 1397 317 1463 raptor
331 1386 480 1444 mulierem
494 1394 613 1462 raptam,
629 1384 690 1444 sive
706 1403 768 1444 eam
784 1387 814 1445 in
840 1404 959 1446 uxorem
972 1385 1095 1455 duxerit,
1110 1386 1172 1444 sive
1187 1404 1248 1445 non
1260 1385 1352 1444 duxe-

148 1484 195 1552 rit,
210 1483 344 1543 decenter
358 1483 472 1542 arbitrio
483 1482 591 1559 judicis
611 1482 757 1542 dotare.’¹⁵

189 1581 287 1648 Quum
301 1580 415 1658 singula
429 1581 572 1654 explicare
594 1581 808 1658 impedimenta,
824 1590 853 1639 et
872 1580 1087 1641 accommodare
1101 1581 1215 1640 casibus
1230 1581 1281 1654 qui
1302 1597 1351 1639 oc·

149 1688 273 1747 currunt,
289 1680 409 1738 Ethices
431 1680 470 1737 sit
492 1679 652 1756 provincia,
667 1678 729 1737 haec
744 1698 808 1754 quae
830 1680 932 1758 raptim
954 1680 1081 1740 diximus
1095 1679 1131 1738 ad
1145 1697 1206 1740 rem
1222 1692 1352 1738 nostram

150 1775 304 1836 sufficiant.

605 1956 896 1998 ammanuenstouus.

190 2100 256 2156 112.
280 2097 352 2165 Qua
366 2097 514 2156 retulimus
529 2097 735 2174 impedimenta
749 2099 804 2156 alia
817 2109 925 2157 naturae
942 2099 1007 2177 J'ure
1023 2097 1192 2167 innituntur,
1206 2097 1264 2156 alia
1278 2098 1350 2157 solis

147 2195 348 2254 ecclesiasticis
363 2197 569 2254 sanctionibus.
611 2195 682 2262 Qua
697 2215 734 2254 ex
749 2215 854 2265 errore,
870 2207 899 2255 et
919 2195 1044 2255 amentia
1065 2196 1255 2255 desumuntur
1269 2206 1351 2256 natu·

148 2294 217 2352 ralia
230 2303 297 2351 sunt
311 2293 513 2370 impedimenta
538 2311 601 2365 quae
621 2295 725 2353 tollunt
740 2313 924 2354 consensum.
966 2294 1140 2372 Impotentia
1164 2305 1209 2353 est
1231 2313 1351 2369 quoque

148 2388 385 2466 impedimentum
409 2388 546 2447 naturale.
589 2390 833 2468 Consanguinitas
863 2393 955 2468 primo
977 2390 1065 2468 gradu
1080 2391 1234 2451 collaterali
1249 2391 1351 2450 fratres

147 2486 221 2544 inter
234 2494 263 2544 et
275 2503 387 2543 sorores
402 2484 437 2543 ad
446 2486 496 2562 jus
509 2486 635 2546 naturale
647 2487 774 2555 resertur,
791 2488 821 2545 in
835 2486 913 2562 quod
930 2487 969 2545 nll
985 2497 1079 2565 potest
1093 2488 1238 2546 Ecclesia.
1260 2487 1349 2565 Liga-

147 2602 215 2643 meu
232 2582 390 2641 desumitur
411 2600 448 2640 ex
469 2583 535 2659 jure
559 2584 679 2652 naturae,
701 2583 819 2643 Christo
842 2584 1000 2642 sanciente.
1043 2584 1156 2642 Caetera
1170 2584 1310 2662 pleraque
1332 2603 1350 2642 a

147 2681 259 2758 legibus
273 2681 414 2740 Ecclesiae
426 2679 599 2749 derivantur,
615 2700 632 2738 a
646 2701 702 2756 qua
716 2681 836 2758 proinde
847 2681 912 2767 tolli
927 2691 1059 2759 possunt.
1101 2683 1248 2754 immerito
1260 2683 1350 2760 igitur

149 2779 269 2840 Henrici
295 2779 390 2850 vnn,
413 2783 520 2859 nuptiae
546 2800 611 2839 cum
638 2779 795 2839 catharina
815 2780 974 2849 austriaca,
995 2780 1080 2840 vidua
1099 2781 1232 2840 Arthuris
1254 2782 1350 2841 fratris

149 2875 280 2946 Henrici,
296 2878 442 2936 celebratur
466 2895 503 2936 ex
515 2876 816 2954 dispensationedulii
829 2876 869 2944 11,
885 2878 915 2936 in
937 2879 1124 2951 questionem
1139 2890 1248 2936 vocatae
1270 2890 1350 2948 sunt,

148 2991 237 3048 quum
251 2987 381 3052 ageretur
394 2975 429 3034 de
441 2975 648 3053 impedimento
663 2993 740 3034 mere
755 2974 960 3034 ecclesiastico.

190 3075 256 3132 113.
279 3073 393 3131 Summi
407 3072 574 3140 Pontifices,
590 3091 642 3149 pro
664 3091 698 3130 ea
712 3090 797 3146 quam
813 3091 829 3128 a
851 3071 971 3130 Christo
983 3080 1155 3150 acceperunt
1168 3075 1349 3142 auctoritate,

146 3173 181 3230 ab
195 3172 329 3231 omnibus
344 3171 557 3249 impedimentis
579 3190 656 3228 mere
678 3171 880 3229 ecclesiasticis
897 3170 991 3230 valent
1003 3170 1188 3248 dispensare:
1212 3166 1348 3251 episcopi

147 3279 241 3328 autem
255 3269 386 3328 nonnissi
396 3269 481 3344 juxta
494 3267 634 3344 speciales
649 3268 703 3326 sibi
718 3267 799 3325 datas
814 3269 971 3337 facultates,
984 3269 1030 3326 vel
1041 3288 1093 3346 pro
1108 3288 1203 3327 rerum
1220 3270 1350 3328 necessi·

146 3376 201 3425 1111
224 3367 254 3425 in
278 3365 398 3424 occultis
413 3363 637 3442 impedimentis,
656 3363 770 3437 quando
786 3385 844 3423 uon
859 3375 954 3443 potest
967 3367 1075 3424 recurri
1099 3366 1135 3425 ad
1160 3367 1347 3427 Pontificem.

147 3463 244 3529 Quum
258 3461 444 3539 amplissimas
458 3462 569 3519 soleant
594 3463 740 3540 episcopis
765 3462 963 3521 foederatarum
987 3462 1198 3540 provinciarum
1212 3464 1348 3533 concedi,

144 3577 263 3617 necesse
285 3549 401 3618 nonest
421 3558 470 3637 jus
493 3560 608 3634 aliquod
633 3569 847 3621 controversum
868 3563 952 3620 nobis
967 3561 1129 3621 vindicare:
1152 3561 1204 3618 sed
1226 3573 1344 3639 praestat

146 3654 179 3713 S.
202 3655 286 3713 Sedis
306 3657 420 3732 juribus
443 3677 509 3716 cum
532 3657 626 3716 debita
650 3659 809 3717 reverentia
829 3660 949 3718 servatis
973 3670 1065 3718 tntum
1079 3659 1212 3717 insistere
1227 3678 1351 3719 concor·

147 3752 201 3812 diae
215 3753 278 3812 iter.
1079 3748 1081 3753 ⁴

188 3854 254 3908 114.
276 3850 373 3917 Quum
387 3852 431 3910 vis
446 3853 619 3911 matrimonii
635 3871 735 3912 corum
748 3852 812 3912 Deo
833 3853 965 3930 pendeat,
981 3855 1022 3912 uti
1037 3855 1174 3924 vidimus,
1189 3872 1227 3914 ex
1241 3854 1347 3914 Eccle-

145 3950 195 4008 siae
206 3949 317 4027 legibus
333 3951 435 4021 quibus
457 3970 616 4009 consensus
637 3952 865 4010 contrahentium
890 3955 1007 4029 regitur,
1030 3955 1121 4026 liquet
1144 3953 1178 4010 ad
1193 3953 1345 4011 ecclesias·

144 4047 215 4105 ticos
239 4037 352 4125 judices
378 4058 506 4124 spectare
532 4068 633 4106 causas
661 4050 895 4118 matrimoniales,
922 4046 1076 4123 inquibus
1099 4048 1221 4127 deejus
1247 4051 1344 4110 valore

145 4147 246 4225 agitur.
289 4146 400 4207 Eorum
414 4159 459 4206 est
472 4149 558 4226 igitur
565 4148 694 4226 judicare
706 4149 888 4224 quandonam
900 4150 1051 4208 divortium
1062 4169 1078 4208 a
1091 4149 1206 4208 vinculo
1217 4148 1345 4211 dandum

180 4323 192 4389 (
196 4325 219 4388 1)
238 4324 316 4374 “The
328 4333 409 4377 courts
428 4326 455 4376 in
472 4325 672 4387 Massachnsetts,
684 4326 818 4388 Bolanum,
836 4327 909 4387 onio,
921 4325 1004 4377 North
1016 4311 1139 4386 Catulino,
1151 4326 1279 4386 Aiabama,
1297 4328 1347 4378 and

142 4410 258 4475 probably
269 4410 296 4460 in
306 4412 375 4461 other
386 4419 468 4473 states,
486 4429 526 4462 ars
543 4413 682 4463 authorized
694 4415 726 4478 by
738 4421 828 4464 statute
840 4421 865 4463 to
876 4422 948 4476 grant
964 4412 1073 4464 divorcos
1084 4428 1158 4462 causa
1168 4413 1348 4478 impotentiae.”

144 4495 233 4546 Kent's
245 4494 398 4549 Gomm.vol.
409 4499 435 4549 ii.
447 4496 550 4549 Lecture
562 4499 639 4550 xxvii.
651 4514 676 4550 n.
688 4501 704 4550 i.
784 4517 787 4522 ·

181 4583 224 4647 (2)
244 4581 343 4632 Ibidem.

178 4670 219 4733 (3)
239 4666 306 4717 Sess.
317 4684 376 4719 xxv.
387 4685 440 4734 cap.
450 4670 482 4719 ri.
494 4670 524 4720 de
531 4671 585 4720 Res.
