2798 5092
101 345 160 402 188
350 340 415 402 DE'
427 340 743 403 lMPEDIMEN'l'lS
764 288 1041 406 MATRIMONIE

96 505 187 560 sunt²
228 501 303 560 Oum
318 501 473 560 Benedicto
487 500 571 559 XIV.
585 501 767 578 agnoscimus
781 501 962 561 occasionem
982 501 1182 579 impedimenti
1196 502 1291 563 eccie-

97 599 205 658 siastici
219 599 364 658 sanciendi
378 618 464 677 posse
478 598 589 676 exlege
601 599 680 656 civili
694 599 779 668 oriri3
794 599 844 657 sed
857 618 1046 678 pernegamus
1060 600 1156 678 legem
1170 601 1289 661 civilem

98 697 157 754 vim
178 696 264 755 ullam
285 698 314 755 in
328 697 390 754 loro
410 695 605 755 ecclesiastico
625 714 676 773 per
696 715 728 754 se
743 697 847 755 habers
869 716 925 771 qua
945 697 1091 756 vinculum
1112 697 1291 757 matrimonii

98 810 193 850 coram
209 793 274 852 Deo
286 793 374 851 tollat.

140 895 189 948 82.
215 890 282 969 ooj.
298 894 327 948 4.
358 890 420 949 Lex
450 891 544 949 civilis
572 891 808 969 impedimentum
836 891 984 951 statuendo
1011 893 1086 952 tollit
1111 885 1291 952 contractum

96 987 219 1055 civilem,
234 988 283 1061 qui
297 988 352 1045 nisi
365 987 511 1064 legitimus
525 987 571 1055 sit,
586 988 757 1069 nullusast:
776 991 837 1066 jam
852 1007 920 1048 vero
934 990 1042 1064 absque
1063 999 1210 1049 contractu
1225 990 1290 1051 uui·

96 1085 155 1143 lum
170 1095 213 1143 est
226 1086 447 1143 matrimonium.
1169 1138 1172 1143 .

134 1183 224 1263 Resp.
246 1185 363 1259 Absque
378 1192 520 1242 contractu
536 1183 661 1243 humano
675 1193 704 1243 et
718 1185 847 1254 naturali,
863 1186 971 1246 nullum
994 1196 1038 1245 est
1052 1187 1268 1246 matrimonium
1281 1206 1290 1255 3

96 1279 146 1338 sed
161 1299 235 1358 opus
249 1298 306 1340 nou
321 1288 404 1338 estut
416 1280 493 1338 civili
507 1279 628 1353 quadam
641 1280 730 1338 souma
742 1281 882 1350 induatur,
899 1283 933 1340 ad
946 1284 1093 1341 materiem
1107 1291 1292 1342 sacramento

95 1379 293 1458 prastandam.
329 1377 463 1436 Christus
477 1396 534 1436 nou
548 1379 673 1436 noscitur
687 1378 755 1451 quid
767 1381 891 1456 speciale
904 1379 939 1438 de
953 1389 1097 1439 contractu
1112 1380 1290 1448 decrevisse,

95 1477 146 1537 sed
161 1478 253 1551 qualis
267 1477 320 1535 suit
334 1478 369 1534 ab
383 1476 464 1533 initio
486 1493 550 1533 eum
573 1476 724 1534 sanxisse:
746 1478 822 1549 quod
848 1477 965 1550 quidem
979 1478 1128 1555 sapientie
1142 1478 1206 1554 ejus
1221 1496 1292 1536 con·

95 1594 197 1635 sonum
213 1573 332 1640 videtur,
347 1591 384 1631 ne
398 1590 463 1630 cum
479 1571 605 1630 civilium
621 1573 891 1649 rerumpublicarum
912 1573 1066 1651 legumque
1082 1575 1290 1634 mutationibus

95 1672 226 1732 materies
240 1669 409 1729 sacramenti
422 1669 554 1737 varietuu
577 1669 623 1727 vel
644 1669 793 1728 hominurn
808 1671 938 1729 voluntas
952 1672 983 1729 in
998 1672 1034 1730 iis
1048 1689 1114 1745 quae
1128 1681 1198 1730 suut
1211 1673 1292 1751 juris

93 1768 227 1831 naturalis
242 1766 319 1826 civili
339 1759 470 1844 potestati
484 1765 637 1842 subjaceat.

135 1872 184 1926 88.
210 1863 276 1944 otj.
292 1869 320 1923 5.
342 1863 405 1938 Lex
429 1863 521 1921 civilis
549 1862 672 1923 declarat
695 1865 829 1944 conjugia
855 1866 934 1926 irrita
960 1883 1142 1941 quocumque
1163 1867 1218 1925 sub
1247 1885 1291 1927 re-

79 1975 206 2046 ,spectm
221 1972 250 2022 et
263 1961 297 2020 ad
312 1961 384 2019 lines
399 1960 551 2035 quoslibet.

133 2063 222 2142 Resp.
244 2060 331 2119 Fines
356 2058 455 2117 ciuiles
476 2057 561 2135 plane
585 2067 695 2135 spectet
715 2058 773 2126 lex,
789 2058 824 2117 de
846 2058 1029 2118 conscientie
1050 2059 1173 2136 negotiis
1187 2078 1294 2137 parum

93 2161 214 2229 solicita,
236 2176 301 2232 quae
322 2165 380 2215 tota
400 2164 467 2214 sunt
487 2153 669 2231 dijudicanda
688 2156 772 2233 juxta
793 2155 903 2214 divinas
924 2166 954 2214 et
973 2156 1185 2215 ecclesiasticas
1206 2176 1293 2217 sauc-

92 2260 195 2319 tiones.
236 2254 285 2313 Ex
310 2253 373 2329 ipsa
392 2249 465 2327 legis
487 2259 585 2308 natura
608 2261 692 2328 prout
715 2252 923 2331 ajurisperitis
948 2252 1141 2312 celeberrimis
1156 2252 1307 2324 traditur,-

93 2355 158 2416 hoec
179 2352 321 2413 derivatur
333 2347 501 2407 distinctio.²
1151 2366 1155 2373 ’

564 2525 852 2568 ANIMADVERSIONEB·

133 2678 183 2732 84.
205 2669 355 2731 Vindicate
369 2668 511 2728 Ecclesia
524 2676 662 2745 potestate
683 2665 873 2736 constituendi
894 2666 1099 2745 impedimenta
1113 2667 1289 2736 dirimentis,

95 2791 178 2846 quam
194 2771 270 2830 civili
285 2769 415 2847 potestati
438 2786 496 2826 non
518 2775 680 2843 competere
701 2765 891 2834 ostendimus,
905 2767 997 2841 liquet
1010 2767 1152 2825 Ecclesia
1168 2767 1289 2826 nomine

93 2869 212 2946 intelligi
235 2867 296 2943 ejus
311 2874 445 2933 rectores,
461 2863 597 2941 presules
612 2862 731 2931 scilicet,
757 2862 912 2940 prasertim
937 2863 1090 2922 Summum
1104 2861 1291 2922 Pontificem.

91 2967 173 3025 Voce
193 2963 307 3023 ludebat
325 2962 483 3038 Leunojus,
512 2978 546 3018 ea
570 2959 713 3037 designari
736 2959 880 3036 principes
909 2958 1009 3018 civiles
1030 2959 1187 3018 affirmans.
1230 2959 1291 3018 Sed

92 3084 179 3141 quum
195 3082 240 3123 res
255 3082 305 3140 per
318 3079 350 3119 se
365 3070 467 3139 pateat,
482 3060 512 3117 in
526 3078 559 3117 ea
573 3058 741 3117 vindicanda
762 3068 860 3117 contra
881 3059 1070 3117 recentiorum
1086 3057 1228 3131 quasdam
1243 3077 1289 3117 ca·

97 3161 256 3220 villationes
271 3157 346 3217 haud
361 3165 442 3215 uacat
455 3155 609 3214 immorari.

121 3266 169 3320 85.
183 3259 317 3317 Oenones
329 3253 515 3312 Tridentinus
527 3250 562 3309 de
574 3261 711 3327 potestate
719 3252 859 3311 Ecclesia
867 3253 897 3310 in
905 3249 1062 3310 statuendis
1074 3251 1291 3328 impedimentis

90 3356 266 3434 dogmaticos
280 3369 355 3419 esse,
370 3369 407 3408 ex
421 3349 492 3426 ipsis
514 3365 612 3405 eorum
628 3348 720 3405 verbis
743 3348 894 3425 colligitur,
919 3366 986 3406 nam
1012 3346 1163 3406 anathema
1184 3347 1289 3408 dicitur

43 3490 46 3500 ·
92 3454 206 3532 neganti
220 3450 382 3511 Ecclesiam
398 3455 535 3525 potestate
550 3446 598 3504 illa
611 3465 717 3514 carere,
731 3447 777 3504 uel
797 3448 827 3506 in
848 3445 1054 3505 constituendis
1069 3445 1287 3523 impedimentis

92 3569 210 3610 errasse.
252 3547 465 3607 Pramittuntur
483 3545 568 3602 edam
583 3544 668 3602 verba
682 3544 784 3617 quibus
799 3555 892 3621 patres
913 3544 1040 3602 animum
1055 3562 1139 3602 suum
1155 3562 1220 3602 esse
1233 3554 1290 3603 tes·

89 3661 191 3712 mutar,
217 3645 387 3720 insigniores
401 3646 525 3702 hareses
539 3652 568 3700 et
590 3659 700 3699 errores
720 3642 919 3700 exterminare.
961 3641 1005 3700 lta
1018 3641 1104 3700 etiam
1120 3640 1207 3700 hebet
1220 3661 1284 3701 sen·

94 3763 144 3803 sus
159 3740 405 3802 totiusEcclesia.
1165 3816 1169 3822 ῃ

131 3845 180 3901 86.
204 3839 324 3899 Corratat
346 3855 460 3911 quoque
481 3845 574 3913 patres
596 3835 781 3894 Tridentinus
802 3836 913 3894 locutos
934 3854 999 3895 esse
1014 3836 1051 3895 de
1066 3846 1206 3913 potestate
1222 3856 1287 3911 qua

95 3939 235 4001 Ecclesia
250 3948 303 4003 est,
318 3954 372 3993 nec
392 3935 444 3992 niti
458 3934 555 4007 aliqua
568 3934 729 4012 principum
750 3935 937 3993 concessione
951 3935 996 3993 sel
1015 3953 1147 4003 assensu,
1162 3935 1286 4011 ideoque

97 4043 333 4098 contrementem
348 4043 458 4110 patrum
474 4034 548 4090 hano
568 4033 756 4109 excogitatam
771 4033 856 4110 hujus
872 4035 1019 4109 potestatis
1032 4034 1184 4111 originem.
1226 4037 1290 4095 Me·

95 4133 149 4191 rito
158 4134 242 4211 igitur
252 4128 323 4190 Pius
336 4128 389 4187 VI.
403 4127 546 4186 damnavit
559 4125 763 4188 Pistoriensem
776 4128 921 4206 synodum
935 4130 1057 4189 solemni
1071 4129 1198 4201 decreto,
1212 4133 1290 4206 quod

123 4308 163 4372 (1)
192 4307 293 4361 Mimm,
305 4306 439 4356 libertatem
447 4303 602 4360 matrimonii,
614 4320 688 4368 quam
699 4304 811 4355 Ecclesia
821 4303 981 4356 mactisumis
998 4305 1167 4357 auctionibus
1178 4309 1292 4373 munivit,

92 4391 212 4442 minutam
232 4408 246 4442 a
264 4391 440 4442 recentioribus
452 4390 659 4452 legumlatoribus,
680 4391 723 4454 qui
745 4391 912 4440 Romanorum
932 4391 1095 4442 Ethnicorum
1117 4393 1184 4456 leges
1202 4394 1293 4447 imitari

90 4479 237 4530 meluerunt.
272 4479 373 4540 Quanto
384 4479 472 4528 melius
484 4477 636 4538 singulorum
644 4478 742 4542 juribus
750 4475 948 4542 semper'studuit
959 4478 1077 4529 Ecclesia!

129 4565 172 4630 (t)
191 4572 206 4598 ‘⁴
217 4565 357 4629 Municipal
367 4566 416 4616 law
426 4565 448 4614 is
460 4565 533 4615 srule
545 4563 574 4614 ol
580 4563 639 4616 cisti
653 4563 758 4616 madoci
774 4563 909 4630 prescribed
920 4565 953 4629 by
963 4564 1005 4616 the
1016 4579 1129 4630 supreme
1139 4578 1226 4631 power
1235 4566 1265 4618 ot
1276 4583 1293 4640 α,

97 4649 182 4703 stute.”
214 4651 370 4702 Blackstone.
1101 4664 1103 4669 ·
