<?xml version="1.0" encoding="UTF-8"?>
<!DOCTYPE html PUBLIC "-//W3C//DTD XHTML 1.0 Transitional//EN"
    "http://www.w3.org/TR/xhtml1/DTD/xhtml1-transitional.dtd">
<html xmlns="http://www.w3.org/1999/xhtml" xml:lang="en" lang="en">
 <head>
  <title>
</title>
<meta http-equiv="Content-Type" content="text/html;charset=utf-8" />
  <meta name='ocr-system' content='tesseract 3.04.00' />
  <meta name='ocr-capabilities' content='ocr_page ocr_carea ocr_par ocr_line ocrx_word'/>
</head>
<body>
  <div class='ocr_page' id='page_1' title='image "./theologidogmati02kenrgoog_0177.png"; bbox 0 0 2798 5092; ppageno 0'>
   <div class='ocr_carea' id='block_1_1' title="bbox 93 309 1063 373">
    <p class='ocr_par' dir='ltr' id='par_1_1' title="bbox 93 309 1063 373">
     <span class='ocr_line' id='line_1_1' title="bbox 93 309 1063 373; baseline 0 -3"><span class='ocrx_word' id='word_1_1' title='bbox 93 316 148 372; x_wconf 75' lang='lat'><strong>174</strong></span> <span class='ocrx_word' id='word_1_2' title='bbox 307 310 364 373; x_wconf 74' lang='lat' dir='ltr'><strong>nu</strong></span> <span class='ocrx_word' id='word_1_3' title='bbox 384 309 647 373; x_wconf 71' lang='lat' dir='ltr'><strong>Breucuruus</strong></span> <span class='ocrx_word' id='word_1_4' title='bbox 667 309 1063 373; x_wconf 78' lang='lat' dir='ltr'><strong>SAORAMEN&#39;I&#39;ORUM.</strong></span> 
     </span>
    </p>
   </div>
   <div class='ocr_carea' id='block_1_2' title="bbox 593 492 879 566">
    <p class='ocr_par' dir='ltr' id='par_1_2' title="bbox 593 492 879 566">
     <span class='ocr_line' id='line_1_2' title="bbox 593 492 879 566; baseline -0.003 0"><span class='ocrx_word' id='word_1_5' title='bbox 593 524 824 566; x_wconf 72' lang='lat' dir='ltr'><strong>cummunicare.</strong></span> <span class='ocrx_word' id='word_1_6' title='bbox 876 492 879 499; x_wconf 65' lang='grc'><strong>’</strong></span> 
     </span>
    </p>
   </div>
   <div class='ocr_carea' id='block_1_3' title="bbox 89 664 1295 1522">
    <p class='ocr_par' dir='ltr' id='par_1_3' title="bbox 89 664 1295 1522">
     <span class='ocr_line' id='line_1_3' title="bbox 133 664 1282 743; baseline -0.003 -16"><span class='ocrx_word' id='word_1_7' title='bbox 133 669 181 727; x_wconf 81' lang='grc'><strong>67.</strong></span> <span class='ocrx_word' id='word_1_8' title='bbox 204 664 361 725; x_wconf 87' lang='lat' dir='ltr'><strong>Deficiente</strong></span> <span class='ocrx_word' id='word_1_9' title='bbox 373 665 535 725; x_wconf 88' lang='lat' dir='ltr'><strong>necessaria</strong></span> <span class='ocrx_word' id='word_1_10' title='bbox 553 664 640 723; x_wconf 92' lang='lat' dir='ltr'><strong>animi</strong></span> <span class='ocrx_word' id='word_1_11' title='bbox 655 664 843 741; x_wconf 75' lang='lat' dir='ltr'><strong>dispositione</strong></span> <span class='ocrx_word' id='word_1_12' title='bbox 858 666 888 724; x_wconf 93' lang='lat' dir='ltr'><strong>in</strong></span> <span class='ocrx_word' id='word_1_13' title='bbox 908 665 1012 725; x_wconf 88' lang='lat' dir='ltr'><strong>adultis</strong></span> <span class='ocrx_word' id='word_1_14' title='bbox 1027 665 1072 723; x_wconf 92' lang='lat' dir='ltr'><strong>sui</strong></span> <span class='ocrx_word' id='word_1_15' title='bbox 1086 665 1282 743; x_wconf 89' lang='lat' dir='ltr'><strong>compotibus,</strong></span> 
     </span>
     <span class='ocr_line' id='line_1_4' title="bbox 94 759 1292 839; baseline -0.004 -15"><span class='ocrx_word' id='word_1_16' title='bbox 94 773 123 824; x_wconf 88' lang='lat' dir='ltr'><strong>et</strong></span> <span class='ocrx_word' id='word_1_17' title='bbox 136 763 218 823; x_wconf 89' lang='lat' dir='ltr'><strong>obice</strong></span> <span class='ocrx_word' id='word_1_18' title='bbox 231 762 297 821; x_wconf 90' lang='lat' dir='ltr'><strong>idec</strong></span> <span class='ocrx_word' id='word_1_19' title='bbox 309 761 433 838; x_wconf 87' lang='lat' dir='ltr'><strong>objecto,</strong></span> <span class='ocrx_word' id='word_1_20' title='bbox 447 761 537 838; x_wconf 86' lang='lat' dir='ltr'><strong>gratia</strong></span> <span class='ocrx_word' id='word_1_21' title='bbox 550 779 608 820; x_wconf 90' lang='lat' dir='ltr'><strong>non</strong></span> <span class='ocrx_word' id='word_1_22' title='bbox 622 761 862 830; x_wconf 65' lang='lat' dir='ltr'><strong>communicatum</strong></span> <span class='ocrx_word' id='word_1_23' title='bbox 884 761 936 820; x_wconf 89' lang='lat' dir='ltr'><strong>sed</strong></span> <span class='ocrx_word' id='word_1_24' title='bbox 957 761 1102 819; x_wconf 80' lang='lat' dir='ltr'>character</span> <span class='ocrx_word' id='word_1_25' title='bbox 1115 759 1292 839; x_wconf 81' lang='lat' dir='ltr'><strong>imprimitur</strong></span> 
     </span>
     <span class='ocr_line' id='line_1_5' title="bbox 94 859 1292 937; baseline -0.004 -15"><span class='ocrx_word' id='word_1_26' title='bbox 94 863 260 935; x_wconf 77' lang='lat' dir='ltr'><strong>tribusque</strong></span> <span class='ocrx_word' id='word_1_27' title='bbox 281 877 351 919; x_wconf 85' lang='lat' dir='ltr'><strong>mox</strong></span> <span class='ocrx_word' id='word_1_28' title='bbox 363 860 561 919; x_wconf 83' lang='lat' dir='ltr'><strong>recensuimus</strong></span> <span class='ocrx_word' id='word_1_29' title='bbox 572 859 770 918; x_wconf 85' lang='lat' dir='ltr'><strong>aeramentis.</strong></span> <span class='ocrx_word' id='word_1_30' title='bbox 811 860 909 933; x_wconf 79' lang='lat' dir='ltr'><strong>Atqui</strong></span> <span class='ocrx_word' id='word_1_31' title='bbox 924 877 1097 918; x_wconf 90' lang='lat' dir='ltr'><strong>consensum</strong></span> <span class='ocrx_word' id='word_1_32' title='bbox 1111 860 1228 937; x_wconf 86' lang='lat' dir='ltr'><strong>penitus</strong></span> <span class='ocrx_word' id='word_1_33' title='bbox 1242 859 1292 917; x_wconf 91' lang='lat' dir='ltr'><strong>de·</strong></span> 
     </span>
     <span class='ocr_line' id='line_1_6' title="bbox 94 954 1288 1037; baseline -0.006 -17"><span class='ocrx_word' id='word_1_34' title='bbox 94 964 363 1037; x_wconf 87' lang='lat' dir='ltr'><strong>uegatsacramento</strong></span> <span class='ocrx_word' id='word_1_35' title='bbox 371 954 568 1032; x_wconf 87' lang='lat' dir='ltr'><strong>suscipiendo,</strong></span> <span class='ocrx_word' id='word_1_36' title='bbox 577 973 613 1013; x_wconf 91' lang='lat' dir='ltr'><strong>ne</strong></span> <span class='ocrx_word' id='word_1_37' title='bbox 622 954 812 1013; x_wconf 86' lang='lat' dir='ltr'><strong>characterem</strong></span> <span class='ocrx_word' id='word_1_38' title='bbox 824 954 939 1028; x_wconf 88' lang='lat' dir='ltr'><strong>quidem</strong></span> <span class='ocrx_word' id='word_1_39' title='bbox 951 955 1071 1032; x_wconf 76' lang='lat' dir='ltr'><strong>recipit:</strong></span> <span class='ocrx_word' id='word_1_40' title='bbox 1088 963 1108 991; x_wconf 87' lang='grc'>“</span> <span class='ocrx_word' id='word_1_41' title='bbox 1120 955 1173 1013; x_wconf 91' lang='lat' dir='ltr'><strong>llle</strong></span> <span class='ocrx_word' id='word_1_42' title='bbox 1184 954 1288 1022; x_wconf 85' lang='lat' dir='ltr'><strong>rerc,’&#39;</strong></span> 
     </span>
     <span class='ocr_line' id='line_1_7' title="bbox 89 1051 1290 1130; baseline -0.002 -16"><span class='ocrx_word' id='word_1_43' title='bbox 89 1057 188 1130; x_wconf 77' lang='lat' dir='ltr'><strong>‚iuquit</strong></span> <span class='ocrx_word' id='word_1_44' title='bbox 213 1051 397 1115; x_wconf 76' lang='lat' dir='ltr'><strong>Innocentius</strong></span> <span class='ocrx_word' id='word_1_45' title='bbox 428 1051 495 1121; x_wconf 83' lang='lat'><strong>111,</strong></span> <span class='ocrx_word' id='word_1_46' title='bbox 518 1061 538 1089; x_wconf 79' lang='lat'><strong>‘⁶</strong></span> <span class='ocrx_word' id='word_1_47' title='bbox 551 1053 600 1127; x_wconf 87' lang='lat' dir='ltr'><strong>qni</strong></span> <span class='ocrx_word' id='word_1_48' title='bbox 620 1071 777 1126; x_wconf 80' lang='lat' dir='ltr'><strong>numquam</strong></span> <span class='ocrx_word' id='word_1_49' title='bbox 798 1053 941 1111; x_wconf 77' lang='lat' dir='ltr'><strong>consentit</strong></span> <span class='ocrx_word' id='word_1_50' title='bbox 957 1051 1018 1123; x_wconf 67' lang='lat' dir='ltr'><strong>⁴sed</strong></span> <span class='ocrx_word' id='word_1_51' title='bbox 1040 1053 1154 1129; x_wconf 91' lang='lat' dir='ltr'><strong>penitus</strong></span> <span class='ocrx_word' id='word_1_52' title='bbox 1176 1063 1290 1112; x_wconf 87' lang='lat' dir='ltr'><strong>contra·</strong></span> 
     </span>
     <span class='ocr_line' id='line_1_8' title="bbox 95 1149 1293 1229; baseline -0.003 -15"><span class='ocrx_word' id='word_1_53' title='bbox 95 1154 173 1221; x_wconf 90' lang='lat' dir='ltr'><strong>dicit,</strong></span> <span class='ocrx_word' id='word_1_54' title='bbox 187 1170 241 1213; x_wconf 89' lang='lat' dir='ltr'><strong>nec</strong></span> <span class='ocrx_word' id='word_1_55' title='bbox 254 1170 315 1210; x_wconf 90' lang='lat' dir='ltr'><strong>rem</strong></span> <span class='ocrx_word' id='word_1_56' title='bbox 329 1169 383 1211; x_wconf 87' lang='lat' dir='ltr'><strong>nec</strong></span> <span class='ocrx_word' id='word_1_57' title='bbox 397 1150 587 1209; x_wconf 81' lang='lat' dir='ltr'><strong>characterem</strong></span> <span class='ocrx_word' id='word_1_58' title='bbox 602 1151 724 1228; x_wconf 87' lang='lat' dir='ltr'><strong>suscipit</strong></span> <span class='ocrx_word' id='word_1_59' title='bbox 748 1149 964 1210; x_wconf 82' lang='lat' dir='ltr'><strong>sacramenti.”²</strong></span> <span class='ocrx_word' id='word_1_60' title='bbox 1003 1150 1124 1228; x_wconf 80' lang='lat' dir='ltr'><strong>Singula</strong></span> <span class='ocrx_word' id='word_1_61' title='bbox 1144 1150 1293 1229; x_wconf 84' lang='lat' dir='ltr'><strong>explicare</strong></span> 
     </span>
     <span class='ocr_line' id='line_1_9' title="bbox 95 1245 1295 1326; baseline 0 -18"><span class='ocrx_word' id='word_1_62' title='bbox 95 1251 199 1323; x_wconf 90' lang='lat' dir='ltr'><strong>quibus</strong></span> <span class='ocrx_word' id='word_1_63' title='bbox 210 1250 322 1309; x_wconf 83' lang='lat' dir='ltr'><strong>animus</strong></span> <span class='ocrx_word' id='word_1_64' title='bbox 332 1247 546 1326; x_wconf 77' lang='lat' dir='ltr'><strong>preparaturad</strong></span> <span class='ocrx_word' id='word_1_65' title='bbox 555 1248 725 1307; x_wconf 88' lang='lat' dir='ltr'><strong>sacramenti</strong></span> <span class='ocrx_word' id='word_1_66' title='bbox 732 1248 849 1326; x_wconf 84' lang='lat' dir='ltr'><strong>gratiam</strong></span> <span class='ocrx_word' id='word_1_67' title='bbox 861 1245 1079 1321; x_wconf 74' lang='lat' dir='ltr'><strong>assequendam,</strong></span> <span class='ocrx_word' id='word_1_68' title='bbox 1092 1249 1295 1326; x_wconf 82' lang='lat' dir='ltr'><strong>theologorum</strong></span> 
     </span>
     <span class='ocr_line' id='line_1_10' title="bbox 95 1344 1295 1423; baseline -0.002 -17"><span class='ocrx_word' id='word_1_69' title='bbox 95 1347 256 1409; x_wconf 88' lang='lat' dir='ltr'><strong>ethicorum</strong></span> <span class='ocrx_word' id='word_1_70' title='bbox 279 1356 339 1409; x_wconf 88' lang='lat' dir='ltr'><strong>est:</strong></span> <span class='ocrx_word' id='word_1_71' title='bbox 361 1344 413 1410; x_wconf 84' lang='lat' dir='ltr'><strong>sed</strong></span> <span class='ocrx_word' id='word_1_72' title='bbox 428 1357 456 1404; x_wconf 92' lang='lat' dir='ltr'><strong>et</strong></span> <span class='ocrx_word' id='word_1_73' title='bbox 470 1345 605 1423; x_wconf 87' lang='lat' dir='ltr'><strong>pleraque</strong></span> <span class='ocrx_word' id='word_1_74' title='bbox 619 1345 765 1423; x_wconf 87' lang='lat' dir='ltr'><strong>attigimus</strong></span> <span class='ocrx_word' id='word_1_75' title='bbox 779 1345 847 1406; x_wconf 90' lang='lat' dir='ltr'><strong>dum</strong></span> <span class='ocrx_word' id='word_1_76' title='bbox 869 1344 905 1403; x_wconf 90' lang='lat' dir='ltr'><strong>de</strong></span> <span class='ocrx_word' id='word_1_77' title='bbox 925 1364 1098 1419; x_wconf 89' lang='lat' dir='ltr'><strong>unoquoque</strong></span> <span class='ocrx_word' id='word_1_78' title='bbox 1112 1358 1295 1406; x_wconf 87' lang='lat' dir='ltr'><strong>sacramento</strong></span> 
     </span>
     <span class='ocr_line' id='line_1_11' title="bbox 97 1459 237 1522; baseline 0.007 -17"><span class='ocrx_word' id='word_1_79' title='bbox 97 1459 237 1522; x_wconf 80' lang='lat' dir='ltr'><strong>ageretur.</strong></span> 
     </span>
    </p>
   </div>
   <div class='ocr_carea' id='block_1_4' title="bbox 415 1859 973 1936">
    <p class='ocr_par' dir='ltr' id='par_1_4' title="bbox 415 1859 973 1936">
     <span class='ocr_line' id='line_1_12' title="bbox 415 1859 973 1936; baseline -0.002 -17"><span class='ocrx_word' id='word_1_80' title='bbox 415 1863 441 1936; x_wconf 86' lang='lat'><strong>§.</strong></span> <span class='ocrx_word' id='word_1_81' title='bbox 456 1860 494 1919; x_wconf 93' lang='lat' dir='ltr'><strong>ll.</strong></span> <span class='ocrx_word' id='word_1_82' title='bbox 518 1859 566 1918; x_wconf 83' lang='lat' dir='ltr'><strong>Du</strong></span> <span class='ocrx_word' id='word_1_83' title='bbox 580 1876 745 1918; x_wconf 75' lang='lat' dir='ltr'><strong>vennenses</strong></span> <span class='ocrx_word' id='word_1_84' title='bbox 760 1878 973 1921; x_wconf 71' lang='lat' dir='ltr'><strong>sscnmnnrrs.</strong></span> 
     </span>
    </p>
   </div>
   <div class='ocr_carea' id='block_1_5' title="bbox 34 2035 1301 4353">
    <p class='ocr_par' dir='ltr' id='par_1_5' title="bbox 34 2035 1301 4353">
     <span class='ocr_line' id='line_1_13' title="bbox 139 2035 1299 2114; baseline -0.001 -18"><span class='ocrx_word' id='word_1_85' title='bbox 139 2041 188 2097; x_wconf 80' lang='grc'><strong>68.</strong></span> <span class='ocrx_word' id='word_1_86' title='bbox 211 2036 431 2097; x_wconf 81' lang='lat' dir='ltr'><strong>Oousuercrunt</strong></span> <span class='ocrx_word' id='word_1_87' title='bbox 446 2036 572 2114; x_wconf 88' lang='lat' dir='ltr'><strong>theologi</strong></span> <span class='ocrx_word' id='word_1_88' title='bbox 588 2036 662 2094; x_wconf 89' lang='lat' dir='ltr'><strong>inter</strong></span> <span class='ocrx_word' id='word_1_89' title='bbox 674 2048 851 2096; x_wconf 87' lang='lat' dir='ltr'><strong>sacramenta</strong></span> <span class='ocrx_word' id='word_1_90' title='bbox 871 2037 975 2096; x_wconf 85' lang='lat' dir='ltr'><strong>veteris</strong></span> <span class='ocrx_word' id='word_1_91' title='bbox 990 2045 1018 2094; x_wconf 91' lang='lat' dir='ltr'><strong>et</strong></span> <span class='ocrx_word' id='word_1_92' title='bbox 1031 2053 1112 2095; x_wconf 80' lang='lat' dir='ltr'><strong>norm</strong></span> <span class='ocrx_word' id='word_1_93' title='bbox 1126 2035 1201 2113; x_wconf 87' lang='lat' dir='ltr'><strong>legis</strong></span> <span class='ocrx_word' id='word_1_94' title='bbox 1216 2037 1299 2097; x_wconf 86' lang='lat' dir='ltr'><strong>insti·</strong></span> 
     </span>
     <span class='ocr_line' id='line_1_14' title="bbox 34 2127 1297 2212; baseline -0.001 -19"><span class='ocrx_word' id='word_1_95' title='bbox 34 2127 39 2135; x_wconf 78' lang='grc'><strong>’</strong></span> <span class='ocrx_word' id='word_1_96' title='bbox 98 2146 176 2194; x_wconf 91' lang='lat' dir='ltr'><strong>tuere</strong></span> <span class='ocrx_word' id='word_1_97' title='bbox 201 2136 443 2212; x_wconf 88' lang='lat' dir='ltr'><strong>comparationem</strong></span> <span class='ocrx_word' id='word_1_98' title='bbox 467 2145 498 2191; x_wconf 92' lang='lat' dir='ltr'><strong>ut</strong></span> <span class='ocrx_word' id='word_1_99' title='bbox 519 2133 621 2192; x_wconf 85' lang='lat' dir='ltr'><strong>horum</strong></span> <span class='ocrx_word' id='word_1_100' title='bbox 643 2135 809 2209; x_wconf 83' lang='lat' dir='ltr'><strong>praestantia</strong></span> <span class='ocrx_word' id='word_1_101' title='bbox 830 2135 921 2210; x_wconf 87' lang='lat' dir='ltr'><strong>magis</strong></span> <span class='ocrx_word' id='word_1_102' title='bbox 943 2135 1093 2211; x_wconf 86' lang='lat' dir='ltr'><strong>magisque</strong></span> <span class='ocrx_word' id='word_1_103' title='bbox 1114 2133 1297 2195; x_wconf 85' lang='lat' dir='ltr'><strong>claresceret.</strong></span> 
     </span>
     <span class='ocr_line' id='line_1_15' title="bbox 98 2230 1298 2308; baseline 0.002 -19"><span class='ocrx_word' id='word_1_104' title='bbox 98 2231 167 2308; x_wconf 89' lang='lat' dir='ltr'><strong>Ipsa</strong></span> <span class='ocrx_word' id='word_1_105' title='bbox 181 2233 283 2291; x_wconf 86' lang='lat' dir='ltr'><strong>veteris</strong></span> <span class='ocrx_word' id='word_1_106' title='bbox 297 2231 370 2308; x_wconf 91' lang='lat' dir='ltr'><strong>legis</strong></span> <span class='ocrx_word' id='word_1_107' title='bbox 385 2240 561 2288; x_wconf 90' lang='lat' dir='ltr'><strong>sacramenta</strong></span> <span class='ocrx_word' id='word_1_108' title='bbox 583 2230 739 2288; x_wconf 85' lang='lat' dir='ltr'><strong>contulisse</strong></span> <span class='ocrx_word' id='word_1_109' title='bbox 761 2231 880 2307; x_wconf 87' lang='lat' dir='ltr'><strong>gratiam</strong></span> <span class='ocrx_word' id='word_1_110' title='bbox 905 2230 1059 2289; x_wconf 90' lang='lat' dir='ltr'><strong>Durandus</strong></span> <span class='ocrx_word' id='word_1_111' title='bbox 1080 2242 1108 2289; x_wconf 90' lang='lat' dir='ltr'><strong>et</strong></span> <span class='ocrx_word' id='word_1_112' title='bbox 1128 2231 1298 2291; x_wconf 89' lang='lat' dir='ltr'><strong>Paludanus</strong></span> 
     </span>
     <span class='ocr_line' id='line_1_16' title="bbox 97 2327 1298 2405; baseline 0.003 -19"><span class='ocrx_word' id='word_1_113' title='bbox 97 2339 292 2396; x_wconf 88' lang='lat' dir='ltr'><strong>censuerunt;</strong></span> <span class='ocrx_word' id='word_1_114' title='bbox 314 2329 459 2405; x_wconf 88' lang='lat' dir='ltr'><strong>plerisque</strong></span> <span class='ocrx_word' id='word_1_115' title='bbox 482 2327 598 2387; x_wconf 84' lang='lat' dir='ltr'><strong>Schclae</strong></span> <span class='ocrx_word' id='word_1_116' title='bbox 622 2327 785 2386; x_wconf 88' lang='lat' dir='ltr'><strong>doctoribus</strong></span> <span class='ocrx_word' id='word_1_117' title='bbox 808 2329 838 2386; x_wconf 95' lang='lat' dir='ltr'><strong>in</strong></span> <span class='ocrx_word' id='word_1_118' title='bbox 859 2329 1029 2387; x_wconf 88' lang='lat' dir='ltr'><strong>contrariam</strong></span> <span class='ocrx_word' id='word_1_119' title='bbox 1044 2328 1216 2388; x_wconf 90' lang='lat' dir='ltr'><strong>abeuntibus</strong></span> <span class='ocrx_word' id='word_1_120' title='bbox 1230 2349 1298 2390; x_wconf 89' lang='lat' dir='ltr'><strong>seu·</strong></span> 
     </span>
     <span class='ocr_line' id='line_1_17' title="bbox 100 2423 1298 2502; baseline 0.003 -20"><span class='ocrx_word' id='word_1_121' title='bbox 100 2425 228 2482; x_wconf 88' lang='lat' dir='ltr'><strong>tentiam.</strong></span> <span class='ocrx_word' id='word_1_122' title='bbox 272 2423 542 2492; x_wconf 73' lang='lat' dir='ltr'><strong>circumcisionem,</strong></span> <span class='ocrx_word' id='word_1_123' title='bbox 563 2442 627 2497; x_wconf 83' lang='lat' dir='ltr'><strong>quae</strong></span> <span class='ocrx_word' id='word_1_124' title='bbox 641 2433 740 2500; x_wconf 90' lang='lat' dir='ltr'><strong>utpote</strong></span> <span class='ocrx_word' id='word_1_125' title='bbox 764 2425 885 2483; x_wconf 81' lang='lat' dir='ltr'><strong>Abrahae</strong></span> <span class='ocrx_word' id='word_1_126' title='bbox 906 2425 970 2483; x_wconf 91' lang='lat' dir='ltr'><strong>data</strong></span> <span class='ocrx_word' id='word_1_127' title='bbox 998 2427 1145 2502; x_wconf 74' lang='lat' dir='ltr'><strong>praecessit</strong></span> <span class='ocrx_word' id='word_1_128' title='bbox 1160 2428 1298 2487; x_wconf 86' lang='lat' dir='ltr'><strong>mosaicis</strong></span> 
     </span>
     <span class='ocr_line' id='line_1_18' title="bbox 98 2521 1298 2601; baseline 0.004 -20"><span class='ocrx_word' id='word_1_129' title='bbox 98 2522 245 2590; x_wconf 86' lang='lat' dir='ltr'><strong>institutis,</strong></span> <span class='ocrx_word' id='word_1_130' title='bbox 259 2521 394 2581; x_wconf 88' lang='lat' dir='ltr'><strong>habuisse</strong></span> <span class='ocrx_word' id='word_1_131' title='bbox 408 2524 467 2580; x_wconf 87' lang='lat' dir='ltr'><strong>vim</strong></span> <span class='ocrx_word' id='word_1_132' title='bbox 492 2523 674 2581; x_wconf 86' lang='lat' dir='ltr'><strong>intrinsecam</strong></span> <span class='ocrx_word' id='word_1_133' title='bbox 698 2533 846 2599; x_wconf 88' lang='lat' dir='ltr'><strong>peccatum</strong></span> <span class='ocrx_word' id='word_1_134' title='bbox 872 2524 990 2601; x_wconf 89' lang='lat' dir='ltr'><strong>originis</strong></span> <span class='ocrx_word' id='word_1_135' title='bbox 1012 2524 1130 2583; x_wconf 88' lang='lat' dir='ltr'><strong>tollendi</strong></span> <span class='ocrx_word' id='word_1_136' title='bbox 1151 2525 1184 2584; x_wconf 80' lang='lat' dir='ltr'><strong>S.</strong></span> <span class='ocrx_word' id='word_1_137' title='bbox 1202 2526 1298 2586; x_wconf 90' lang='lat' dir='ltr'><strong>Bona·</strong></span> 
     </span>
     <span class='ocr_line' id='line_1_19' title="bbox 99 2619 1297 2697; baseline 0.006 -19"><span class='ocrx_word' id='word_1_138' title='bbox 99 2630 216 2678; x_wconf 85' lang='lat' dir='ltr'><strong>ventura</strong></span> <span class='ocrx_word' id='word_1_139' title='bbox 240 2638 306 2678; x_wconf 90' lang='lat' dir='ltr'><strong>cnm</strong></span> <span class='ocrx_word' id='word_1_140' title='bbox 331 2619 396 2677; x_wconf 91' lang='lat' dir='ltr'><strong>aliis</strong></span> <span class='ocrx_word' id='word_1_141' title='bbox 416 2619 549 2697; x_wconf 89' lang='lat' dir='ltr'><strong>opinatus</strong></span> <span class='ocrx_word' id='word_1_142' title='bbox 570 2629 623 2677; x_wconf 91' lang='lat' dir='ltr'><strong>est.</strong></span> <span class='ocrx_word' id='word_1_143' title='bbox 666 2620 827 2679; x_wconf 84' lang='lat' dir='ltr'><strong>Novatores</strong></span> <span class='ocrx_word' id='word_1_144' title='bbox 842 2633 936 2680; x_wconf 89' lang='lat' dir='ltr'><strong>autem</strong></span> <span class='ocrx_word' id='word_1_145' title='bbox 958 2624 1092 2682; x_wconf 90' lang='lat' dir='ltr'><strong>omnibus</strong></span> <span class='ocrx_word' id='word_1_146' title='bbox 1108 2628 1297 2685; x_wconf 91' lang='lat' dir='ltr'><strong>sacramentis</strong></span> 
     </span>
     <span class='ocr_line' id='line_1_20' title="bbox 96 2717 1296 2794; baseline 0.007 -18"><span class='ocrx_word' id='word_1_147' title='bbox 96 2718 270 2794; x_wconf 86' lang='lat' dir='ltr'><strong>denegantes</strong></span> <span class='ocrx_word' id='word_1_148' title='bbox 297 2718 428 2777; x_wconf 86' lang='lat' dir='ltr'><strong>virtutem</strong></span> <span class='ocrx_word' id='word_1_149' title='bbox 451 2717 648 2786; x_wconf 87' lang='lat' dir='ltr'><strong>intrinsecam,</strong></span> <span class='ocrx_word' id='word_1_150' title='bbox 670 2736 744 2776; x_wconf 87' lang='lat' dir='ltr'><strong>nova</strong></span> <span class='ocrx_word' id='word_1_151' title='bbox 764 2739 781 2777; x_wconf 92' lang='lat' dir='ltr'><strong>a</strong></span> <span class='ocrx_word' id='word_1_152' title='bbox 801 2721 1069 2783; x_wconf 77' lang='lat' dir='ltr'><strong>veteribustantnm</strong></span> <span class='ocrx_word' id='word_1_153' title='bbox 1084 2722 1296 2793; x_wconf 88' lang='lat' dir='ltr'><strong>discernebant,</strong></span> 
     </span>
     <span class='ocr_line' id='line_1_21' title="bbox 99 2813 1296 2899; baseline 0.007 -27"><span class='ocrx_word' id='word_1_154' title='bbox 99 2813 176 2889; x_wconf 92' lang='lat' dir='ltr'><strong>quod</strong></span> <span class='ocrx_word' id='word_1_155' title='bbox 191 2815 253 2873; x_wconf 84' lang='lat' dir='ltr'><strong>haec</strong></span> <span class='ocrx_word' id='word_1_156' title='bbox 266 2815 330 2892; x_wconf 88' lang='lat' dir='ltr'><strong>typi</strong></span> <span class='ocrx_word' id='word_1_157' title='bbox 344 2815 437 2873; x_wconf 85' lang='lat' dir='ltr'><strong>serent</strong></span> <span class='ocrx_word' id='word_1_158' title='bbox 458 2814 664 2892; x_wconf 88' lang='lat' dir='ltr'><strong>redemptionis</strong></span> <span class='ocrx_word' id='word_1_159' title='bbox 685 2815 796 2884; x_wconf 73' lang='lat' dir='ltr'><strong>future,</strong></span> <span class='ocrx_word' id='word_1_160' title='bbox 811 2815 963 2895; x_wconf 87' lang='lat' dir='ltr'><strong>illa·signa</strong></span> <span class='ocrx_word' id='word_1_161' title='bbox 983 2818 1014 2875; x_wconf 93' lang='lat' dir='ltr'><strong>in</strong></span> <span class='ocrx_word' id='word_1_162' title='bbox 1034 2820 1204 2879; x_wconf 90' lang='lat' dir='ltr'><strong>memoriam</strong></span> <span class='ocrx_word' id='word_1_163' title='bbox 1219 2822 1296 2899; x_wconf 89' lang='lat' dir='ltr'><strong>ejus·</strong></span> 
     </span>
     <span class='ocr_line' id='line_1_22' title="bbox 100 2911 1294 2992; baseline 0.007 -22"><span class='ocrx_word' id='word_1_164' title='bbox 100 2913 166 2970; x_wconf 89' lang='lat' dir='ltr'><strong>dem</strong></span> <span class='ocrx_word' id='word_1_165' title='bbox 182 2925 311 2988; x_wconf 76' lang='lat' dir='ltr'><strong>peracte.</strong></span> <span class='ocrx_word' id='word_1_166' title='bbox 353 2911 466 2971; x_wconf 90' lang='lat' dir='ltr'><strong>Horum</strong></span> <span class='ocrx_word' id='word_1_167' title='bbox 481 2931 605 2971; x_wconf 89' lang='lat' dir='ltr'><strong>errorem</strong></span> <span class='ocrx_word' id='word_1_168' title='bbox 620 2911 790 2972; x_wconf 88' lang='lat' dir='ltr'><strong>damnarunt</strong></span> <span class='ocrx_word' id='word_1_169' title='bbox 803 2914 967 2986; x_wconf 83' lang='lat' dir='ltr'><strong>Tridentini</strong></span> <span class='ocrx_word' id='word_1_170' title='bbox 981 2924 1087 2992; x_wconf 90' lang='lat' dir='ltr'><strong>patres,</strong></span> <span class='ocrx_word' id='word_1_171' title='bbox 1107 2917 1294 2979; x_wconf 90' lang='lat' dir='ltr'><strong>scholastico-</strong></span> 
     </span>
     <span class='ocr_line' id='line_1_23' title="bbox 98 3007 1295 3091; baseline 0.005 -23"><span class='ocrx_word' id='word_1_172' title='bbox 98 3029 163 3068; x_wconf 89' lang='lat' dir='ltr'><strong>rum</strong></span> <span class='ocrx_word' id='word_1_173' title='bbox 182 3009 278 3068; x_wconf 90' lang='lat' dir='ltr'><strong>litibus</strong></span> <span class='ocrx_word' id='word_1_174' title='bbox 300 3007 377 3069; x_wconf 88' lang='lat' dir='ltr'><strong>haud</strong></span> <span class='ocrx_word' id='word_1_175' title='bbox 389 3008 556 3088; x_wconf 89' lang='lat' dir='ltr'><strong>diremptis:</strong></span> <span class='ocrx_word' id='word_1_176' title='bbox 599 3010 664 3068; x_wconf 87' lang='lat' dir='ltr'><strong>“Si</strong></span> <span class='ocrx_word' id='word_1_177' title='bbox 686 3011 750 3085; x_wconf 90' lang='lat' dir='ltr'><strong>quis</strong></span> <span class='ocrx_word' id='word_1_178' title='bbox 764 3010 870 3070; x_wconf 83' lang='lat' dir='ltr'><strong>dixerit</strong></span> <span class='ocrx_word' id='word_1_179' title='bbox 888 3030 925 3069; x_wconf 89' lang='lat' dir='ltr'><strong>ea</strong></span> <span class='ocrx_word' id='word_1_180' title='bbox 936 3011 1000 3088; x_wconf 91' lang='lat' dir='ltr'><strong>ipsa</strong></span> <span class='ocrx_word' id='word_1_181' title='bbox 1013 3030 1095 3071; x_wconf 84' lang='lat' dir='ltr'><strong>uovre</strong></span> <span class='ocrx_word' id='word_1_182' title='bbox 1115 3010 1189 3091; x_wconf 89' lang='lat' dir='ltr'><strong>legis</strong></span> <span class='ocrx_word' id='word_1_183' title='bbox 1204 3033 1295 3074; x_wconf 86' lang='lat' dir='ltr'><strong>sacra·</strong></span> 
     </span>
     <span class='ocr_line' id='line_1_24' title="bbox 101 3106 1298 3182; baseline 0.002 -15"><span class='ocrx_word' id='word_1_184' title='bbox 101 3118 199 3167; x_wconf 88' lang='lat' dir='ltr'><strong>menta</strong></span> <span class='ocrx_word' id='word_1_185' title='bbox 213 3125 230 3163; x_wconf 92' lang='lat' dir='ltr'><strong>a</strong></span> <span class='ocrx_word' id='word_1_186' title='bbox 243 3107 428 3166; x_wconf 89' lang='lat' dir='ltr'><strong>sacramentis</strong></span> <span class='ocrx_word' id='word_1_187' title='bbox 442 3106 565 3178; x_wconf 89' lang='lat' dir='ltr'><strong>antiquae</strong></span> <span class='ocrx_word' id='word_1_188' title='bbox 579 3106 650 3182; x_wconf 88' lang='lat' dir='ltr'><strong>legis</strong></span> <span class='ocrx_word' id='word_1_189' title='bbox 665 3124 723 3165; x_wconf 91' lang='lat' dir='ltr'><strong>non</strong></span> <span class='ocrx_word' id='word_1_190' title='bbox 744 3106 868 3175; x_wconf 82' lang='lat' dir='ltr'><strong>differre,</strong></span> <span class='ocrx_word' id='word_1_191' title='bbox 883 3107 938 3165; x_wconf 90' lang='lat' dir='ltr'><strong>nisi</strong></span> <span class='ocrx_word' id='word_1_192' title='bbox 960 3107 1027 3180; x_wconf 90' lang='lat' dir='ltr'><strong>quia</strong></span> <span class='ocrx_word' id='word_1_193' title='bbox 1040 3109 1218 3168; x_wconf 74' lang='lat' dir='ltr'><strong>ceremonioe</strong></span> <span class='ocrx_word' id='word_1_194' title='bbox 1232 3120 1298 3169; x_wconf 90' lang='lat' dir='ltr'><strong>snut</strong></span> 
     </span>
     <span class='ocr_line' id='line_1_25' title="bbox 97 3203 1296 3284; baseline 0.003 -20"><span class='ocrx_word' id='word_1_195' title='bbox 97 3206 172 3273; x_wconf 75' lang='lat' dir='ltr'><strong>alie,</strong></span> <span class='ocrx_word' id='word_1_196' title='bbox 187 3205 276 3264; x_wconf 90' lang='lat' dir='ltr'><strong>etalii</strong></span> <span class='ocrx_word' id='word_1_197' title='bbox 289 3205 359 3263; x_wconf 90' lang='lat' dir='ltr'><strong>ritus</strong></span> <span class='ocrx_word' id='word_1_198' title='bbox 374 3204 495 3272; x_wconf 87' lang='lat' dir='ltr'><strong>externi,</strong></span> <span class='ocrx_word' id='word_1_199' title='bbox 511 3204 660 3263; x_wconf 89' lang='lat' dir='ltr'><strong>anathema</strong></span> <span class='ocrx_word' id='word_1_200' title='bbox 674 3203 757 3265; x_wconf 77' lang='lat' dir='ltr'><strong>sit.”⁵¹</strong></span> <span class='ocrx_word' id='word_1_201' title='bbox 786 3204 937 3283; x_wconf 87' lang='lat' dir='ltr'><strong>Eugenins</strong></span> <span class='ocrx_word' id='word_1_202' title='bbox 950 3207 980 3264; x_wconf 91' lang='lat' dir='ltr'><strong>in</strong></span> <span class='ocrx_word' id='word_1_203' title='bbox 995 3205 1119 3265; x_wconf 87' lang='lat' dir='ltr'><strong>Decreto</strong></span> <span class='ocrx_word' id='word_1_204' title='bbox 1130 3225 1183 3284; x_wconf 92' lang='lat' dir='ltr'><strong>pro</strong></span> <span class='ocrx_word' id='word_1_205' title='bbox 1197 3209 1296 3268; x_wconf 80' lang='lat' dir='ltr'><strong>Arme-</strong></span> 
     </span>
     <span class='ocr_line' id='line_1_26' title="bbox 97 3301 1298 3378; baseline 0.002 -16"><span class='ocrx_word' id='word_1_206' title='bbox 97 3305 143 3363; x_wconf 89' lang='lat' dir='ltr'><strong>uis</strong></span> <span class='ocrx_word' id='word_1_207' title='bbox 154 3303 190 3362; x_wconf 90' lang='lat' dir='ltr'><strong>de</strong></span> <span class='ocrx_word' id='word_1_208' title='bbox 204 3320 288 3362; x_wconf 85' lang='lat' dir='ltr'><strong>novae</strong></span> <span class='ocrx_word' id='word_1_209' title='bbox 302 3301 374 3378; x_wconf 89' lang='lat' dir='ltr'><strong>legis</strong></span> <span class='ocrx_word' id='word_1_210' title='bbox 387 3301 570 3359; x_wconf 87' lang='lat' dir='ltr'><strong>sacramentis</strong></span> <span class='ocrx_word' id='word_1_211' title='bbox 592 3301 713 3374; x_wconf 89' lang='lat' dir='ltr'><strong>loquens</strong></span> <span class='ocrx_word' id='word_1_212' title='bbox 727 3322 735 3361; x_wconf 84' lang='lat' dir='ltr'><strong>r</strong></span> <span class='ocrx_word' id='word_1_213' title='bbox 755 3303 914 3362; x_wconf 86' lang='lat' dir='ltr'><strong>“Multum</strong></span> <span class='ocrx_word' id='word_1_214' title='bbox 929 3324 945 3361; x_wconf 88' lang='lat' dir='ltr'><strong>a</strong></span> <span class='ocrx_word' id='word_1_215' title='bbox 960 3305 1147 3363; x_wconf 85' lang='lat' dir='ltr'><strong>sacrementis</strong></span> <span class='ocrx_word' id='word_1_216' title='bbox 1162 3304 1298 3366; x_wconf 83' lang='lat' dir='ltr'><strong>differunt</strong></span> 
     </span>
     <span class='ocr_line' id='line_1_27' title="bbox 98 3396 1297 3482; baseline 0.002 -22"><span class='ocrx_word' id='word_1_217' title='bbox 98 3400 221 3474; x_wconf 80' lang='lat' dir='ltr'><strong>antiquas</strong></span> <span class='ocrx_word' id='word_1_218' title='bbox 243 3398 325 3476; x_wconf 91' lang='lat' dir='ltr'><strong>legis.</strong></span> <span class='ocrx_word' id='word_1_219' title='bbox 367 3396 420 3457; x_wconf 93' lang='lat' dir='ltr'><strong>Illa</strong></span> <span class='ocrx_word' id='word_1_220' title='bbox 445 3396 524 3455; x_wconf 88' lang='lat' dir='ltr'><strong>enirn</strong></span> <span class='ocrx_word' id='word_1_221' title='bbox 547 3415 606 3459; x_wconf 86' lang='lat' dir='ltr'><strong>nou</strong></span> <span class='ocrx_word' id='word_1_222' title='bbox 634 3399 787 3457; x_wconf 83' lang='lat' dir='ltr'><strong>censebant</strong></span> <span class='ocrx_word' id='word_1_223' title='bbox 813 3399 942 3476; x_wconf 87' lang='lat' dir='ltr'><strong>gratiam,</strong></span> <span class='ocrx_word' id='word_1_224' title='bbox 963 3399 1015 3459; x_wconf 89' lang='lat' dir='ltr'><strong>sed</strong></span> <span class='ocrx_word' id='word_1_225' title='bbox 1036 3419 1099 3460; x_wconf 89' lang='lat' dir='ltr'><strong>earn</strong></span> <span class='ocrx_word' id='word_1_226' title='bbox 1127 3402 1223 3461; x_wconf 87' lang='lat' dir='ltr'><strong>solum</strong></span> <span class='ocrx_word' id='word_1_227' title='bbox 1244 3423 1297 3482; x_wconf 87' lang='lat' dir='ltr'><strong>per</strong></span> 
     </span>
     <span class='ocr_line' id='line_1_28' title="bbox 98 3491 1297 3572; baseline 0.008 -21"><span class='ocrx_word' id='word_1_228' title='bbox 98 3498 263 3571; x_wconf 88' lang='lat' dir='ltr'><strong>passionem</strong></span> <span class='ocrx_word' id='word_1_229' title='bbox 287 3494 398 3553; x_wconf 82' lang='lat' dir='ltr'><strong>Christi</strong></span> <span class='ocrx_word' id='word_1_230' title='bbox 419 3491 542 3552; x_wconf 89' lang='lat' dir='ltr'><strong>dandam</strong></span> <span class='ocrx_word' id='word_1_231' title='bbox 563 3513 628 3553; x_wconf 90' lang='lat' dir='ltr'><strong>esse</strong></span> <span class='ocrx_word' id='word_1_232' title='bbox 651 3494 827 3572; x_wconf 84' lang='lat' dir='ltr'><strong>figurabant:</strong></span> <span class='ocrx_word' id='word_1_233' title='bbox 849 3496 912 3554; x_wconf 84' lang='lat' dir='ltr'><strong>haec</strong></span> <span class='ocrx_word' id='word_1_234' title='bbox 942 3495 1008 3556; x_wconf 82' lang='lat' dir='ltr'><strong>verb</strong></span> <span class='ocrx_word' id='word_1_235' title='bbox 1037 3513 1134 3557; x_wconf 88' lang='lat' dir='ltr'><strong>nostra</strong></span> <span class='ocrx_word' id='word_1_236' title='bbox 1153 3511 1183 3558; x_wconf 88' lang='lat' dir='ltr'><strong>et</strong></span> <span class='ocrx_word' id='word_1_237' title='bbox 1207 3501 1297 3561; x_wconf 90' lang='lat' dir='ltr'><strong>conti·</strong></span> 
     </span>
     <span class='ocr_line' id='line_1_29' title="bbox 99 3590 1298 3669; baseline 0.008 -21"><span class='ocrx_word' id='word_1_238' title='bbox 99 3604 168 3658; x_wconf 87' lang='lat' dir='ltr'><strong>nent</strong></span> <span class='ocrx_word' id='word_1_239' title='bbox 195 3593 323 3668; x_wconf 88' lang='lat' dir='ltr'><strong>gratiam,</strong></span> <span class='ocrx_word' id='word_1_240' title='bbox 345 3601 374 3649; x_wconf 94' lang='lat' dir='ltr'><strong>et</strong></span> <span class='ocrx_word' id='word_1_241' title='bbox 393 3590 485 3667; x_wconf 89' lang='lat' dir='ltr'><strong>ipsam</strong></span> <span class='ocrx_word' id='word_1_242' title='bbox 514 3591 600 3668; x_wconf 85' lang='lat' dir='ltr'><strong>digne</strong></span> <span class='ocrx_word' id='word_1_243' title='bbox 623 3592 846 3669; x_wconf 88' lang='lat' dir='ltr'><strong>suscipientibus</strong></span> <span class='ocrx_word' id='word_1_244' title='bbox 868 3593 1051 3653; x_wconf 84' lang='lat' dir='ltr'><strong>conferunt.”</strong></span> <span class='ocrx_word' id='word_1_245' title='bbox 1093 3594 1143 3654; x_wconf 83' lang='lat' dir='ltr'><strong>Ex</strong></span> <span class='ocrx_word' id='word_1_246' title='bbox 1164 3596 1221 3655; x_wconf 88' lang='lat' dir='ltr'><strong>hoc</strong></span> <span class='ocrx_word' id='word_1_247' title='bbox 1250 3597 1298 3657; x_wconf 76' lang='lat' dir='ltr'><strong>de</strong></span> 
     </span>
     <span class='ocr_line' id='line_1_30' title="bbox 35 3686 1298 3768; baseline 0.007 -23"><span class='ocrx_word' id='word_1_248' title='bbox 35 3729 38 3733; x_wconf 55' lang='lat'><strong>.</strong></span> <span class='ocrx_word' id='word_1_249' title='bbox 100 3697 179 3746; x_wconf 90' lang='lat' dir='ltr'><strong>creto</strong></span> <span class='ocrx_word' id='word_1_250' title='bbox 205 3700 313 3747; x_wconf 91' lang='lat' dir='ltr'><strong>certum</strong></span> <span class='ocrx_word' id='word_1_251' title='bbox 335 3686 455 3759; x_wconf 88' lang='lat' dir='ltr'><strong>videtur,</strong></span> <span class='ocrx_word' id='word_1_252' title='bbox 472 3690 603 3761; x_wconf 88' lang='lat' dir='ltr'><strong>quamvis</strong></span> <span class='ocrx_word' id='word_1_253' title='bbox 619 3697 764 3761; x_wconf 89' lang='lat' dir='ltr'><strong>tamquam</strong></span> <span class='ocrx_word' id='word_1_254' title='bbox 787 3688 855 3749; x_wconf 88' lang='lat' dir='ltr'><strong>fidei</strong></span> <span class='ocrx_word' id='word_1_255' title='bbox 876 3689 980 3768; x_wconf 86' lang='lat' dir='ltr'><strong>dogma</strong></span> <span class='ocrx_word' id='word_1_256' title='bbox 1000 3693 1116 3750; x_wconf 89' lang='lat' dir='ltr'><strong>nonsit</strong></span> <span class='ocrx_word' id='word_1_257' title='bbox 1136 3692 1298 3765; x_wconf 89' lang='lat' dir='ltr'><strong>definitum,</strong></span> 
     </span>
     <span class='ocr_line' id='line_1_31' title="bbox 98 3787 1298 3866; baseline 0.003 -20"><span class='ocrx_word' id='word_1_258' title='bbox 98 3796 274 3847; x_wconf 86' lang='lat' dir='ltr'><strong>sacramenta</strong></span> <span class='ocrx_word' id='word_1_259' title='bbox 288 3795 383 3844; x_wconf 85' lang='lat' dir='ltr'><strong>vetera</strong></span> <span class='ocrx_word' id='word_1_260' title='bbox 399 3802 437 3842; x_wconf 82' lang='lat' dir='ltr'><strong>er</strong></span> <span class='ocrx_word' id='word_1_261' title='bbox 450 3803 536 3860; x_wconf 90' lang='lat' dir='ltr'><strong>opere</strong></span> <span class='ocrx_word' id='word_1_262' title='bbox 557 3797 674 3862; x_wconf 89' lang='lat' dir='ltr'><strong>operato</strong></span> <span class='ocrx_word' id='word_1_263' title='bbox 700 3805 758 3844; x_wconf 88' lang='lat' dir='ltr'><strong>non</strong></span> <span class='ocrx_word' id='word_1_264' title='bbox 781 3787 938 3846; x_wconf 87' lang='lat' dir='ltr'><strong>contulisse</strong></span> <span class='ocrx_word' id='word_1_265' title='bbox 958 3788 1088 3866; x_wconf 89' lang='lat' dir='ltr'><strong>gratiam,</strong></span> <span class='ocrx_word' id='word_1_266' title='bbox 1111 3788 1164 3846; x_wconf 90' lang='lat' dir='ltr'><strong>sed</strong></span> <span class='ocrx_word' id='word_1_267' title='bbox 1186 3799 1298 3851; x_wconf 87' lang='lat' dir='ltr'><strong>tantum</strong></span> 
     </span>
     <span class='ocr_line' id='line_1_32' title="bbox 98 3882 1297 3958; baseline 0.005 -16"><span class='ocrx_word' id='word_1_268' title='bbox 98 3882 241 3958; x_wconf 84' lang='lat' dir='ltr'><strong>profuisse</strong></span> <span class='ocrx_word' id='word_1_269' title='bbox 263 3899 301 3940; x_wconf 81' lang='lat' dir='ltr'><strong>ex</strong></span> <span class='ocrx_word' id='word_1_270' title='bbox 324 3899 410 3958; x_wconf 90' lang='lat' dir='ltr'><strong>opere</strong></span> <span class='ocrx_word' id='word_1_271' title='bbox 434 3882 596 3958; x_wconf 87' lang='lat' dir='ltr'><strong>operantis:</strong></span> <span class='ocrx_word' id='word_1_272' title='bbox 619 3883 640 3940; x_wconf 92' lang='lat' dir='ltr'><strong>ii</strong></span> <span class='ocrx_word' id='word_1_273' title='bbox 655 3883 765 3941; x_wconf 90' lang='lat' dir='ltr'><strong>scilicet</strong></span> <span class='ocrx_word' id='word_1_274' title='bbox 784 3886 833 3958; x_wconf 92' lang='lat' dir='ltr'><strong>qui</strong></span> <span class='ocrx_word' id='word_1_275' title='bbox 855 3903 953 3943; x_wconf 89' lang='lat' dir='ltr'><strong>eorum</strong></span> <span class='ocrx_word' id='word_1_276' title='bbox 975 3904 1013 3942; x_wconf 82' lang='lat' dir='ltr'><strong>er</strong></span> <span class='ocrx_word' id='word_1_277' title='bbox 1032 3886 1184 3945; x_wconf 89' lang='lat' dir='ltr'><strong>occasione</strong></span> <span class='ocrx_word' id='word_1_278' title='bbox 1197 3886 1297 3957; x_wconf 88' lang='lat' dir='ltr'><strong>fidem,</strong></span> 
     </span>
     <span class='ocr_line' id='line_1_33' title="bbox 98 3979 1297 4064; baseline 0.004 -23"><span class='ocrx_word' id='word_1_279' title='bbox 98 3983 237 4049; x_wconf 90' lang='lat' dir='ltr'><strong>dolorem,</strong></span> <span class='ocrx_word' id='word_1_280' title='bbox 249 3979 377 4052; x_wconf 89' lang='lat' dir='ltr'><strong>aliosque</strong></span> <span class='ocrx_word' id='word_1_281' title='bbox 392 3979 432 4056; x_wconf 90' lang='lat' dir='ltr'><strong>pii</strong></span> <span class='ocrx_word' id='word_1_282' title='bbox 447 3981 535 4038; x_wconf 87' lang='lat' dir='ltr'><strong>animi</strong></span> <span class='ocrx_word' id='word_1_283' title='bbox 550 3992 645 4040; x_wconf 89' lang='lat' dir='ltr'><strong>motus</strong></span> <span class='ocrx_word' id='word_1_284' title='bbox 656 3982 868 4059; x_wconf 89' lang='lat' dir='ltr'><strong>concipiebant,</strong></span> <span class='ocrx_word' id='word_1_285' title='bbox 882 3985 999 4060; x_wconf 88' lang='lat' dir='ltr'><strong>gratiam</strong></span> <span class='ocrx_word' id='word_1_286' title='bbox 1015 4001 1066 4060; x_wconf 87' lang='lat' dir='ltr'><strong>per</strong></span> <span class='ocrx_word' id='word_1_287' title='bbox 1080 3984 1297 4064; x_wconf 90' lang='lat' dir='ltr'><strong>Redemptoris,</strong></span> 
     </span>
     <span class='ocr_line' id='line_1_34' title="bbox 99 4076 1298 4156; baseline 0.005 -19"><span class='ocrx_word' id='word_1_288' title='bbox 99 4080 127 4138; x_wconf 93' lang='lat' dir='ltr'><strong>in</strong></span> <span class='ocrx_word' id='word_1_289' title='bbox 143 4097 229 4153; x_wconf 87' lang='lat' dir='ltr'><strong>quem</strong></span> <span class='ocrx_word' id='word_1_290' title='bbox 244 4076 403 4154; x_wconf 87' lang='lat' dir='ltr'><strong>sperabant,</strong></span> <span class='ocrx_word' id='word_1_291' title='bbox 418 4077 518 4135; x_wconf 85' lang='lat' dir='ltr'><strong>merita</strong></span> <span class='ocrx_word' id='word_1_292' title='bbox 540 4077 778 4156; x_wconf 82' lang='lat' dir='ltr'><strong>adipiscebantur.</strong></span> <span class='ocrx_word' id='word_1_293' title='bbox 820 4079 1079 4139; x_wconf 71' lang='lat' dir='ltr'><strong>circumcisionem</strong></span> <span class='ocrx_word' id='word_1_294' title='bbox 1103 4082 1170 4140; x_wconf 85' lang='lat' dir='ltr'><strong>verb</strong></span> <span class='ocrx_word' id='word_1_295' title='bbox 1186 4082 1298 4142; x_wconf 90' lang='lat' dir='ltr'><strong>adhibi·</strong></span> 
     </span>
     <span class='ocr_line' id='line_1_35' title="bbox 98 4174 1298 4255; baseline 0.008 -25"><span class='ocrx_word' id='word_1_296' title='bbox 98 4187 155 4232; x_wconf 86' lang='lat' dir='ltr'><strong>tam</strong></span> <span class='ocrx_word' id='word_1_297' title='bbox 170 4175 259 4234; x_wconf 84' lang='lat' dir='ltr'><strong>luisse</strong></span> <span class='ocrx_word' id='word_1_298' title='bbox 274 4188 418 4248; x_wconf 88' lang='lat' dir='ltr'><strong>tamquam</strong></span> <span class='ocrx_word' id='word_1_299' title='bbox 432 4187 578 4233; x_wconf 85' lang='lat' dir='ltr'><strong>externam</strong></span> <span class='ocrx_word' id='word_1_300' title='bbox 600 4174 667 4234; x_wconf 89' lang='lat' dir='ltr'><strong>fidei</strong></span> <span class='ocrx_word' id='word_1_301' title='bbox 683 4177 712 4236; x_wconf 92' lang='lat' dir='ltr'><strong>in</strong></span> <span class='ocrx_word' id='word_1_302' title='bbox 734 4175 958 4255; x_wconf 87' lang='lat' dir='ltr'><strong>Redemptorem</strong></span> <span class='ocrx_word' id='word_1_303' title='bbox 974 4178 1210 4255; x_wconf 80' lang='lat' dir='ltr'><strong>protestationem</strong></span> <span class='ocrx_word' id='word_1_304' title='bbox 1225 4201 1298 4240; x_wconf 93' lang='lat' dir='ltr'><strong>non·</strong></span> 
     </span>
     <span class='ocr_line' id='line_1_36' title="bbox 99 4269 1301 4353; baseline 0.01 -26"><span class='ocrx_word' id='word_1_305' title='bbox 99 4269 169 4328; x_wconf 93' lang='lat' dir='ltr'><strong>nulli</strong></span> <span class='ocrx_word' id='word_1_306' title='bbox 181 4282 290 4348; x_wconf 88' lang='lat' dir='ltr'><strong>putant;</strong></span> <span class='ocrx_word' id='word_1_307' title='bbox 305 4281 334 4330; x_wconf 90' lang='lat' dir='ltr'><strong>ct</strong></span> <span class='ocrx_word' id='word_1_308' title='bbox 347 4290 380 4330; x_wconf 91' lang='lat' dir='ltr'><strong>ea</strong></span> <span class='ocrx_word' id='word_1_309' title='bbox 395 4271 503 4330; x_wconf 90' lang='lat' dir='ltr'><strong>ratione</strong></span> <span class='ocrx_word' id='word_1_310' title='bbox 515 4270 640 4331; x_wconf 86' lang='lat' dir='ltr'><strong>deletum</strong></span> <span class='ocrx_word' id='word_1_311' title='bbox 654 4275 684 4332; x_wconf 93' lang='lat' dir='ltr'><strong>in</strong></span> <span class='ocrx_word' id='word_1_312' title='bbox 698 4275 833 4333; x_wconf 91' lang='lat' dir='ltr'><strong>masculis</strong></span> <span class='ocrx_word' id='word_1_313' title='bbox 849 4273 883 4333; x_wconf 91' lang='lat' dir='ltr'><strong>ad</strong></span> <span class='ocrx_word' id='word_1_314' title='bbox 895 4286 1026 4335; x_wconf 85' lang='lat' dir='ltr'><strong>octavum</strong></span> <span class='ocrx_word' id='word_1_315' title='bbox 1041 4272 1172 4353; x_wconf 88' lang='lat' dir='ltr'><strong>diemper</strong></span> <span class='ocrx_word' id='word_1_316' title='bbox 1181 4279 1301 4339; x_wconf 89' lang='lat' dir='ltr'><strong>venien·</strong></span> 
     </span>
    </p>
   </div>
   <div class='ocr_carea' id='block_1_6' title="bbox 443 4414 876 4580">
    <p class='ocr_par' dir='ltr' id='par_1_6' title="bbox 443 4414 876 4580">
     <span class='ocr_line' id='line_1_37' title="bbox 534 4414 876 4500; baseline 0.02 -20"><span class='ocrx_word' id='word_1_317' title='bbox 534 4432 576 4498; x_wconf 87' lang='lat' dir='ltr'><strong>(l)</strong></span> <span class='ocrx_word' id='word_1_318' title='bbox 597 4429 658 4498; x_wconf 82' lang='lat' dir='ltr'><strong>Cap.</strong></span> <span class='ocrx_word' id='word_1_319' title='bbox 670 4414 785 4500; x_wconf 78' lang='lat' dir='ltr'><strong>Majores.</strong></span> <span class='ocrx_word' id='word_1_320' title='bbox 872 4463 876 4487; x_wconf 88' lang='lat' dir='ltr'><strong>t</strong></span> 
     </span>
     <span class='ocr_line' id='line_1_38' title="bbox 443 4515 811 4580; baseline 0.011 -15"><span class='ocrx_word' id='word_1_321' title='bbox 443 4568 447 4575; x_wconf 33' lang='lat' dir='ltr'><em>s</em></span> <span class='ocrx_word' id='word_1_322' title='bbox 530 4519 567 4580; x_wconf 78' lang='lat'><strong>(2)</strong></span> <span class='ocrx_word' id='word_1_323' title='bbox 586 4515 650 4566; x_wconf 78' lang='lat' dir='ltr'><strong>Sese.</strong></span> <span class='ocrx_word' id='word_1_324' title='bbox 661 4517 702 4569; x_wconf 84' lang='lat' dir='ltr'><strong>vii.</strong></span> <span class='ocrx_word' id='word_1_325' title='bbox 712 4533 765 4568; x_wconf 88' lang='lat' dir='ltr'><strong>can.</strong></span> <span class='ocrx_word' id='word_1_326' title='bbox 776 4517 811 4569; x_wconf 83' lang='grc'><strong>111.</strong></span> 
     </span>
    </p>
   </div>
   <div class='ocr_carea' id='block_1_7' title="bbox 0 0 1408 5092">
    <p class='ocr_par' dir='ltr' id='par_1_7' title="bbox 0 0 1408 5092">
     <span class='ocr_line' id='line_1_39' title="bbox 0 0 1408 5092; baseline 0 0"><span class='ocrx_word' id='word_1_327' title='bbox 0 0 1408 5092; x_wconf 95' lang='lat' dir='ltr'><strong> </strong></span> 
     </span>
    </p>
   </div>
  </div>
 </body>
</html>
