2798 5092
132 356 171 410 82
553 350 609 411 DE
631 349 905 412 EPISCOPATU.

132 520 164 569 ut
176 510 264 568 lesus
280 507 411 569 Christus
425 509 551 578 Patrem,
566 520 595 568 et
615 510 823 588 presbyterium
844 520 876 569 ut
890 509 1056 589 Apostolos,
1078 509 1214 570 diaconos
1236 517 1331 569 autem

135 605 333 673 revereamini,
347 614 379 665 ut
391 605 448 664 Dei
462 604 677 665 mandatum’t
717 605 764 664 Ad
779 607 1003 685 Magnesianos:
1025 616 1045 644 ‘⁸
1056 606 1175 675 Hortor,
1187 615 1219 664 ut
1231 605 1289 665 hoc
1297 605 1337 663 sit

135 712 262 760 restrum
281 700 418 770 studium,
433 703 463 762 in
478 702 533 761 Dei
548 702 703 762 concordia
716 704 814 762 omnia
828 723 923 783 agere,
940 704 1078 782 episcopo
1093 701 1263 782 presidens
1278 702 1337 761 Dei

137 797 212 865 loco,
227 809 256 857 et
269 799 443 876 presbyteris
457 799 521 858 loco
536 811 652 858 senatus
672 800 832 881 apostolici,
854 812 883 859 et
903 800 1031 861 diaconis
1050 801 1124 861 milti
1142 799 1336 867 suavissimis,

137 895 241 967 quibus
255 895 441 954 commissum
456 907 501 955 est
514 896 704 955 ministerium
718 897 789 955 Jesu
802 896 960 956 Christi.”⁸

177 996 226 1051 46.
249 992 394 1053 Crateuas
407 995 645 1053 Auruncorum
659 996 775 1054 scribit:
799 1004 818 1032 ‘⁴
830 995 865 1055 ln
879 995 1012 1055 Ecclesia
1026 994 1242 1074 progressiones
1257 995 1335 1073 epis·

137 1110 285 1169 copornut,
298 1093 540 1170 presbyterorum,
552 1092 772 1152 etdiacouorum
781 1093 956 1154 imitationes
965 1104 1031 1153 sunt
1042 1094 1176 1172 ang'elicte
1187 1092 1337 1172 gloriae.”⁵

176 1192 224 1248 tt.
247 1187 424 1247 Oarosuns:
447 1189 547 1248 “Plus
561 1208 578 1246 a
592 1207 637 1248 me
652 1189 785 1266 exigitur,
800 1208 885 1263 quam
901 1210 917 1248 a
931 1190 1069 1259 diacou03
1091 1191 1156 1269 plus
1175 1189 1330 1251 adiacono

135 1304 222 1359 quam
236 1306 253 1344 a
267 1285 349 1344 laico.
390 1285 449 1353 Qui
460 1290 526 1344 vero
539 1286 624 1344 totius
635 1285 775 1345 Ecclesiae
788 1305 882 1346 arcem
895 1288 1014 1356 obtinet,
1029 1306 1082 1366 pro
1101 1288 1181 1347 omni
1195 1287 1333 1349 Ecclesia

137 1381 236 1441 reddet
249 1381 436 1443 rationem.”⁴
1245 1368 1257 1388 '¹

180 1483 228 1537 48.
245 1479 277 1545 S.
291 1478 484 1538 Cumanus:
498 1488 517 1516 ‘⁴
527 1476 661 1537 Christus
670 1478 738 1537 dicit
747 1480 781 1539 ad
791 1480 956 1558 Apostolos,
965 1492 994 1539 et
1000 1499 1051 1558 per
1059 1480 1113 1539 hos
1126 1480 1261 1540 omnibus
1270 1500 1341 1559 prte-

139 1577 251 1652 positis,
265 1576 315 1649 qui
328 1575 475 1651 Apostolis
491 1575 594 1635 vicaria
607 1570 783 1634 ordinatione
798 1575 971 1635 succedunt:
995 1586 1003 1613 ⁸
1020 1577 1218 1651 Quoscumque
1232 1575 1340 1655 ligare·
1381 1642 1386 1650 ,

138 1673 210 1739 ritis,
226 1671 317 1731 etc.”⁵
357 1671 485 1731 Plurima
504 1671 558 1730 alia
579 1670 751 1730 adduximus
774 1674 937 1732 testimonia
951 1672 1020 1732 dum
1042 1673 1078 1731 de
1100 1673 1242 1733 Ecclesia
1268 1675 1339 1753 regi·

139 1772 216 1830 mine
231 1781 360 1848 ageretur
372 1768 408 1828 ad
419 1788 483 1845 quse
496 1769 617 1829 lectores
631 1770 813 1838 remittimus,
829 1789 865 1830 ne
885 1769 1006 1843 eandem
1020 1771 1164 1831 crambem
1179 1788 1339 1847 recoquere

140 1867 311 1927 videamur.⁰

178 1963 333 2023 Probatur
345 1963 408 2023 III.
424 1982 461 2024 ea
474 1963 687 2025 uetustissimis
698 1962 883 2041 Ritualidus.
1288 2032 1291 2036 ,

178 2064 227 2121 49.
249 2061 283 2120 In
297 2061 444 2123 ritualibus
462 2062 663 2121 vetustissimis
684 2062 733 2136 qui
754 2072 920 2140 supersunt,
935 2059 1011 2140 apud
1033 2061 1197 2122 Ecclesiam
1217 2063 1339 2123 orienta-

140 2155 195 2219 lem
212 2160 257 2218 vel
271 2159 475 2219 occidentalem
490 2160 600 2217 usitatis
615 2156 758 2217 distinctio
772 2157 845 2215 inter
858 2159 1012 2234 episcopos
1026 2171 1055 2216 et
1068 2159 1254 2236 presbyteros
1277 2177 1339 2237 per·

140 2259 227 2335 petuo
241 2269 379 2324 serrator,
393 2254 471 2314 etad
486 2254 635 2325 Christum
649 2264 793 2312 auctorem
807 2254 944 2312 refertur:
966 2254 1043 2329 quod
1056 2265 1084 2314 et
1097 2255 1128 2314 iu
1141 2256 1339 2317 constitution·

141 2355 215 2420 ibus,
230 2373 293 2427 quse
305 2351 469 2431 apostolica
483 2350 624 2419 dicuntur,
640 2349 862 2409 animaduertere
878 2351 946 2410 est.⁷

160 2482 163 2488 ι
180 2449 334 2509 Probatur
344 2447 402 2508 IV.
417 2465 453 2507 ca
467 2446 602 2508 omnium
616 2454 763 2506 sectarunt
781 2445 981 2508 Orientalium
995 2448 1193 2509 comendans.
1256 2505 1259 2512 ,

180 2552 228 2607 50.
251 2550 342 2606 Sectae
367 2564 468 2605 omnes
493 2544 663 2613 Orientales,
686 2546 771 2604 etism
796 2547 1013 2621 antiquissimae,
1035 2546 1250 2608 distinctionem
1265 2550 1340 2610 iuter

142 2647 312 2722 episcopum
333 2653 361 2702 et
374 2645 574 2722 presbyterum
598 2653 765 2720 agnoscunt,
780 2642 822 2700 illi
845 2642 963 2720 regendi
977 2655 1147 2720 potestatem
1173 2646 1341 2715 tribuentes,

143 2762 227 2816 quatu
243 2743 310 2800 huic
324 2739 474 2818 denegant.
516 2738 657 2817 Episcopi
672 2739 834 2816 prestantia
846 2758 883 2798 ex
898 2758 998 2799 eorum
1012 2741 1204 2800 consensione
1220 2743 1341 2820 pristina

143 2837 291 2895 traditione
307 2837 358 2894 niti
371 2835 523 2894 noscitur.⁸

185 2932 338 2991 Probatur
359 2929 391 2988 V.
401 2929 635 3009 prascriptione.

184 3034 231 3088 51.
254 3029 466 3106 Episcoporum
488 3027 649 3105 praestautia
660 3026 766 3100 ubique
780 3044 832 3104 per
844 3027 943 3084 orbem
964 3025 1154 3086 christianum
1169 3031 1266 3106 agnita
1286 3041 1340 3099 est,

144 3130 244 3188 saltem
259 3126 386 3189 secundo
400 3126 515 3194 secolo,
529 3124 681 3184 fatentibus
696 3126 732 3183 iis
747 3125 796 3199 qui
810 3143 874 3184 eam
895 3126 1074 3203 impugnant.
1117 3127 1229 3201 Nequit
1242 3141 1339 3188 autem

145 3225 257 3286 ostendi
274 3244 338 3284 eam
352 3235 419 3282 tunc
434 3222 557 3299 primum
578 3232 721 3289 statutam,
743 3240 832 3295 quum
853 3222 1017 3280 testimonia
1030 3224 1125 3298 potius
1140 3223 1262 3300 probent
1275 3243 1339 3284 eam

141 3325 202 3401 jam
228 3323 392 3399 rigentem:
415 3320 473 3377 imo
498 3318 637 3376 habentur
650 3317 753 3396 Ignatii
778 3317 894 3376 indubia
914 3316 1175 3393 documentaque
1195 3320 1342 3382 adfinem

144 3420 229 3497 primi
243 3418 342 3476 saeculi
356 3410 502 3475 referenda
515 3427 591 3483 sunt,
607 3416 652 3474 rel
664 3415 765 3475 saltem
779 3415 816 3473 ad
829 3416 940 3474 initium
952 3415 1082 3484 secundi,
1092 3417 1163 3475 obiit
1178 3418 1256 3478 enim
1271 3438 1343 3481 mar·

146 3532 281 3593 tyranno
299 3520 375 3574 107:
398 3527 428 3573 ut
442 3512 477 3572 de
493 3513 643 3572 Clemente
655 3514 797 3581 Romano,
808 3514 1010 3590 Apostolorum
1025 3514 1179 3591 discipulo,
1194 3517 1341 3578 sileamus.

146 3615 236 3674 Porro
258 3612 451 3672 invsrosirnilc
465 3630 582 3689 prorsus
606 3623 650 3671 est
670 3623 759 3671 totam
785 3612 923 3671 rationem
948 3615 1005 3687 q'ua
1026 3612 1161 3672 Christus
1175 3616 1236 3692 regi
1251 3617 1345 3676 soluit

146 3709 319 3778 Ecclesiam,
334 3721 462 3786 ternpore
482 3708 554 3768 adeo
569 3720 681 3768 vetusto
701 3711 878 3769 immutatam
898 3728 964 3769 esse
984 3711 1093 3769 sensim
1108 3711 1172 3770 sine
1186 3730 1293 3772 sensu:
1315 3727 1344 3774 et

146 3807 306 3867 sacerdotes
322 3826 422 3866 omnes
438 3826 489 3884 per
499 3826 600 3867 ornnes
614 3808 713 3867 mundi
728 3809 836 3886 plagas,
855 3809 1029 3882 ubicumque
1043 3807 1148 3869 diffusa
1160 3809 1247 3871 suerit
1259 3811 1342 3881 fides,

147 3905 279 3966 dominos
291 3905 346 3964 sibi
360 3916 389 3962 et
399 3913 522 3963 rectores
537 3906 739 3983 praeposuisse,
755 3915 851 3965 coutm
867 3906 968 3982 prioris
983 3905 1072 3964 atatis
1086 3908 1230 3984 exempla.

313 4064 353 4130 (l)
374 4061 436 4128 Cap.
448 4062 498 4113 viii.

311 4153 348 4210 (2)
366 4151 427 4214 Cap.
439 4149 472 4199 vi.

311 4236 352 4301 (3)
372 4233 401 4282 L.
414 4234 445 4283 vi.
457 4233 606 4308 Stromutum
617 4252 638 4285 a.
650 4235 701 4285 xiii.

311 4324 353 4387 (4)
374 4320 450 4371 Ηοιιι.
460 4321 494 4370 xi.
506 4321 533 4371 in
544 4320 683 4372 daramium.

311 4407 351 4469 (Β)
370 4406 418 4470 Ep.
431 4406 490 4455 lxvi.

314 4493 355 4558 (6)
376 4491 457 4542 Truct.
466 4491 496 4541 de
507 4490 626 4543 Ecclesia
638 4511 658 4544 c.
669 4509 711 4544 xv.
722 4509 790 4561 prop.
802 4495 819 4544 i.
831 4494 879 4544 rol.
891 4493 908 4544 i.
920 4510 944 4560 p.
955 4495 1012 4546 att.

307 4577 349 4641 (7)
371 4577 481 4628 Consule
493 4579 642 4629 Martenium
654 4580 684 4630 de
694 4581 769 4631 sacris
777 4581 863 4632 ritibus
875 4582 927 4633 tii.
938 4600 960 4635 c.
976 4579 1028 4632 viii.
1039 4579 1095 4633 Art.
1104 4580 1140 4634 ix.

313 4662 355 4726 (8)
375 4662 439 4711 Vide
450 4661 488 4712 Lu
499 4661 636 4729 perpetuite
647 4664 678 4715 de
689 4667 714 4716 le
724 4666 758 4716 l'oi
769 4673 788 4717 t.
798 4667 832 4718 iii.
844 4683 868 4734 p·
880 4671 939 4720 tto.
