2798 5092
391 410 447 472 DE
468 410 746 472 SAORAMENTI
767 408 994 471 vomuere.
1253 409 1290 467 19

95 570 202 630 tiendo.
245 571 330 631 Misit
345 589 406 640 eos,
418 572 492 631 sicut
504 572 568 650 ipse
582 591 599 630 a
612 571 697 630 Patre
709 571 816 630 missus
830 570 930 638 iuerat,
940 570 1066 644 fecitque
1079 577 1228 628 consortes
1243 584 1293 646 po·

95 668 205 726 tecutis
229 686 315 741 quam
336 666 367 726 iu
391 667 472 727 coelis
499 677 629 741 terraque
650 677 809 744 acceperat,
833 676 866 724 ut
888 665 1032 735 docerent,
1056 667 1243 743 baptizarent,
1265 673 1295 723 et

97 775 197 825 catera
211 765 311 824 omnia
324 767 422 824 munia
432 765 554 833 obirent,
569 784 633 840 quae
657 766 689 824 iu
709 764 859 825 hominum
872 765 993 824 salutem
1013 763 1127 825 cedunt.
1169 762 1294 841 Amplis-

98 863 169 922 sima
182 863 238 921 suit
259 863 323 920 haec
347 862 497 931 ordinatio,
512 882 569 937 qua
591 862 677 921 etiam
700 863 896 922 continebatur
908 861 1025 920 facultas
1047 862 1118 920 alios
1132 862 1163 920 in
1176 878 1293 920 suorum

101 977 250 1018 munerum
271 959 446 1019 consortium
472 942 669 1027 adsciscendi3
691 976 758 1017 uam
778 957 814 1016 ad
834 957 932 1021 mundi
953 975 1045 1031 usque
1067 957 1153 1015 finem
1169 965 1294 1034 potestas

101 1055 153 1114 illis
165 1055 336 1115 demandata
349 1056 510 1115 exercenda
529 1067 599 1125 eret,
622 1055 741 1115 Christo
762 1074 877 1133 semper
891 1066 1039 1133 praesente.
1082 1053 1166 1122 Quod
1181 1073 1239 1114 non
1252 1073 1295 1114 re·

101 1155 203 1212 feretur
216 1153 368 1213 mandasse
383 1174 441 1229 quo
456 1155 509 1214 ritu
524 1174 588 1215 eam
608 1155 852 1215 communicarent
870 1163 1049 1231 potestatem,
1064 1154 1104 1213 nil
1118 1155 1220 1222 obstat,
1241 1172 1296 1214 nee

101 1251 176 1309 enim
191 1252 291 1309 omniu
304 1270 368 1326 quae
383 1252 440 1310 illie
456 1253 587 1329 injussis
601 1251 689 1319 dedit,
704 1253 812 1330 scripto
825 1261 893 1311 suut
906 1251 1089 1330 consiguatur
1110 1260 1141 1310 et
1152 1268 1190 1310 ex
1210 1251 1295 1310 rebus

100 1364 198 1406 eorum
212 1348 303 1424 gentis
327 1348 436 1426 optime
459 1348 620 1427 colligimus
635 1350 699 1427 ejus
723 1347 897 1416 voluntatem
912 1359 940 1406 et
959 1348 1132 1425 jussionem.
1174 1345 1296 1424 lmposi·

98 1445 172 1502 tione
188 1463 325 1503 mannum
349 1446 531 1505 contulerunt
544 1446 679 1524 Apostoli
703 1465 814 1505 sacram
839 1456 1018 1522 potestatem,
1034 1463 1091 1503 una
1116 1464 1182 1503 cum
1206 1443 1296 1522 gratia

101 1560 155 1614 qua
178 1544 232 1600 rite
254 1543 383 1602 exerceri
405 1547 517 1622 possit:
539 1564 573 1604 ea
596 1547 682 1622 igitur
703 1545 760 1604 init
783 1544 854 1604 ratio
878 1564 894 1602 a
917 1543 1035 1603 Christo
1056 1544 1220 1622 praescripta
1240 1560 1297 1617 qua

101 1651 225 1716 potestas
251 1641 300 1699 illa
339 1652 368 1700 et
400 1643 489 1720 gratia
519 1645 817 1704 communicarentur:
850 1654 880 1702 et
903 1641 1023 1720 proinde
1049 1643 1166 1702 habetur
1200 1642 1298 1702 diviua

100 1736 251 1805 institutio,
265 1748 294 1795 et
305 1748 363 1796 tota
376 1741 546 1798 sacramenti
559 1741 693 1800 essentia.

142 1837 188 1892 15.
215 1832 282 1913 obj.
298 1841 327 1894 2.
352 1836 511 1895 Potuerunt
520 1839 654 1914 Apostoli
665 1837 736 1897 alios
745 1837 800 1897 sibi
814 1837 844 1897 iu
858 1855 1002 1896 sacrorum
1019 1855 1168 1897 munerum
1180 1855 1298 1897 consor·

100 1929 170 1988 tium
184 1929 356 2000 adsciscere,
371 1944 402 1990 ut
416 1933 527 1992 Christi
541 1933 707 1992 mandatum
728 1932 765 1992 de
779 1935 913 1993 omnibus
935 1934 1066 2011 gentibus
1080 1933 1218 1994 docendis
1230 1952 1298 1994 exe·

103 2037 275 2099 querentur:
298 2029 344 2089 usi
370 2043 437 2091 aunt
461 2050 526 2090 eum
557 2033 585 2091 iu
612 2032 701 2091 finem
728 2048 864 2090 manuum
893 2032 1088 2108 impositione,
1114 2043 1212 2109 utpote
1242 2033 1296 2092 ritu

105 2124 235 2184 Hebraeis
256 2127 399 2197 familiari,
414 2149 472 2202 quo
486 2129 617 2190 victimas
632 2127 697 2188 Deo
717 2130 874 2196 sacrabant,
896 2128 941 2187 vel
955 2128 1081 2187 divinam
1107 2128 1298 2206 implorabant

102 2220 131 2279 in
145 2221 255 2295 aliquos
281 2224 520 2284 benedictionem.
562 2227 602 2285 At
625 2245 684 2285 non
697 2225 763 2285 ideo
787 2235 995 2286 assumentum
1017 2224 1164 2285 habendus
1185 2235 1230 2284 est
1249 2225 1298 2285 ille

101 2318 180 2386 ritus,
204 2321 338 2393 quamvis
353 2321 467 2399 signum
492 2321 640 2398 potestatis
661 2322 897 2382 communicatae:
920 2340 973 2381 nec
987 2312 1065 2381 euim
1085 2321 1218 2399 Apostoli
1240 2321 1299 2382 rim

103 2419 197 2496 gratia
212 2420 391 2479 conferenda
406 2422 472 2480 ritui
486 2421 528 2480 illi
543 2420 692 2480 adnectere
705 2421 863 2481 valuerunt.

140 2512 230 2594 Reap.
253 2516 341 2576 Haud
365 2537 419 2576 suo
444 2519 569 2587 arbitrio,
585 2518 637 2578 sed
660 2517 770 2578 Christi
784 2517 917 2577 mandato
934 2517 1067 2594 Apostoli
1081 2516 1216 2577 censendi
1231 2526 1299 2576 sunt

102 2611 133 2670 in
145 2613 231 2672 rebus
246 2615 399 2693 praecipuis
414 2617 520 2694 egisse,
532 2617 641 2694 Spiritu
655 2616 761 2675 Sancto
774 2633 873 2675 eorum
888 2614 1045 2675 illustrante
1057 2627 1194 2675 mentem.
1230 2616 1300 2677 Ute-

102 2707 201 2768 bantur
212 2709 330 2783 quidem
346 2712 462 2771 Hebraei
477 2731 614 2772 mannum
628 2712 813 2790 impositione
827 2711 959 2788 plurimis
974 2712 1003 2770 iu
1019 2731 1111 2771 rerum
1134 2711 1298 2790 adjunctior

103 2805 152 2864 sed
165 2806 252 2886 longe
266 2829 283 2868 a
297 2811 442 2869 consuetis
464 2812 565 2870 ritibus
586 2811 708 2871 diambat
721 2809 769 2869 ille
794 2828 931 2869 manuum
945 2810 1103 2887 impositio,
1118 2830 1184 2884 qua,
1206 2810 1300 2871 Paulo

102 2912 231 2974 mente,
257 2905 364 2967 donum
389 2907 530 2976 divinum,
551 2907 586 2967 ad
611 2927 691 2967 sacra
712 2906 844 2966 obeunda
865 2907 973 2976 munia,
994 2907 1202 2968 conserebatur.
1243 2908 1300 2968 Est

103 2999 188 3078 igitur
201 3016 421 3075 sacramentum,
437 3008 505 3079 quia
518 3007 652 3066 effectum
666 3007 697 3064 in
717 3007 813 3065 anima
827 3007 967 3084 producit,
982 3026 1067 3080 quem
1089 3009 1220 3086 Apostoli
1241 3009 1300 3088 ipsi

105 3098 177 3159 baud
193 3102 320 3162 valentes
335 3105 362 3163 ei
376 3104 535 3173 adnectere,
551 3105 586 3164 ad
600 3104 750 3175 Christum
765 3114 909 3164 auctorem
923 3105 1026 3164 relerre
1041 3124 1160 3166 necesse
1175 3122 1229 3167 est.

143 3203 191 3262 lu.
217 3198 285 3278 obj.
304 3206 332 3260 3.
355 3203 498 3261 Mannum
529 3202 675 3280 impositio
699 3204 734 3261 ab
759 3202 906 3282 Apostolis
931 3203 1001 3280 ipsis
1026 3203 1133 3281 passim
1159 3205 1244 3263 fiebat
1263 3205 1300 3265 ad

107 3311 227 3380 aegrotos
242 3298 393 3367 curandos,
404 3298 488 3376 juxta
503 3298 613 3358 Christi
627 3298 815 3366 mandamns
829 3300 864 3359 ad
885 3299 1048 3377 neophytos
1063 3299 1093 3359 in
1114 3299 1172 3359 fide
1186 3300 1301 3362 firman·

103 3400 166 3468 dos,
181 3401 317 3460 invocato
334 3397 444 3476 Spiritu
458 3398 575 3466 Sancto,
589 3408 619 3457 et
631 3398 703 3458 alios
717 3399 748 3457 in
761 3399 845 3458 fines.
896 3399 976 3478 Ergo
990 3418 1047 3459 uon
1066 3398 1119 3458 fuit
1141 3417 1300 3460 sacramen·-

107 3508 175 3568 tum,
191 3497 262 3556 ritus
277 3495 387 3573 scilicet
400 3494 556 3556 adsacrum
570 3504 741 3574 potestatem
752 3496 1018 3556 communicandam
1033 3496 1144 3556 Christi
1157 3498 1301 3558 voluntate

107 3596 250 3656 definitus.

139 3691 234 3773 'Respa
257 3693 365 3765 Utique
391 3691 477 3748 fiebat
498 3709 634 3750 manuum
656 3689 804 3768 impositio
824 3691 859 3749 ab
881 3690 1027 3768 Apostolis
1047 3691 1144 3770 plures
1157 3691 1187 3751 in
1208 3693 1301 3760 lineet

107 3792 156 3849 sed
174 3809 233 3850 non
258 3789 323 3847 ideo
344 3808 433 3867 vagus
448 3799 476 3846 et
498 3789 622 3847 incertus
645 3789 715 3847 ritus
736 3788 922 3848 ordinationis
940 3802 994 3862 est,
1008 3808 1042 3848 ee
1062 3790 1139 3847 euim
1164 3808 1301 3850 manunm

86 3944 89 3949 .
108 3888 255 3965 impositio
271 3906 334 3960 que
349 3888 379 3945 iu
391 3905 424 3944 ea
438 3886 479 3953 fit,
495 3904 531 3944 ex
553 3884 695 3964 adjunctis
708 3897 737 3944 et
759 3887 850 3945 verbis
865 3904 928 3960 quae
943 3886 1029 3945 simul
1049 3887 1238 3963 proferuntur,
1253 3886 1302 3946 de·

109 3985 273 4043 terminatur
293 3984 328 4041 ad
352 3984 499 4059 potestatis
520 3983 810 4041 communicationem
832 3983 1058 4061 significandam.
1100 3984 1148 4041 Ex
1168 4000 1204 4041 eo
1224 3983 1302 4058 quod

28 4093 33 4103 '
109 4081 177 4141 alias
191 4081 382 4148 adhiberetur,
397 4091 473 4138 recte
495 4079 615 4138 insertur
627 4078 703 4138 hand
726 4079 881 4153 quamlibet
902 4099 1037 4139 manuum
1052 4080 1265 4156 impositionem
1286 4102 1304 4142 a

111 4177 226 4238 Christo
238 4177 274 4237 ad
288 4196 400 4235 sacrum
415 4195 519 4235 munus
531 4176 800 4236 communicandum
810 4176 960 4246 destinari;
975 4177 1100 4236 sedeam
1115 4189 1222 4239 tantum
1237 4199 1301 4255 quae

107 4276 140 4335 ad
155 4278 233 4337 huno
248 4276 335 4334 finem
350 4273 504 4350 specialem
519 4273 606 4333 habet
618 4274 796 4333 relationem.
1023 4340 1026 4345 J

146 4378 192 4436 17.
217 4372 286 4453 ouj.
308 4376 338 4429 4.
360 4371 501 4430 Mannum
527 4370 675 4450 impositio
699 4370 791 4430 Paulo
814 4382 843 4431 et
864 4371 1002 4431 Bernaba
1026 4369 1112 4430 seem·
1125 4390 1185 4431 nou
1208 4383 1303 4450 potest

107 4470 241 4531 ordinatio
256 4467 368 4538 haberi,
383 4468 473 4528 multo
488 4469 583 4527 minus
603 4480 832 4527 sacramentum:
854 4466 961 4528 Paulus
974 4466 1084 4528 enima
1105 4466 1170 4529 Deo
1192 4469 1301 4531 electus

369 4616 371 4620 ⁴
410 4636 412 4641 ’
476 4648 517 4714 (ι)
536 4646 719 4699 uranius.

480 4732 696 4799 &mma
