2798 5092
424 329 495 395 nu.
508 331 706 394 onumen
727 332 944 399 urnrsrno.
970 287 973 293 ¹
1250 335 1291 399 u

98 492 165 570 legio
186 491 407 552 canonicorum
429 491 571 564 Ecclesia
596 491 788 562 cathedralis,
804 502 919 551 vacante
941 491 1010 551 sede
1036 490 1161 568 eligitur,
1177 490 1212 550 ad
1227 490 1296 551 dioe·

50 580 52 584 ⁷
97 607 189 649 caseos
205 588 348 666 regimen,
363 588 454 647 donec
467 588 624 665 episcopus
639 587 804 665 designatus
820 588 913 656 luerit,
927 589 1033 647 litteras
1049 587 1217 667 hujusmodi
1230 606 1297 647 con·

97 685 191 745 cedere
206 698 303 763 potest
316 687 389 746 intra
404 704 510 744 annum
525 686 602 745 odie
625 688 792 755 vacationis,
808 688 863 746 nisi
878 687 904 744 ei
919 687 969 759 qui
993 687 1132 745 beneficio
1147 686 1296 744 ecclesias·

94 785 143 844 tieo
157 783 292 852 donatus,
309 785 353 842 vel
369 803 437 843 mox
461 782 621 851 donandus,
634 782 670 843 ad
684 785 798 843 ordines
809 783 1010 860 suscipiendos
1025 788 1179 843 teneatur.¹
1211 783 1291 843 Idem

76 880 246 945 'dicendum
272 880 308 939 de
334 879 590 941 Administrotore
616 879 759 950 dioecesis,
780 882 840 955 qui,
863 878 1046 958 jrixtaSedis
1062 881 1237 959 Apostolicae
1253 881 1296 941 in·

98 978 215 1046 dultum,
230 977 399 1055 designatus
413 978 499 1036 suerit
513 979 709 1057 abepiscopo,
724 992 755 1037 ut
769 979 837 1038 sede
852 990 967 1037 vacante
981 991 1061 1054 regat
1072 977 1231 1047 dieresin,
1247 995 1300 1054 pro

99 1076 221 1142 moribus
233 1075 351 1142 nostris,
366 1093 455 1147 quum
471 1073 683 1134 Oanontcorum
699 1075 864 1153 Capitulum
880 1095 937 1134 non
952 1076 1117 1134 habeamus.
1154 1113 1157 1119 -

135 1177 201 1232 rto.
224 1172 387 1249 Legitimus
401 1172 534 1231 ordinum
550 1175 679 1232 minister
691 1174 896 1250 estepiscopus
909 1173 1079 1242 catholicus,
1089 1173 1297 1251 jurisdictionis

98 1289 150 1344 qua
162 1269 271 1347 gaudet
284 1269 390 1328 limites
406 1289 464 1328 non
480 1271 697 1348 transgrediens,
738 1271 795 1338 Qui
820 1271 927 1329 ordinis
950 1270 1122 1348 episcopalis
1136 1270 1297 1334 charactere

98 1366 249 1444 insignitus
264 1377 318 1435 est,
334 1366 385 1424 sed
403 1367 603 1444 jurisdictione
624 1381 709 1435 caret,
733 1369 776 1426 vel
798 1368 870 1427 ultra
892 1369 955 1444 ejus
976 1368 1081 1427 limites
1103 1370 1295 1446 progreditur,

98 1463 211 1523 ordines
226 1463 321 1522 valide
336 1465 454 1533 confert,
467 1467 597 1538 quamvis
611 1476 718 1542 peccet.
760 1465 905 1549 Equidem
918 1465 1062 1547 decretum
1075 1479 1119 1524 est
1138 1487 1154 1524 a
1175 1467 1297 1528 concilio

99 1562 230 1631 Nicaeno,
247 1563 276 1622 N
279 1564 426 1630 ovatianos
437 1577 465 1622 et
479 1565 611 1631 Arianos,
622 1566 672 1638 qui
687 1567 715 1623 in
727 1565 828 1623 haeresi
840 1564 961 1623 ordinati
973 1565 1096 1632 suerunt,
1106 1566 1297 1642 recipiendos,
1313 1597 1317 1618 ·

100 1657 230 1718 ordinum
246 1659 346 1736 gradu,
361 1678 455 1739 quem
467 1660 497 1719 in
512 1661 615 1725 haeresi
635 1672 828 1738 susceperant,
842 1672 972 1733 servat03
995 1661 1070 1735 quod
1086 1661 1121 1720 de
1134 1663 1300 1722 omnibusa

100 1775 281 1832 quacumque
296 1757 399 1816 naresi
413 1759 561 1817 conversis
587 1759 723 1838 deinceps
737 1761 835 1819 statuit
846 1761 1000 1820 concilium
1016 1760 1082 1840 v11.
1106 1761 1298 1837 Augustinum

98 1855 159 1932 jam'
169 1853 350 1913 laudavimus
366 1854 531 1913 Donatistae
550 1867 709 1932 urgentem,
725 1868 754 1915 et
769 1856 851 1915 'idern
873 1857 908 1914 de
922 1858 1075 1933 baptismo,
1091 1856 1127 1929 de
1141 1857 1250 1926 ordine,
1271 1867 1301 1916 et

103 1951 136 2010 de
157 1951 294 2011 omnibus
319 1936 503 2011 sacramentis
530 1964 697 2011 statuentem
726 1955 909 2030 principium.
951 1952 983 2010 Id
1009 1942 1116 2029 passim
1145 1953 1299 2029 praedicat:

103 2051 315 2109 “Sacramenta
329 2068 393 2124 quae
407 2070 464 2108 non
480 2055 619 2118 mutastis,
635 2052 709 2108 sicut
722 2050 831 2109 habetis
844 2051 1061 2127 approbantura
1075 2051 1206 2108 nobis.’'⁹
1227 2094 1235 2110 .
1259 2095 1267 2111 .
1291 2095 1299 2111 .

104 2149 180 2208 “Ex
195 2147 348 2208 catholica
361 2149 438 2207 enim
453 2148 587 2207 Ecclesia
610 2160 677 2207 sunt
690 2149 786 2208 omnia
808 2149 962 2207 Dominica
976 2161 1161 2216 sacramenta,
1177 2169 1242 2223 quae
1258 2151 1301 2210 sic

104 2245 211 2312 habetis
228 2243 266 2304 'et
280 2244 364 2314 datis,
375 2228 621 2318 'quemadmodum
643 2246 817 2303 habebantur
831 2257 859 2302 et
870 2243 1017 2312 dabantur,
1032 2246 1115 2303 etiarn
1132 2246 1300 2321 priusquam

104 2343 167 2403 inde
181 2343 300 2401 exiretis
323 2384 331 2399 .
355 2383 363 2399 .
385 2384 393 2400 .
417 2384 424 2400 .
446 2345 596 2401 nobiscum
617 2355 709 2400 autern
733 2343 802 2400 estis
823 2343 852 2400 in
876 2345 1027 2417 baptismo,
1050 2344 1079 2401 in
1102 2344 1246 2421 symbolo,
1268 2345 1299 2402 in

103 2441 209 2500 caeteris
227 2440 389 2499 Dominicis
405 2440 637 2498 sacramentis.”³
665 2439 748 2506 Quod
765 2450 857 2497 autem
875 2440 1058 2498 Innocentius
1074 2440 1098 2499 I.
1114 2440 1149 2498 de
1162 2441 1302 2500 hereticis

104 2537 188 2597 dicits
212 2547 232 2574 “
245 2556 300 2595 nec
314 2522 380 2594 dare
395 2538 458 2613 ejus
474 2535 638 2615 (Spiritus)
660 2536 867 2613 plenitudinem
894 2548 1023 2614 possunt,
1039 2556 1103 2610 qnae
1125 2539 1250 2597 maxime
1272 2541 1302 2600 in

74 2648 77 2656 '
102 2637 330 2698 ,ordinationibus
358 2637 546 2713 operatur;'’⁴
575 2638 692 2713 respicit
716 2638 834 2713 gratiam
862 2637 991 2695 ordinis:
1014 2655 1068 2695 nec
1093 2638 1154 2714 ejus
1180 2638 1305 2699 valorem

105 2734 224 2811 attingit,
249 2734 380 2808 quamvis
407 2734 530 2791 honores
555 2733 664 2791 Christi
691 2733 815 2809 prolanis
830 2732 972 2810 ejusmodi
992 2732 1186 2791 sacerdotibus
1201 2734 1303 2794 meritd

106 2831 236 2911 deneget.
279 2831 358 2890 Hinc
373 2842 430 2890 tota
444 2843 538 2890 errant
551 2850 580 2890 ro
601 2831 753 2913 Anglicani
767 2830 896 2888 nonnulli
911 2830 1103 2889 ordinationes
1127 2832 1218 2890 irritas
1240 2851 1304 2891 esse

106 2930 241 2990 docentes
257 2929 399 2987 haeresaos
417 2949 511 2987 causa.
1091 2916 1096 2927 ⁸

147 3031 213 3085 111.
237 3026 421 3085 Schismatici
437 3029 498 3103 pari
513 3027 620 3085 ratione
631 3025 667 3083 ad
682 3024 820 3084 Ecclesiae
836 3027 1068 3086 communionem
1083 3030 1172 3105 recipi
1186 3047 1305 3088 consue·

108 3134 219 3190 verunt,
233 3123 319 3199 gradu
337 3142 422 3197 quem
438 3134 623 3200 susceperant
647 3132 768 3179 servato.
811 3123 864 3200 Sic*
883 3122 1043 3199 presbyteri
1065 3145 1080 3181 a
1096 3125 1217 3182 Maletio
1231 3126 1305 3184 ordi·

109 3223 175 3290 nati,
186 3217 300 3299 juribus
314 3221 417 3297 spretis
438 3221 517 3278 Petri
539 3219 736 3286 Alexandrini,
759 3239 776 3277 a
796 3220 922 3297 patribus
946 3219 1074 3278 Nicaenis
1095 3220 1184 3296 gratia
1209 3220 1304 3280 donati

109 3332 182 3381 sunt,
198 3329 229 3377 ut
242 3317 330 3400 gradu
345 3329 455 3375 servato
469 3317 627 3392 secundum
648 3317 755 3385 locum,
772 3330 837 3394 post
857 3318 1039 3394 presbyteros
1061 3318 1248 3394 epatriarcha
1261 3336 1306 3376 or-

111 3397 230 3483 dinatos,
245 3415 411 3473 obtinerent
445 3425 465 3450 “
475 3414 521 3472 Ea
535 3414 697 3482 conditione
712 3419 742 3473 in
757 3414 897 3474 Ecclesia
912 3415 1141 3472 communionem
1157 3414 1306 3475 admittan-

110 3519 161 3579 tur,
180 3511 318 3570 nimirum
345 3522 382 3569 ut
401 3510 602 3570 ecclesiastica
623 3510 769 3588 dignitatis
791 3522 821 3569 et
833 3510 984 3569 ministerii
998 3510 1115 3587 gradrnn
1129 3511 1252 3571 habeant
1265 3512 1306 3571 illi

111 3609 223 3684 quidem
236 3630 245 3679 ς
266 3609 318 3667 sed
333 3620 427 3668 tamen
441 3610 574 3675 omnibus
593 3610 778 3688 presbyteris,
802 3611 832 3669 in
847 3610 968 3687 singulis
991 3611 1144 3687 provinciis
1159 3625 1187 3670 et
1203 3612 1306 3672 Eccle-

112 3709 161 3767 siis
176 3708 362 3775 versantibus,
386 3710 435 3782 qui
457 3710 570 3767 suntab
585 3708 806 3767 honoratissimo
819 3710 889 3777 viro,
905 3708 1057 3785 etcollega
1071 3723 1168 3768 nostro
1182 3712 1307 3770 Alexan·

114 3807 165 3866 dro
172 3807 304 3874 ordinati,
319 3808 376 3864 sint
386 3807 504 3865 omnino
520 3807 716 3865 inferiores.'’⁵
756 3807 911 3866 Donatistae
924 3808 1028 3884 pariter
1043 3800 1062 3844 ‘¹‘
1075 3808 1105 3865 in
1117 3809 1176 3866 suis
1193 3810 1307 3868 honori·

114 3907 185 3964 bus''
199 3907 328 3981 suscepti
349 3907 439 3963 sunt.l

154 4012 219 4065 112.
243 4005 388 4063 Caeterum
405 4005 537 4064 Urbanus
552 4004 591 4063 Il.
608 4007 636 4064 in
652 4005 763 4083 synodo
776 4007 952 4073 Placentina,
969 4024 1044 4064 anno
1062 4006 1160 4070 1095‚⁷
1180 4016 1208 4061 et
1221 4004 1306 4065 Inno-

347 4165 386 4230 (l)
404 4162 473 4214 Trid.
484 4164 561 4214 Cone.
573 4165 637 4213 Sess.
649 4164 690 4213 vii.
702 4181 755 4229 cop.
766 4180 791 4214 x.
799 4164 828 4214 de
841 4164 893 4214 Rei.

242 4298 247 4306 ,
351 4252 390 4316 (2)
410 4251 458 4314 Ep.
470 4250 574 4300 lxxxvii.
876 4259 877 4263 ’

349 4335 390 4401 (3)
409 4336 458 4400 Ep.
469 4336 500 4386 ad
512 4333 673 4384 Vincentium
685 4332 839 4384 Donatistem
850 4334 916 4383 xciii.

349 4423 390 4488 (4)
410 4423 457 4488 Ep.
468 4422 498 4471 ad
510 4422 583 4471 Alex.
594 4429 654 4485 patr.
666 4419 782 4470 Antioch.

349 4508 390 4573 (5)
410 4509 488 4578 Inep.
499 4508 530 4558 ad
539 4507 726 4558 Alexandrinos.

347 4596 387 4660 (6)
407 4594 470 4646 Gan.
480 4609 556 4646 xxxv.
568 4595 595 4646 in
606 4595 688 4646 codice
700 4593 817 4644 Africano
828 4593 869 4640 68.

351 4680 393 4746 (7)
411 4681 472 4748 Cap.
482 4680 532 4732 viii.
