2798 5092
93 372 153 429 286
449 367 506 426 DE
527 365 671 427 OUL'I'U
692 366 925 427 Intremuit.
978 394 980 399 ·

134 527 223 607 Resp.
253 527 459 604 Imperatorum
482 527 622 604 imagines
644 526 874 603 impugnantium
902 524 1029 602 potentia
1056 524 1114 584 duo
1146 522 1196 582 illa
1223 539 1294 581 eon·

95 628 160 688 cilia
174 625 488 702 Constantinopolitana
502 637 600 684 coacta
617 636 693 692 eunt,
708 624 774 684 fidei
797 623 909 683 athletis
931 643 968 682 ex
982 623 1102 682 adverso
1116 623 1224 682 invicte
1237 639 1292 698 pro

94 743 191 784 esrum
205 724 282 783 cultu
296 723 497 800 pugnantibus.
538 722 578 781 Iis
601 722 670 780 serit
682 721 817 780 Pontifex
831 721 990 788 Romanus,
1006 721 1109 778 avitam
1125 718 1213 778 fidem
1228 736 1292 778 nro·

93 841 197 896 resque
217 831 314 880 contra
340 821 463 879 novitias
483 838 583 879 omnes
608 820 760 897 opiniones
780 837 896 895 semper
924 818 1091 886 vindicans;
1114 817 1290 891 tandemque

93 930 274 980 accesserunt
287 905 442 977 Theodora
453 918 618 994 imperatrix
629 928 658 976 et
672 918 748 976 filius
763 917 826 994 ejus
851 915 978 974 Michael
989 917 1148 994 Augustus,
1164 930 1291 989 quorum

93 1037 180 1098 opera
192 1020 349 1078 extinctum
361 1029 405 1075 est
417 1017 591 1085 incendium,
608 1035 683 1075 anno
695 1020 763 1075 842.
806 1021 897 1074 Antea
909 1025 938 1073 et
951 1015 1088 1092 deinceps
1100 1014 1201 1072 claruit
1212 1013 1293 1091 apud

94 1117 212 1177 Grecos
227 1117 355 1189 aliosque
370 1114 529 1173 Orientales
544 1115 701 1191 imaginum
715 1115 818 1182 cultus,
831 1114 921 1187 quiet
935 1112 1155 1172 solemnioribus
1170 1112 1292 1172 honoris

92 1214 206 1275 indiciis
220 1213 349 1272 exhiberi
362 1214 520 1271 consuevit.
562 1213 607 1270 Ab
628 1213 673 1269 his
694 1211 820 1270 moribus
842 1211 927 1269 alieni
949 1221 1028 1270 crant
1049 1210 1137 1277 Galli,
1153 1212 1203 1284 qui
1219 1211 1292 1270 ima·

91 1317 173 1393 gines
197 1324 357 1372 reverenter
378 1313 527 1379 habebant,
558 1330 612 1370 nec
634 1323 727 1369 tamen
749 1298 820 1369 adeo
841 1310 1007 1369 solemniter
1038 1310 1186 1371 colebant:
1221 1329 1292 1384 qua·

91 1422 209 1492 propter
222 1411 317 1469 minus
332 1427 413 1482 aeque
423 1408 458 1467 de
473 1409 594 1469 decretis
607 1407 738 1467 Nicaenis
747 1417 928 1475 censuerunt,
939 1408 1170 1484 interpretatione
1181 1407 1294 1466 infelici

90 1511 122 1571 in
134 1530 196 1570 eam
211 1509 379 1569 sententiam
395 1507 517 1576 adducti,
534 1517 625 1585 patres
642 1507 760 1566 Grecos
774 1507 862 1566 latriae
887 1507 992 1566 cultum
1018 1507 1192 1584 imaginibus
1206 1505 1290 1568 dctus

91 1609 171 1668 lisse.
213 1608 356 1667 Oaeterum
371 1625 470 1669 errore,
480 1606 535 1665 hoc
549 1606 670 1674 sublato,
684 1607 770 1664 totius
785 1605 912 1664 Orientis
927 1617 955 1663 et
967 1604 1136 1664 Occidentis
1150 1606 1179 1664 in
1194 1625 1293 1666 rarum

93 1705 274 1764 veneratione
289 1701 441 1762 concordia
452 1703 560 1761 claruit.
644 1702 647 1707 ’

136 1806 201 1860 152.
227 1800 294 1880 Obj.
312 1805 359 1859 ll.
382 1801 448 1877 lpse
470 1822 486 1858 a
504 1801 589 1877 vulgo
614 1799 832 1877 ¹catholicorum
849 1810 996 1876 praestatur
1010 1801 1183 1878 imaginibus
1196 1801 1294 1860 cultus

94 1901 143 1975 qui
157 1901 191 1958 ab
206 1899 328 1958 ethnicis
342 1900 410 1957 olim
425 1898 520 1966 idolis,
536 1898 626 1957 doctis
641 1899 791 1976 ingeniose
815 1899 905 1975 magis
930 1917 1015 1972 quam
1040 1916 1106 1957 vere
1132 1899 1292 1959 discrimen

92 1997 296 2064 statuentibus;
319 2015 385 2055 nam
400 1996 529 2072 plerique
545 2003 727 2073 prosternunt
740 2014 771 2052 se
786 2014 894 2063 coram,
909 1995 945 2052 iis
961 1995 1025 2053 thus
1042 1994 1167 2064 adolent,
1182 2014 1293 2070 easque

92 2093 284 2153 venerabundi
310 2094 482 2162 osculantur,
509 2093 642 2151 fiduciam
668 2093 766 2159 iniis,
788 2111 859 2166 quas
881 2093 1034 2167 aliquando
1054 2093 1130 2152 eollo
1145 2112 1293 2171 appensas

93 2190 234 2259 deferunt,
260 2200 392 2274 ponunta
414 2191 497 2248 alianr
524 2209 581 2266 prae
607 2190 660 2248 alia
681 2190 788 2256 colunt,
804 2208 853 2246 eas
874 2189 1065 2263 alloquuntur,
1090 2210 1198 2265 easque
1213 2202 1294 2270 ste'pe

93 2291 203 2348 locutas
217 2307 282 2346 esse
308 2289 452 2355 referunt;
473 2299 503 2346 et
525 2289 664 2347 beneficia
690 2288 773 2346 ab'iis
789 2299 899 2364 petunt.
943 2289 1056 2365 Majora
1081 2290 1181 2363 utique
1196 2291 1294 2350 cultus

92 2385 199 2446 iudicia
212 2387 286 2463 apud
312 2387 442 2445 ethnicos
457 2389 579 2464 reperire
595 2406 652 2446 non
667 2398 721 2454 est,
736 2406 858 2460 quorum
884 2386 1036 2463 plerosque
1058 2387 1158 2447 saltem
1184 2388 1220 2448 ad
1241 2408 1294 2449 eos

92 2505 212 2561 quorum
227 2486 366 2562 imagines
388 2498 466 2543 erant
491 2499 614 2544 mentem
635 2487 762 2544 elevasse
786 2486 933 2544 indubium
956 2498 1020 2555 cst;
1043 2504 1097 2545 uec
1117 2489 1195 2547 enirn
1218 2488 1293 2548 adeo

91 2583 208 2643 hebetes
221 2583 343 2649 fuerunt,
359 2593 390 2640 nt
403 2583 512 2659 lignum
528 2583 571 2640 vel
585 2582 709 2660 lapidem
725 2583 821 2642 videre
836 2595 865 2642 et
878 2584 974 2642 audire
989 2597 1149 2645 censerent.

67 2710 71 2715 -
133 2679 223 2759 Resp.
245 2680 362 2757 Optime
376 2692 479 2739 norunt
493 2691 632 2754 quotquot
646 2695 712 2739 eunt
737 2683 869 2741 catholici
885 2684 1012 2763 nominis
1027 2684 1207 2760 professores
1223 2687 1294 2746 ima·

97 2779 179 2855 gines
193 2777 265 2836 nihil
279 2777 382 2835 habere
399 2777 519 2845 virtutis,
534 2778 589 2835 nisi
606 2777 668 2836 Deo
683 2777 816 2846 donante,
832 2791 861 2836 et
874 2791 1036 2838 sanctorum
1052 2781 1196 2856 precibus.
1233 2783 1292 2849 Qui

94 2893 189 2933 coram
199 2893 284 2932 cruce
298 2874 496 2950 procumbunt,
512 2875 680 2957 crucifixum
693 2875 829 2934 adorant:
845 2876 895 2948 qui
910 2895 1003 2935 coram
1019 2876 1149 2954 Virginis
1160 2879 1295 2959 Deiparee

93 2973 219 3051 imagine
241 2985 399 3050 precantur,
415 2973 508 3050 ipsam
522 2974 703 3048 alloquuntur
718 2973 878 3051 Virginem.
921 2975 1006 3043 Quod
1028 2977 1145 3053 imagini
1160 2979 1293 3040 osculum

94 3071 204 3148 figatur,
220 3069 264 3128 vel
276 3069 332 3128 alia
346 3069 447 3128 dentur
461 3073 566 3129 amoris
582 3071 625 3129 vel
638 3072 878 3140 honorisindicia,
888 3074 1027 3150 contingit
1039 3092 1076 3132 ex
1091 3075 1192 3135 intima
1206 3096 1293 3151 quarn

93 3166 177 3227 habet
191 3165 226 3224 ad
241 3167 388 3243 exemplar
403 3167 546 3225 relatione.
589 3168 679 3226 Siefit
690 3179 721 3227 ut
741 3188 789 3226 eas
804 3169 991 3242 alloquamur,
1009 3169 1170 3241 Christum,
1180 3172 1294 3252 Deipa·

93 3266 214 3324 ranivel
236 3275 349 3323 sanctos
366 3282 430 3322 vere
445 3265 631 3338 alloquentes,
649 3286 720 3340 quos
743 3280 897 3344 praesentes
919 3269 1002 3327 nobis
1017 3268 1163 3328 exhibent.
1207 3272 1293 3341 Quod

93 3360 245 3435 aliquando
273 3378 358 3418 voces
379 3379 416 3418 ex
445 3361 616 3437 imaginibus
639 3364 752 3422 emissae
773 3363 938 3448 referqntur,
959 3365 1063 3434 ¹facturn
1085 3350 1221 3427 censetur
1242 3371 1293 3428 mi·

94 3459 199 3526 raculo,
215 3457 292 3532 quod
307 3470 401 3516 tamen
414 3457 519 3533 pendet
532 3477 570 3515 ex
584 3460 753 3536 scriptorum
769 3461 836 3519 fide.
878 3461 998 3520 Fiducia
1010 3481 1073 3535 quae
1088 3465 1231 3541 imagines
1245 3465 1293 3525 de·

95 3555 209 3614 ferendo
222 3555 341 3624 fovetur,
358 3574 395 3613 ex
409 3555 503 3613 studio
518 3576 575 3628 quo
587 3559 752 3616 memoriam
768 3559 889 3616 colimus
901 3569 1073 3627 sanctorum,
1086 3573 1115 3618 ct
1124 3562 1292 3623 invocamus

94 3671 204 3728 preces,
219 3653 316 3720 oritur,
332 3672 397 3710 nam
422 3653 554 3728 imaginis
579 3652 680 3712 delatio
705 3658 811 3714 excitat
832 3659 1010 3724 memoriam,
1026 3671 1055 3715 et
1079 3658 1193 3734 sanctas
1209 3680 1292 3738 ⁴saepe

94 3750 185 3826 injicit
207 3749 406 3825 cogitationes.
451 3749 536 3816 erod
551 3751 604 3807 alia
619 3769 679 3826 prae
693 3752 747 3809 alia
762 3753 871 3810 colatur
885 3754 990 3829 imago,
1012 3754 1152 3832 contingit
1168 3757 1292 3832 plerum·

94 3869 150 3922 qne
165 3847 292 3925 pluribus
308 3848 371 3924 ejus
393 3849 544 3907 occasione
566 3849 722 3924 impetratis
744 3851 902 3919 beneficiis,
925 3851 1006 3928 cujus
1029 3851 1206 3912 discriminis
1222 3857 1293 3915 ratio

94 3949 170 4008 nulla
184 3945 245 4004 dari
259 3955 364 4021 potest,
381 3957 480 4020 praeter
503 3947 558 4004 Dei
574 3938 757 4016 voluntatem,
773 3950 823 4022 qui
843 3949 918 4023 dona
938 3969 990 4008 sna
1010 3969 1125 4010 summo
1147 3952 1291 4020 distribuit

94 4044 217 4112 arbitrio,
232 4053 261 4099 et
274 4042 418 4101 nonnullis
439 4044 468 4100 in
483 4043 555 4101 locis
570 4044 670 4120 majori
686 4044 823 4121 largitate.
865 4045 971 4103 Omnia
985 4046 1077 4103 cultus
1094 4025 1201 4106 indicia
1226 4068 1293 4126 pen·

94 4141 160 4199 dent
174 4161 210 4199 ex
224 4140 312 4198 autimi
327 4141 485 4216 proposito,
499 4157 527 4198 et
541 4140 661 4198 solemni
676 4141 816 4200 Ecclesia
831 4141 968 4210 doctriua,
981 4143 1104 4217 ideoque
1119 4164 1156 4203 ex
1171 4161 1292 4206 externa

93 4238 213 4310 quadam
228 4237 415 4296 similitudine
427 4257 485 4296 non
500 4250 598 4314 posset
607 4239 673 4314 jure
689 4237 798 4306 inferri,
814 4240 921 4298 cultum
936 4239 1059 4299 eundem
1076 4261 1092 4298 a
1106 4243 1191 4300 nobis
1206 4262 1293 4320 praee·

95 4335 158 4401 tari,
171 4353 203 4391 ac
217 4353 302 4407 quem
318 4335 385 4393 olim
401 4334 484 4392 idolis
500 4334 559 4392 suis
580 4335 772 4411 prestiterunt
784 4335 901 4395 ethnici.
944 4336 1089 4410 Equidem
1105 4338 1154 4397 hic
1169 4342 1291 4401 vitiosus

95 4438 163 4496 erat,
179 4438 238 4485 tum
263 4430 330 4501 quia
355 4431 437 4488 fictos
452 4430 597 4503 salsosque
611 4428 680 4488 deos
696 4432 835 4508 imagines
856 4431 1037 4500 exhibebant,
1061 4444 1119 4492 tum
1136 4436 1204 4509 quia
1219 4438 1291 4515 ipsis

95 4525 266 4601 imaginibus
291 4527 331 4584 dii
356 4526 479 4585 insidere
501 4526 706 4597 credebantur;
730 4527 775 4586 vel
800 4529 901 4589 saltem
925 4525 1022 4588 divina
1042 4532 1173 4604 quedam
1200 4537 1290 4595 virtus

96 4623 204 4687 inesse,
219 4622 255 4679 ob
271 4640 357 4695 quarn
371 4624 475 4683 fidncia
486 4625 521 4682 in
532 4624 569 4683 iis
583 4635 743 4708 poneretur.
774 4625 820 4685 De
834 4625 853 4686 J
855 4626 943 4685 udeeis
957 4626 987 4685 in
998 4626 1187 4690 idololatriam
1204 4633 1296 4712 lapsis.
