2798 5092
101 309 139 364 90
464 308 521 368 DE
542 308 676 370 SACRO
698 309 933 371 COELIBATU.

100 455 247 530 quomodo
262 457 372 533 placeat
385 459 479 525 uxori,
495 468 523 516 et
537 459 647 517 divisus
662 459 754 518 111.”1
775 460 934 518 (1111111111
948 459 1036 537 igitur
1048 459 1176 518 animum
1196 455 1295 516 solici-

41 630 48 649 .
96 553 194 613 tudine
209 555 353 613 mundana
366 575 486 614 vacuum
502 557 646 631 relinquit,
662 568 693 616 ut
706 559 771 632 quis
786 558 843 616 Dei
863 559 948 616 rebus
960 567 1059 616 vacet:
1082 555 1203 635 proinde
1216 572 1295 614 max·

94 652 152 710 ime
167 655 300 711 convenit
314 655 348 711 iis
364 654 413 727 qui
430 654 464 712 ad
479 674 592 715 sacrum
606 657 796 714 ministerium
808 657 949 733 assumpti
963 666 1042 715 suut.
1083 655 1163 715 Hine
1176 652 1294 730 scripsit

93 749 201 809 Paulus
217 751 250 809 ad
266 751 471 811 Timotheum:
495 762 514 790 ‘⁴
528 754 705 830 Exemplum
718 765 781 813 esto
795 753 924 813 fidelium
941 754 970 813 iu
980 755 1077 824 verbo,
1093 755 1122 813 in
1138 770 1292 812 couversa-

95 848 183 914 tione,
200 849 228 906 in
243 848 388 916 charitate,
404 851 433 907 iu
448 849 514 918 fide,
530 853 559 908 in
574 851 750 908 castitate.'’⁹

132 945 286 1004 Probatur
299 945 343 1005 II.
353 954 479 1025 patrum
491 948 660 1008 testimonio
675 956 702 1007 et
707 947 839 1027 judicio.

135 1047 200 1102 191.
223 1043 380 1102 Oaronuns
395 1045 453 1103 ait:
477 1055 497 1081 “
510 1046 542 1103 Si
557 1046 647 1104 oratio
665 1047 737 1122 justi
761 1047 836 1105 sieut
860 1048 1010 1105 incensum
1030 1045 1149 1106 offertur
1170 1046 1201 1104 in
1223 1064 1292 1105 cou-

91 1152 190 1220 spectu
212 1142 341 1208 Domini,
363 1155 391 1199 et
412 1142 534 1200 elevatio
559 1162 695 1202 manuum
718 1145 781 1219 ejus
804 1144 976 1202 sacrificium
1001 1154 1046 1201 est
1067 1143 1289 1220 vespertinum

93 1239 161 1298 dicit
174 1251 268 1298 antem
284 1239 439 1315 Apostolus
456 1239 491 1296 iis
508 1240 557 1312 qui
572 1241 600 1297 in
615 1241 758 1316 conjugiis
773 1251 859 1298 sunt:
883 1249 891 1275 ⁴
906 1240 1004 1299 Nolite
1014 1240 1141 1299 fraudare
1154 1239 1293 1306 invicem,

92 1336 147 1396 nisi
162 1337 233 1394 forte
248 1355 285 1394 ex
300 1354 443 1394 consensu
458 1336 491 1393 ad
508 1348 631 1412 tempus,
648 1347 678 1394 ut
693 1337 797 1394 vacetis
813 1338 944 1405 orationi,
959 1346 988 1394 et
1001 1337 1102 1395 iterum
1118 1336 1148 1394 in
1163 1335 1293 1412 idipsum

91 1436 154 1493 sitis
163 1434 182 1501 ;'
206 1443 313 1491 certum
337 1442 381 1490 est
395 1433 631 1510 quiaimpeditur
644 1433 815 1491 sacrificium
839 1432 1004 1491 indesinens
1019 1432 1055 1491 iis
1070 1433 1119 1507 qui
1134 1431 1295 1509 conjugali·

91 1533 144 1590 bus
166 1530 383 1589 necessitatibus
411 1531 547 1587 serviunt.
590 1531 675 1589 Unde
698 1530 808 1587 videtur
830 1530 902 1587 mihi
930 1529 1108 1610 quodflillius
1131 1539 1177 1587 est
1200 1529 1292 1587 solius

90 1630 193 1690 offerre
216 1629 390 1687 sacrificium
412 1625 590 1696 indesinens,
612 1630 661 1702 qui
683 1627 857 1686 indesinenti
878 1638 907 1686 11
929 1640 1074 1706 perpetue
1098 1646 1130 1685 se
1145 1626 1295 1686 devoverit

90 1726 260 1786 1111111111.”3

133 1827 199 1882 192.
223 1825 254 1880 S.
272 1823 424 1882 01111111
446 1822 753 1881 Hunnosonuurrauns
775 1821 992 1880 animadvertit:
1017 1831 1036 1858 ‘⁴
1049 1821 1178 1880 11111111
1197 1821 1294 1898 puris·

89 1923 195 1981 simum
212 1922 339 1998 puritatis
355 1920 500 1978 doctorem
525 1938 562 1977 ex
587 1921 666 1995 puris
692 1919 804 1995 prodire
819 1918 963 1977 thalamis.
1006 1919 1131 1977 sienim
1145 1919 1197 1992 qui
1211 1918 1292 1995 apud

89 2020 191 2080 Jesum
207 2021 278 2077 bene
300 2017 426 2095 fungitur
447 2017 617 2085 sacerdotio,
632 2018 786 2076 abstinete
800 2016 918 2074 muliere
933 2036 940 2073 :
963 2015 1108 2089 quomodo
1122 2015 1186 2092 ipse
1200 2014 1292 2074 ,lesus

90 2135 127 2175 ex
142 2116 259 2174 muliere
276 2113 429 2191 prodiisset
437 2113 484 2170 1”4
533 2140 536 2145 ·

133 2216 199 2271 193.
223 2212 373 2271 Essemus
396 2210 431 2268 de
456 2212 544 2268 sacris
560 2210 698 2268 ministris
711 2209 852 2283 loquens:
874 2218 893 2246 ‘⁴
905 2208 962 2266 His
976 2217 1072 2267 autem
1085 2208 1169 2284 ipsis,
1185 2217 1218 2265 ut
1233 2227 1295 2267 me·

91 2310 209 2369 lioribus
225 2307 325 2365 studiis
340 2317 442 2364 vacent
455 2306 582 2372 liberius,
593 2307 738 2382 sejunctus
753 2325 810 2363 are
822 2306 924 2364 uxoria
934 2304 1025 2362 victus
1034 2303 1189 2367 adamatur,
1202 2303 1295 2361 veluti

90 2406 127 2465 iis
142 2406 191 2476 qui
204 2403 299 2461 divina
312 2412 341 2460 11
354 2404 522 2478 incorporea
536 2402 635 2459 sobole
648 2401 829 2479 propaganda
857 2402 988 2477 occupati
1002 2409 1170 2458 teneantur:
1192 2409 1221 2457 et
1234 2418 1297 2465 non
1311 2414 1319 2425 ’

91 2505 186 2569 unius,
202 2520 295 2574 neque
307 2500 428 2557 duorum
442 2498 606 2566 liberorum,
621 2501 671 2558 sed
694 2502 846 2559 acervatim
867 2499 1083 2558 innumerabilis
1097 2497 1293 2557 multitudiuis

91 2599 300 2664 educationem,
315 2608 499 2669 sanctamque
523 2597 715 2672 disciplinam,
730 2617 763 2655 ac
784 2597 901 2668 reliqum
916 2594 1096 2654 instituendae
1112 2595 1177 2652 ritae
1191 2614 1295 2655 curam

91 2695 302 2773 susceperint.’‘
344 2695 384 2752 Et
400 2693 488 2752 inira:
513 2703 532 2730 “
547 2695 751 2753 Verumtamen
765 2714 815 2754 eos
831 2695 881 2769 qui
895 2695 996 2752 sacrati
1011 2694 1078 2761 sint,
1091 2702 1176 2766 atque
1187 2694 1219 2751 in
1234 2693 1293 2753 Dei

93 2794 253 2854 ministeriu
276 2794 411 2866 cultuque
436 2793 577 2869 occupati,
603 2794 749 2851 continere
777 2793 913 2867 deinceps
940 2793 1053 2870 seipsos
1076 2811 1093 2848 a
1116 2794 1295 2852 commercio

90 2895 189 2954 uxoris
204 2893 303 2960 decet,
326 2893 375 2966 qui
390 2903 484 2950 autem
504 2911 561 2949 non
575 2892 609 2949 ad
624 2902 731 2950 tantum
755 2893 894 2969 assumpti
915 2893 972 2949 sint
994 2889 1148 2949 sacerdotii
1172 2908 1293 2961 munus,

90 2992 126 3049 iis
141 2991 216 3049 idem
232 3009 326 3047 sermo
341 2988 454 3047 divinus
469 2989 607 3065 indulget,
620 3008 653 3047 ac
668 2989 761 3065 palam
777 2989 910 3047 omuibus
923 2986 1067 3064 praedicat,
1080 2985 1156 3061 quod
1168 2987 1293 3046 honora-

90 3090 146 3155 bile
161 3089 199 3146 sit
212 3088 388 3164 conjugium,
404 3098 432 3145 et
453 3090 551 3145 thorus
573 3087 782 3154 immaculatus,
804 3087 989 3145 seminatores
1011 3094 1040 3144 et
1054 3084 1198 3143 adulteros
1208 3085 1290 3163 judi-

90 3201 203 3247 caturus
218 3189 255 3244 sit
270 3185 397 3246 Deus.'’⁵

134 3289 199 3344 194.
236 3284 472 3342 8.(111111111
502 3282 683 3341 Ν1111111;
720 3282 904 3350 “Quomodo
936 3280 993 3340 Dei
1027 3279 1187 3340 sacerdotio
1226 3281 1291 3342 sun·

90 3386 176 3462 geris,
203 3383 253 3481 qui
276 3381 309 3438 ad
335 3381 419 3438 hoc
412 3400 508 3457 ipsum
534 3393 564 3437 ut
588 3399 691 3438 munus
715 3381 832 3438 offerres
857 3392 960 3437 unctus
983 3379 1047 3436 111
1079 3378 1190 3437 Μ1111
1214 3399 1287 3440 1111

91 3501 150 3540 non
164 3454 283 3538 omnino
297 3479 432 3545 alienum,
450 3497 544 3552 neque
559 3479 738 3554 suppositum
761 3497 798 3535 ex
816 3478 851 3535 iis
872 3495 936 3549 quae
958 3477 1010 3534 tibi
1030 3477 1210 3535 extrinsecus
1224 3496 1293 3538 eve·

92 3581 184 3646 niunt,
199 3578 249 3636 sed
264 3596 361 3636 revera
376 3588 466 3644 tuum,
481 3576 571 3651 quod
581 3587 624 3634 est
644 3575 732 3634 homo
746 3585 811 3634 tuus
831 3575 957 3642 interior,
973 3576 1022 3649 qui
1037 3584 1183 3649 tamquam
1197 3595 1292 3654 agnus

128 3793 170 3858 (1)
191 3789 284 3839 Ibidem
297 3792 319 3839 7.
353 3789 368 3839 J
370 3787 475 3853 osephus
487 3787 585 3848 Milner,
597 3789 760 3851 Anglicanus,
770 3787 797 3838 in
806 3787 923 3838 Ecclesia
935 3785 1132 3837 111111111111111
1143 3785 1296 3852 Apostolum

94 3877 233 3928 coelibatum
256 3872 432 3933 commendare,
452 3872 588 3923 Corinthiis
610 3872 795 3938 respondendo:
813 3873 866 3922 “In
878 3888 974 3922 answer
984 3879 1010 3920 to
1018 3870 1082 3921 their
1092 3871 1196 3934 quocies,
1207 3871 1241 3922 he
1257 3890 1296 3924 re·

92 3962 235 4016 commende
245 3961 353 4025 celibecy
365 3977 391 4010 11
401 3960 532 4025 preferable
543 3967 569 4009 1ο
580 3960 727 4024 matrimony
736 3959 818 4009 where
835 3975 850 4008 1
868 3974 927 4008 man
938 3957 1104 4022 csvpmetise
1112 3957 1139 4016 it,
1149 3956 1199 4008 and
1210 3958 1265 4010 1111
1282 3960 1296 4010 1

94 4054 166 4103 think
176 4054 239 4101 from
250 4048 347 4112 general
359 4063 464 4106 1111111,
475 4063 502 4096 as
514 4063 580 4098 mors
591 4047 729 4097 ssrourable
737 4053 764 4097 1ο
775 4046 884 4096 holiness
889 4044 994 4095 without
1001 4044 1116 4094 however
1125 4044 1296 4111 depromam

95 4139 243 4202 matrimony
244 4167 348 4185 .....
366 4133 377 4183 l
389 4133 477 4184 should
487 4140 532 4183 not
542 4134 651 4192 wonder,
667 4133 689 4182 11
702 4149 770 4183 some
780 4147 883 4198 persons
893 4130 982 4181 should
992 4131 1075 4180 stertis
1086 4137 1112 4180 11
1121 4129 1213 4182 1111111
1230 4132 1295 4184 hare

96 4223 237 4275 mentioned
248 4238 275 4272 ss
287 4220 328 4272 the
337 4222 481 4270 sentimenta
492 4220 521 4270 of
528 4219 564 4268 St.
576 4219 648 4279 Paul,
659 4219 754 4282 though
765 4219 784 4269 it
795 4220 825 4268 be
836 4219 924 4267 almost
940 4216 1079 4281 impossible
1089 4216 1127 4268 sor
1142 4232 1194 4282 any
1205 4234 1297 4285 uuprs·

88 4309 189 4374 judiced
200 4323 290 4374 person
302 4313 327 4356 to
338 4304 487 4356 understand
497 4304 550 4354 him
561 4302 711 4354 otherwise?
746 4303 812 4353 11111.
824 4303 853 4353 11
860 4301 901 4352 tlte
914 4301 1023 4362 Ohurch,
1034 4307 1098 4351 1111.
1109 4301 1127 4351 1.
1138 4300 1179 4352 11.
1191 4303 1229 4353 xi.

133 4396 176 4461 (2)
198 4399 209 4442 l
220 4393 383 4443 1111111.

147 4485 175 4548 8)
194 4482 270 4531 Hom.
278 4480 348 4530 xxiii.
358 4479 407 4530 inl
419 4477 497 4529 Num

133 4485 145 4549 (

133 4569 144 4633 (

132 4654 144 4718 (

146 4598 498 4718 dtL.ldedem.Er..cix.
