2798 5092
136 342 192 398 rao
450 295 505 396 on
527 334 714 397 vrucuco
736 334 1010 397 unrnrnoun.

614 1083 755 1145 CAPUT
780 1084 834 1147 VI.

407 1320 461 1376 DE
496 1322 706 1376 VINCULO
728 1314 1045 1379 'Mn’rltlrtottlt

459 1575 463 1589 ¹
483 1638 484 1641 ,
557 1590 583 1664 ς.
598 1589 622 1649 Ι.
645 1588 693 1648 Da
707 1606 737 1648 vr
751 1580 882 1648 vruoucr.

163 1760 211 1839 lb.
234 1779 314 1839 Solvi
338 1796 425 1857 poree
446 1780 484 1839 ob
504 1779 674 1839 adulterium
702 1779 829 1839 mulieris
852 1778 998 1840 vinculum
1023 1779 1201 1841 matrimonii
1226 1783 1325 1845 Graeci

122 1879 293 1938 recentiores
317 1889 499 1946 censuerunt,
523 1896 642 1953 mosque
664 1877 776 1937 divortii
798 1875 873 1955 apud
895 1877 1048 1956 plerosque
1070 1879 1207 1950 obtinuit,
1236 1883 1323 1942 etiam

122 1976 196 2055 apud
211 1973 349 2050 quosdam
364 1994 430 2035 cum
446 1976 578 2035 Ecclesia
592 1976 723 2035 Romana
743 1977 947 2034 communione
969 1977 1150 2053 conjunctos.
1194 1978 1324 2057 Operam

120 2084 261 2133 strenuam
278 2073 405 2132 adhibuit
418 2074 568 2153 Eugeniue
579 2073 633 2133 1v.
648 2073 677 2132 in
692 2073 815 2132 concilio
829 2071 998 2132 Florentino
1012 2083 1043 2131 ut
1066 2092 1183 2150 pravam
1200 2094 1325 2137 conrue-

120 2170 245 2230 tudinem
261 2169 455 2234 emendarentt
472 2168 524 2228 red
538 2179 567 2228 et
581 2168 745 2227 Tridentini
759 2180 853 2246 patres
871 2170 1050 2227 anathemate
1065 2169 1229 2230 damnaturi
1243 2186 1326 2233 erant

119 2287 241 2329 errorem
263 2286 362 2327 eorum
383 2268 433 2342 qui
458 2266 583 2326 dicerent
608 2265 778 2325 adulterium
800 2266 1012 2325 matrimonium
1034 2266 1322 2345 dirimere,‘quando

118 2365 315 2424 intercessioni
351 2366 503 2424 Oratorum
536 2362 654 2422 Venetae
686 2362 861 2440 reipublice,
891 2363 1114 2423 consuetudines
1147 2367 1323 2429 inveteratae

119 2462 285 2520 Grecomm
301 2461 487 2538 plurimorum
511 2460 561 2534 qui
582 2479 616 2518 ea
637 2460 744 2519 ditione
766 2460 994 2529 continebantur,
1013 2463 1234 2538 exponentium,
1251 2484 1322 2527 con·

117 2567 274 2624 cesserunt,
287 2566 321 2616 ut
339 2556 394 2615 alia
408 2556 559 2614 verborum
574 2555 663 2613 forma
678 2574 770 2613 canon
785 2555 897 2612 fierett²
918 2557 983 2614 “Si
1003 2559 1068 2630 quis
1082 2557 1198 2626 dixerit,
1214 2559 1322 2622 Eccle-

116 2657 187 2715 siam
199 2673 302 2724 errare,
314 2673 379 2715 cunr
396 2653 501 2723 docuit,
516 2647 547 2713 et'
559 2653 651 2721 docet,
663 2653 747 2730 juxta
761 2652 954 2730 evangelicam
970 2666 998 2712 et
1010 2655 1197 2730 apostolicam
1209 2656 1317 2733 doctri-

115 2774 180 2814 nam
196 2763 312 2832 propter
326 2752 494 2812 adulterium
509 2752 624 2811 alteriue
639 2752 794 2829 conjugum
810 2745 984 2811 matrimonii
999 2753 1145 2813 vinculum
1161 2774 1221 2814 uon
1231 2738 1321 2835 poure

115 2848 245 2918 dissolvi,
261 2861 289 2908 et
303 2860 466 2922 utrumque,
490 2848 536 2907 vel
561 2848 645 2906 etiam
668 2847 863 2914 innocentem,
885 2848 934 2920 qui
958 2867 1075 2907 causam
1096 2849 1238 2912 adulterio
1260 2874 1319 2916 nou

114 2947 201 3017 dedit,
216 2966 276 3007 non
291 2966 387 3026 poree,
402 2947 490 3005 altero
512 2947 636 3025 conjuge
658 2946 782 3013 vivente,
804 2943 881 3003 aliud
902 2947 1113 3006 matrimonium
1135 2951 1319 3023 contrahere,

113 3046 308 3120 moecharique
323 3063 399 3113 eum,
408 3043 459 3118 qui
471 3034 590 3103 dimissa
600 3042 725 3103 adultera
739 3043 824 3101 aliam
840 3041 962 3112 duxerit,
978 3055 1006 3102 et
1020 3063 1094 3113 cam,
1106 3064 1179 3120 que,
1188 3045 1314 3129 dimisso

113 3141 251 3213 adultero,
278 3128 326 3203 alii
351 3141 502 3220 nupserit3
524 3141 674 3199 anathema
694 3138 779 3199 sit.’'⁸
818 3140 898 3199 Alias
919 3159 1034 3215 quoque
1057 3142 1187 3201 solvendi
1203 3147 1320 3207 vinculi

112 3259 212 3299 causae
228 3239 421 3298 excluserunt.
464 3248 483 3275 ‘⁴
498 3239 530 3296 Si
555 3239 619 3310 quis
645 3236 758 3304 dixerit,
785 3248 900 3315 propter
924 3237 1066 3306 heresim,
1091 3250 1139 3297 aut
1161 3242 1315 3306 molestam

111 3339 361 3406 cohabitationem,
376 3348 425 3395 aut
440 3335 598 3394 affectatam
621 3335 779 3393 absentiam
799 3356 815 3393 a
837 3337 969 3413 conjuge,
982 3334 1100 3395 dissolvi
1116 3357 1203 3414 posse
1219 3346 1317 3404 matri·

113 3438 202 3495 monii
216 3436 383 3506 vinculum3
405 3435 555 3494 anathema
571 3433 656 3492 eit.'’⁸
889 3514 890 3517 Ἴ

151 3539 200 3592 43.
222 3535 374 3613 Anglicani
398 3534 551 3593 divortium
572 3532 680 3591 vinculi
701 3531 916 3591 matrimonialia
938 3531 1041 3591 secisse
1063 3533 1195 3602 dicuntur
1210 3515 1227 3597 a
1242 3538 1317 3601 Bur·

110 3642 188 3699 neto,
204 3633 307 3706 quibus
322 3644 417 3693 tamen
431 3651 467 3690 nc
481 3632 611 3691 adulterii
625 3631 741 3704 quidem
767 3639 922 3707 praetcxtus
947 3631 1179 3709 suffragabatur.⁴
1218 3636 1317 3712 Equi.

110 3729 176 3790 dem
191 3730 245 3788 alia
261 3750 376 3807 prorsus
392 3731 499 3791 ratione
513 3730 653 3789 nitebatur
668 3728 813 3787 Henrious
838 3727 934 3798 Vnt,
956 3730 1066 3789 irritum
1089 3731 1201 3793 rcilicet
1220 3735 1314 3797 fuisse

109 3828 144 3886 ab
159 3826 240 3886 initio
256 3827 432 3903 conjugium,
455 3827 491 3884 ob
516 3825 659 3883 affinitatis
681 3825 710 3882 iu
737 3824 830 3899 primo
850 3823 938 3901 gradu
959 3825 1209 3902 impedimentum,
1230 3833 1311 3905 quod

109 3924 321 4002 dispensatione
337 3924 482 4002 pontificia
497 3924 599 3982 auferri
613 3942 670 3981 non
695 3923 823 4000 potuisse
838 3922 958 3980 dicebat.
1001 3923 1046 3982 De
1060 3926 1203 4004 principio
1214 3942 1312 3993 autem

109 4025 184 4099 apud
199 4025 278 4102 ipsos
293 4043 351 4082 uon
366 4034 487 4090 constat,
502 4042 566 4080 nam
583 4041 670 4095 quum
693 4021 728 4079 de
750 4021 873 4079 divortio
896 4019 1050 4088 Carolinae,
1069 4026 1170 4083 uxoris
1187 4027 1311 4108 Georgii

108 4118 162 4177 IV.
179 4134 315 4198 ageretur,
332 4119 575 4196 Archiepiscopus
591 4119 806 4176 Cantuariensis
832 4127 861 4175 et
881 4116 953 4174 alius
975 4118 1103 4187 antistes,
1120 4139 1136 4177 e
1160 4130 1311 4187 contrariis

110 4224 246 4276 steterunt
261 4218 413 4296 partibus,³
427 4215 584 4286 doctrinam
609 4216 750 4274 Ecclesiae
765 4216 929 4299 Anglioanae
945 4213 1049 4273 vinculi
1065 4214 1240 4282 solutionem
1265 4226 1314 4284 ad·

242 4376 253 4439 (
257 4378 268 4422 1
273 4389 284 4441 )
303 4376 367 4426 Vide
377 4373 522 4425 Pallevicini
538 4373 625 4423 latoria
631 4374 671 4425 del
683 4373 787 4425 concilio
798 4374 824 4424 di
835 4373 928 4422 Trento
938 4373 954 4425 l.
965 4373 1025 4425 xxii.
1037 4386 1090 4435 cap.
1103 4371 1138 4424 iv.

169 4479 181 4531 '¹
241 4462 283 4525 (2)
305 4461 370 4510 Sese.
382 4462 450 4511 xxiv.
461 4475 516 4509 can.
527 4459 568 4510 vii.

242 4545 284 4610 (3)
305 4545 398 4596 Ibidem
410 4563 465 4597 can.
473 4562 496 4594 v.

253 4632 282 4698 4)
304 4632 401 4693 Burnet‚
416 4633 533 4696 Analyuis
546 4633 637 4682 Article
649 4649 708 4683 xxv.
719 4649 743 4698 p.
756 4633 814 4682 454.

254 4719 283 4778 5)
303 4715 366 4766 Vide
378 4717 414 4767 lX
426 4717 510 4767 Letter
521 4717 549 4764 of
556 4717 720 4783 Hierophilor.

240 4632 251 4696 (

241 4718 252 4782 (
