2798 5092
98 276 163 385 coo
518 321 883 395 oueuucnuouro.

103 481 290 548 sanctisunt,
311 479 467 540 maximum
495 497 560 538 esse
579 479 727 539 credentes
754 481 913 542 animarum
936 481 1087 558 juramen,
1114 500 1170 559 pro
1198 482 1301 557 quibust

102 581 220 641 offertur
233 579 358 656 precatio
372 579 461 637 sancti
478 577 553 638 illius
567 589 596 637 et
608 577 746 639 demendi
760 579 839 654 quod
858 580 889 639 in
909 579 990 638 altari
1009 581 1142 658 positum
1155 592 1202 641 est
1215 582 1300 643 sacri·

103 678 207 739 ficii.’'¹

142 781 191 835 33.
212 775 245 833 S.
261 774 435 832 Gauoosrus
449 773 609 833 Nrsssrrus
626 774 666 833 ait
688 792 739 834 eos
761 773 838 832 “vel
862 775 891 833 in
912 776 1046 852 prasenti
1069 776 1127 834 vita
1147 778 1301 854 sapientiae

102 874 197 933 studio
210 885 239 931 et
251 871 382 949 precibus
396 882 542 948 purgatos,
558 871 602 930 rel
616 882 681 948 post
694 872 815 939 obitum,
832 889 882 949 per
902 873 1088 951 expurgantis
1109 875 1187 952 iguis
1208 874 1301 935 lorne-

102 992 165 1033 cem
178 973 320 1048 expiatos,
335 968 369 1030 ad
384 971 586 1046 sempiternam
601 970 763 1029 felicitatem
779 970 974 1048 perveniro.”⁸

140 1075 189 1131 34.
210 1072 365 1131 Eussauus
378 1068 413 1128 de
428 1069 610 1127 Constantini
624 1069 722 1127 sunere
736 1069 794 1127 ait:
819 1079 839 1106 ‘⁸
851 1088 885 1128 ac
905 1070 1004 1129 beatus
1024 1069 1143 1145 quidem
1166 1072 1303 1150 princeps

101 1167 158 1227 alto
171 1168 202 1225 in
222 1177 359 1244 suggestu
375 1165 486 1243 jacens,
500 1163 630 1222 laudibus
644 1175 705 1223 turn
722 1165 925 1224 celebrabatur.
967 1167 1189 1228 Innumerabilis
1205 1180 1303 1229 autem

100 1267 224 1344 populus
246 1284 301 1323 uns
322 1282 389 1323 cum
411 1261 606 1320 sacerdotibus
632 1262 699 1328 Dei,
714 1281 773 1322 uon
794 1265 858 1322 sine
883 1265 991 1342 gemitu
1006 1284 1041 1324 ac
1061 1265 1233 1342 lachrymis,
1249 1286 1303 1345 pro

99 1363 278 1441 imperatoris
293 1361 387 1420 anima
398 1377 497 1437 preces
506 1357 663 1417 offerebant
677 1359 752 1428 Deo,
761 1359 955 1437 gratissimum
969 1360 1018 1438 pio
1030 1361 1155 1439 principi
1169 1361 1300 1425 officium

98 1456 316 1521 exhibentes.”³

138 1559 187 1613 35.
209 1555 413 1613 Eamusrrrus:
436 1550 608 1610 “Ceterum
623 1570 686 1625 quse
708 1570 760 1628 pro
773 1553 892 1611 mortius
913 1553 1114 1631 concipiuntur
1133 1573 1249 1632 preces,
1263 1556 1301 1616 iis

99 1652 182 1712 utiles
204 1665 280 1718 sunt,
302 1650 414 1708 tametsi
437 1667 496 1708 nou
520 1666 621 1707 omnes
645 1649 745 1726 culpas
773 1646 991 1727 extinguant.”⁴
1029 1651 1087 1711 Et:
1111 1651 1210 1712 “Jam
1230 1652 1298 1714 verb

98 1748 193 1825 quoad
206 1762 333 1807 mortuos
348 1757 467 1825 spectat,
483 1748 651 1807 nominatim
666 1747 701 1805 de
711 1747 767 1807 illis
779 1749 886 1808 mentio
900 1749 941 1817 fit,
951 1762 981 1808 et
989 1768 1093 1827 preces
1104 1770 1138 1810 ac
1149 1752 1303 1820 sacrificia,

99 1849 297 1926 Mysteriaque
312 1844 572 1920 frequentantur.”⁵

137 1950 185 2005 36.
209 1945 241 2003 S.
264 1943 519 2002 Oueusosuorsus:
554 1942 620 2000 “Si
634 1953 766 2020 peccator
787 1944 923 2012 excessit,
939 1954 1088 2021 propterea
1108 1945 1195 2005 etiam
1208 1945 1299 2007 letari

98 2054 210 2122 oportet
224 2040 300 2117 quod
316 2042 480 2100 interscissa
493 2052 561 2099 sunt
584 2051 710 2118 peccata,
724 2053 754 2099 et
777 2041 847 2099 vitio
867 2060 925 2101 uon
946 2041 1058 2119 adjecit,
1075 2053 1104 2100 et
1124 2042 1220 2117 quoad
1239 2043 1303 2105 fieri

97 2151 201 2220 potest,
224 2158 399 2206 succurrere,
421 2156 479 2197 uon
501 2137 668 2215 lachrymis,
692 2137 743 2197 sed
766 2138 909 2215 precibus,
930 2151 959 2197 et
979 2139 1254 2216 supplicationibus,
1272 2150 1302 2200 et

96 2237 300 2313 elecmosynis,
320 2248 349 2294 et
369 2234 571 2294 oblationibus.
613 2235 683 2293 Non
706 2246 774 2293 suut
800 2235 877 2293 enim
903 2235 967 2295 haec
988 2248 1095 2295 temere
1123 2239 1300 2316 excogitata,

96 2352 188 2408 neque
203 2334 314 2400 lmstra,
329 2349 427 2389 eorum
442 2329 492 2404 qui
512 2340 707 2397 excessemnt,
721 2330 751 2388 iu
766 2328 871 2388 divinis
887 2331 1033 2408 mysteriis
1055 2332 1256 2400 meminimus,
1271 2341 1301 2393 ct

96 2452 148 2510 pro
163 2431 233 2509 ipsis
258 2428 430 2495 accedimus,
445 2438 577 2504 rogantes
600 2429 717 2504 agnum
745 2429 936 2505 propositum,
955 2429 1005 2503 qui
1018 2428 1120 2488 mundi
1145 2441 1297 2507 peccatum

97 2528 170 2595 tulit,
184 2526 235 2584 sed
249 2536 281 2583 ut
293 2525 335 2582 eis
349 2522 416 2582 iude
430 2522 525 2596 aliqua
538 2523 577 2581 sit
594 2522 762 2581 consolatio.
805 2523 910 2597 Neque
924 2525 1034 2598 absque
1048 2542 1078 2584 rs
1103 2524 1128 2583 is
1144 2526 1194 2599 qui
1209 2525 1302 2585 adstat

96 2623 184 2691 altari,
199 2621 268 2680 dum
282 2617 443 2678 veneranda
455 2625 628 2695 peraguntur
650 2618 798 2694 mysteria,
815 2619 935 2688 clamat;
957 2620 1016 2680 Pro
1036 2620 1172 2679 omnibus
1192 2621 1245 2694 qni
1266 2620 1299 2680 iu

96 2720 215 2780 Christo
228 2718 413 2786 dormierunt,
424 2727 453 2775 et
469 2717 505 2774 iis
520 2715 570 2790 qui
585 2733 637 2794 pro
652 2716 724 2794 ipsis
741 2716 885 2777 celebrant
899 2716 1098 2777 memorias.'’⁶

135 2823 182 2878 37.
206 2818 237 2877 S.
253 2818 420 2875 Ausnosrus
432 2814 516 2874 docet
529 2831 632 2872 omnes
644 2813 812 2873 transituros
822 2832 873 2891 per
887 2814 994 2890 ignem,
1007 2833 1066 2889 quo
1077 2812 1222 2893 judicium
1233 2824 1299 2893 post

95 2927 213 2976 mortem
236 2915 330 2972 statim
355 2910 535 2972 subeundum
558 2910 674 2969 iudicat.
717 2910 860 2970 “Omnes
882 2923 993 2990 oportet
1007 2913 1127 2971 naurire
1143 2931 1194 2990 per
1209 2912 1291 2973 dam·

94 3033 167 3081 mas,
182 3013 244 3070 sive
258 3011 304 3069 ille
318 3010 336 3070 J
339 3027 446 3069 oannes
461 3007 637 3086 evangelista
648 3007 696 3076 sit,
717 3026 804 3081 quem
818 3008 857 3066 ita
871 3007 972 3067 dilexit
992 3008 1146 3075 Dominus,
1163 3018 1194 3067 ut
1206 3008 1242 3068 dc
1257 3027 1294 3069 eo

92 3112 200 3170 diceret
212 3109 247 3168 ad
259 3110 394 3168 Petrum:
418 3106 486 3164 ‘Sic
510 3123 577 3163 eum
592 3106 658 3163 volo
674 3124 807 3164 manere:
831 3104 901 3180 quid
916 3105 952 3165 ad
971 3117 1020 3165 te:
1040 3115 1069 3164 tu
1085 3124 1132 3165 me
1153 3105 1299 3181 sequere!

94 3209 139 3268 De
154 3219 244 3268 morte
258 3208 321 3285 ejus
336 3203 424 3278 aliqui
446 3202 665 3270 dubitaverunt3
688 3202 723 3261 de
746 3203 867 3262 transitu
897 3204 1066 3282 perignem
1088 3202 1219 3263 dubitare
1240 3223 1299 3265 non

92 3324 257 3384 possumus,
273 3304 340 3377 quia
354 3303 384 3359 in
405 3298 536 3378 paradiso
556 3311 611 3367 est,
632 3317 685 3357 nec
709 3313 857 3376 separatur
878 3321 896 3359 a
918 3300 1057 3360 Christo.
1099 3300 1169 3358 Sive
1191 3301 1241 3360 ille
1262 3301 1300 3360 sit

92 3405 206 3470 Petrus,
228 3402 278 3476 qui
303 3401 396 3458 claves
419 3396 530 3473 accepit
550 3396 631 3473 regni
656 3396 804 3465 coelorum,
827 3398 877 3472 qui
902 3416 991 3476 supra
1021 3416 1100 3458 mare
1128 3398 1297 3468 ambulavit,

93 3513 204 3579 oportet
217 3500 310 3559 dicat:
333 3496 533 3556 Transivimus
549 3494 711 3573 perignem
727 3506 755 3553 et
770 3514 887 3569 aquam,
902 3494 1042 3555 induxisti
1058 3513 1111 3554 nos
1127 3496 1157 3554 iu
1178 3496 1298 3575 refrige-

92 3599 175 3656 rium.
217 3597 275 3655 Sed
289 3596 396 3656 Joanui
410 3595 466 3653 cito
480 3593 637 3651 versabitur
662 3592 763 3668 igneus
783 3593 906 3670 gladius,
921 3595 1060 3668 quianon
1089 3593 1236 3653 invenitur
1266 3596 1297 3654 iu

91 3716 127 3754 eo
142 3695 275 3768 iniquitas
289 3714 373 3769 quern
386 3692 485 3753 dilexit
499 3692 628 3766 aequitas.
658 3691 692 3748 Si
707 3690 775 3764 quid
789 3692 817 3750 in
832 3710 868 3751 eo
883 3692 944 3750 vitii
958 3691 1075 3750 humani
1093 3689 1296 3761 tricenarius

91 3793 188 3852 divina
201 3791 325 3849 decoxit.
353 3791 414 3850 Alae
426 3789 503 3848 euim
514 3789 577 3866 ejus
592 3788 668 3846 sient
682 3787 734 3845 als
751 3788 836 3865 ignis.
866 3786 925 3854 Qui
939 3787 1069 3846 habuerit
1082 3786 1130 3846 hic
1147 3787 1296 3848 charitatis

92 3893 199 3969 ignem,
219 3888 277 3947 illic
299 3889 394 3965 ignem
415 3884 503 3965 gladii
517 3886 616 3944 timere
631 3902 689 3942 nou
703 3885 816 3961 poterit.
863 3884 924 3962 lpsi
939 3884 1036 3951 Petro,
1052 3884 1102 3957 qui
1118 3885 1204 3943 toties
1219 3905 1296 3953 mor·

91 3996 148 4045 tem
163 4004 244 4044 susm
260 4003 312 4062 pro
333 3982 452 4042 Christo
476 3981 588 4045 obtolit.
602 3979 697 4038 dicet:
721 3980 838 4049 Transi,
857 3981 1003 4039 recumbe.
1044 3978 1103 4038 Sed
1126 3980 1175 4039 ille
1197 3981 1291 4043 diret:

91 4081 161 4160 Igne
175 4101 228 4142 nos
249 4081 432 4150 examinavit,
453 4079 528 4137 sicut
548 4076 726 4136 examinatur
749 4089 909 4156 argentum.
950 4076 1068 4136 Etenim
1093 4076 1125 4135 in
1141 4097 1201 4152 quo
1216 4100 1292 4156 aqua

456 4236 500 4303 (l)
518 4236 573 4287 Cot.
584 4233 660 4299 Myst.
672 4250 697 4286 s.

450 4323 493 4390 (2)
512 4321 580 4372 Orat
591 4321 623 4372 ‹le
632 4321 743 4373 mortuiis.

452 4408 495 4474 (3)
515 4404 546 4456 L.
554 4407 587 4457 iv.
597 4406 629 4457 de
639 4406 690 4457 vita
701 4404 789 4455 Const.
800 4419 822 4454 c.
839 4403 901 4455 lxxi.

451 4493 496 4560 (4)
509 4489 577 4541 Her.
588 4491 655 4542 lxxv.
667 4506 724 4556 qus
735 4496 773 4540 est
786 4488 890 4541 derisu·

426 4614 429 4619 -
453 4579 492 4644 (5)
511 4577 588 4642 Epos.
598 4576 657 4629 troi
667 4576 732 4627 cstlr.
742 4574 778 4627 Ν.
787 4576 829 4624 33.

453 4661 496 4727 (6)
515 4658 591 4711 Hom.
603 4660 647 4712 xli.
661 4660 689 4712 in
699 4675 739 4725 sp.
749 4658 767 4709 i.
778 4657 817 4709 ad.
837 4656 895 4707 (ior.
