2798 5092
346 336 409 399 DE·
423 334 739 399 IMPEDIMENTIS
761 332 1032 398 MA'l'llIMONll.
1230 338 1287 396 t-stt

95 495 285 573 praecipuast
302 495 351 571 jus
365 507 482 564 naturae,
503 514 542 554 ex
555 513 612 569 quo
633 492 885 572 pendethominis
909 494 1039 562 felicitas,
1059 504 1104 553 est
1124 493 1286 571 nuptiarum

94 593 216 655 libertas.
260 593 340 670 Ergo
354 593 421 652 huic
435 592 582 652 detrahere
608 594 707 665 nequit
720 593 812 650 civilis
827 602 963 671 potestas.
1004 591 1123 650 Accedit
1137 591 1214 665 quod
1229 610 1287 650 ma·

97 691 262 767 tilmonium
278 691 404 756 fidelium
420 693 457 750 sit
471 700 689 758 sacramentum,
704 689 827 764 ideoque
848 691 1003 751 rectoribus
1018 690 1159 749 Ecclesiae
1174 690 1288 767 permit·

98 789 161 847 titur
176 789 417 847 ministrandum:
440 808 497 862 qua
510 789 618 847 ratione
633 800 677 846 est
690 799 771 847 extra
791 789 903 848 civilem
918 796 1100 865 potestatem,
1116 787 1209 860 quoad
1230 788 1288 846 vim

99 887 205 946 vinculi
216 905 312 945 coram
327 887 402 945 Deo.

135 989 185 1044 78.
209 983 289 1042 Hinc
310 984 441 1042 Romana
465 984 615 1049 tribunalia
636 993 797 1043 constanter
816 981 1044 1060 responderunt:
1070 981 1289 1040 “matrimoniis

97 1080 223 1139 fidelium
239 1080 343 1152 quibus
358 1081 468 1137 nullum
482 1081 575 1138 obstat
585 1080 755 1138 canonicum
769 1079 1017 1156 impedimentum,
1029 1097 1108 1137 suam
1124 1077 1217 1151 quoad
1232 1097 1290 1136 ma·

99 1178 208 1237 ritalem
222 1196 331 1237 nexunt
354 1177 450 1235 inesse
470 1179 529 1235 vim
544 1189 572 1234 et
591 1177 729 1245 valorem,
744 1195 901 1251 eorumque
921 1177 1067 1235 vinculum
1093 1175 1290 1235 indissolubile

95 1283 220 1344 manere,
241 1275 460 1349 qualiacumque
482 1275 595 1333 tandem
610 1276 714 1333 suerint
727 1276 963 1351 impedimentaa
985 1273 1114 1332 saeculari
1136 1281 1286 1349 potestate,

96 1372 227 1432 Ecclesia
240 1391 299 1431 non
313 1372 452 1440 consulta,
465 1390 518 1430 nec
532 1373 678 1448 probante,
694 1390 843 1449 perperam
855 1392 888 1431 ac
902 1373 1016 1431 nulliter
1030 1368 1229 1431 constituta.''¹

487 1585 490 1593 «
502 1566 701 1613 opusculorum
714 1567 898 1609 souvurt'wtt.

134 1710 186 1768 79.
212 1706 280 1786 obj.
296 1711 322 1765 l.
346 1706 449 1765 Civilis
471 1714 596 1784 potestas
618 1726 752 1784 suprema
766 1718 819 1776 est,
834 1717 863 1765 et
883 1708 956 1766 valet
976 1708 1072 1766 omnia
1086 1706 1212 1773 efficere,
1227 1721 1292 1777 quae

96 1804 132 1864 ad
146 1805 312 1882 reipublice
334 1805 455 1863 salutem
471 1796 616 1881 prosunt:
642 1806 766 1864 maxime
781 1816 875 1864 autem
897 1804 1002 1882 pendet
1020 1805 1096 1862 salus
1118 1803 1232 1881 publica
1254 1819 1291 1860 ex

96 1902 299 1962 matrimoniis.
341 1903 441 1963 Potest
456 1921 523 1980 ergo
544 1921 578 1960 ea
592 1903 669 1961 irrita
683 1902 824 1961 declarare
840 1921 903 1976 qum
919 1923 985 1961 cum
1007 1905 1052 1960 sui
1067 1912 1114 1960 aut
1127 1900 1292 1979 reipublicae

96 2001 226 2077 pernicie
240 2002 319 2058 cives
335 2001 442 2058 ineunt.

136 2097 228 2177 Resp.
249 2099 352 2157 Potest
364 2116 399 2156 ea
417 2097 494 2156 irrita
507 2096 598 2157 facere
613 2097 707 2172 quoad
727 2116 828 2156 omnes
843 2096 962 2156 effectus
977 2097 1086 2164 civiles,
1110 2115 1166 2169 qua
1186 2095 1293 2153 ratione

97 2194 183 2253 saluti
197 2196 319 2272 publicae
334 2209 361 2253 et
371 2195 488 2272 privatae
502 2195 569 2252 satis
579 2195 711 2253 consulit.
753 2195 798 2252 Ad
810 2204 959 2267 externum
972 2192 1100 2270 regimen
1113 2212 1171 2251 uon
1182 2192 1293 2269 spectat

86 2290 219 2352 'ulterius
234 2292 377 2370 progredi,
393 2293 582 2350 conscientias
603 2292 719 2370 ligando
735 2292 779 2350 vel
794 2291 942 2361 solvendo,
958 2312 1021 2367 quae
1036 2292 1090 2350 soli
1116 2291 1194 2360 Deo,
1209 2299 1238 2348 et
1256 2288 1292 2347 iis

99 2389 151 2463 qui
166 2389 201 2447 ab
212 2407 248 2448 eo
262 2409 343 2448 suam
360 2389 488 2447 derivant
502 2389 706 2457 auctoritatem,
719 2388 887 2448 subduntur.

141 2491 192 2546 stt.
210 2485 285 2564 obj.
301 2491 330 2544 2.
353 2486 461 2562 'I'trrpis
477 2485 549 2544 soret
569 2484 711 2545 discordia
725 2487 750 2544 si
771 2486 845 2563 apud
867 2486 1029 2544 Ecclesiam
1044 2485 1170 2544 valerent
1182 2503 1245 2559 quae
1260 2482 1296 2542 ir-

103 2585 158 2644 rita
171 2597 238 2644 sunt
251 2598 280 2643 et
300 2585 395 2642 inania
416 2583 490 2660 apud
513 2584 609 2643 omnia
629 2586 725 2661 patriae
746 2585 914 2643 tribunalia:
937 2604 1006 2662 ergo
1023 2585 1087 2661 ipsa
1109 2583 1248 2643 Ecclesiae
1269 2590 1298 2639 et

102 2682 267 2759 reipublice
279 2681 356 2740 salus
368 2681 530 2740 communis
543 2680 766 2758 postulatralere
781 2681 811 2740 in
825 2693 944 2754 utroque
958 2682 1019 2740 loro
1033 2681 1111 2758 leges
1123 2681 1221 2739 civiles
1232 2697 1295 2752 quae

102 2781 238 2858 conjugia
252 2780 384 2853 quaedam
399 2780 506 2839 nullius
521 2779 664 2838 declarant
677 2779 790 2837 valoris.

143 2878 234 2958 Resp.
258 2878 348 2937 Nulla
367 2876 509 2936 discordia
529 2879 573 2936 rel
588 2879 663 2936 lucta
687 2879 760 2937 inter
780 2889 928 2951 utramque
949 2886 1117 2954 potestatem
1142 2874 1297 2935 intercedat

106 2994 226 3034 necesse
240 2985 295 3042 est,
308 2962 402 3042 rebus,
413 2985 496 3051 prout
510 2974 584 3052 apud
600 2993 662 3042 nos,
674 2974 841 3050 compositis
855 2993 863 3030 z
880 2992 932 3031 nec
944 2974 1020 3031 enim
1041 2972 1174 3031 Ecclesia
1186 2970 1293 3045 aliquid

105 3073 172 3131 facit
186 3090 243 3145 quo
258 3072 354 3149 legum
377 3071 503 3148 civilium
518 3073 679 3130 sanctiones
705 3072 807 3129 frustm
829 3068 965 3128 evadant:
989 3087 1042 3127 nec
1055 3069 1148 3127 civilis
1171 3080 1295 3144 potestas

104 3186 169 3227 sese
185 3169 386 3227 ecclesiasticis
403 3170 484 3225 rebus
501 3169 651 3237 immiscet,
668 3179 698 3225 ut
718 3178 866 3245 cogatnos
881 3167 1018 3243 conjuges
1033 3166 1136 3224 infore
1151 3164 1292 3223 Ecclesia

106 3285 271 3344 agnoscere,
288 3284 360 3340 quos
370 3268 435 3343 jura
449 3285 528 3324 sacra
542 3267 884 3344 aconjugii'sacramento
898 3264 1047 3342 repellunt.

146 3371 197 3425 st.
222 3364 291 3444 obj.
308 3369 335 3422 3.
359 3365 460 3423 Plures
473 3365 550 3441 leges
563 3365 700 3423 Romanae
717 3375 746 3421 et
758 3363 897 3422 Caesareae
912 3363 1073 3421 sanctiones
1087 3362 1189 3435 quibus
1200 3360 1298 3437 conju·

109 3464 154 3540 gia
167 3464 245 3521 irrita
259 3461 481 3530 declarabantur,
494 3462 551 3519 vim
566 3463 670 3520 habent
684 3463 712 3520 in
728 3461 789 3520 foro
801 3461 1015 3519 Ecclesiastico.
1056 3458 1196 3536 Agnoscit
1206 3456 1299 3517 Bene·

109 3560 201 3620 dictus
215 3559 299 3618 xlv.
316 3569 336 3615 t‘
347 3579 364 3616 a
377 3559 489 3635 legibus
504 3560 634 3618 civilibus
649 3558 796 3618 inductum
810 3578 875 3617 esse
896 3557 1129 3635 impedimentum
1146 3577 1183 3615 ex
1196 3576 1300 3636 cogna-

112 3657 190 3716 tione
203 3656 287 3734 leg'ali
303 3674 354 3713 seu
378 3655 551 3733 adoptione:
577 3657 636 3714 imo
658 3655 855 3733 impedimenti
879 3656 1055 3731 cognationis
1070 3655 1224 3732 spiritualis
1245 3656 1302 3732 pri·

113 3773 189 3814 mum
205 3764 421 3814 monumentum
443 3756 562 3831 reperiri
575 3755 605 3813 in
619 3755 740 3828 quadam
761 3754 962 3813 constitutione
982 3754 1136 3813 ,iustiniani
1151 3755 1300 3831 imperato·

114 3853 182 3912 ris.”
221 3854 266 3913 Ita
280 3848 413 3911 Carridre'
425 3854 622 3932 theologorum
639 3855 787 3913 Gallorum
802 3855 905 3932 placita
919 3854 1055 3914 reserens.
1231 3842 1233 3847 ’

151 3949 238 4030 Resp.
254 3950 322 4015 Vim
336 3950 519 4009 obtinuerunt
537 3952 567 4010 in
582 3952 642 4010 foro
666 3951 806 4009 Ecclesiae
828 3952 988 4009 sanctiones
1011 3952 1188 4026 civilesque
1210 3969 1298 4024 aequae

117 4047 180 4112 siste
194 4059 271 4116 sunt,
286 4059 315 4106 et
328 4048 421 4125 dignae
435 4068 499 4122 quae
515 4050 717 4126 probarentur:
740 4050 850 4126 rejecta
865 4058 972 4107 caterae
987 4060 1054 4109 sunt
1073 4049 1245 4109 naturalibus
1255 4049 1302 4128 ju·

112 4143 331 4225 ritmhominis
345 4145 481 4203 adversa.
534 4146 583 4203 Sic
596 4164 659 4219 quae
679 4145 758 4222 leges
780 4145 918 4204 Romanae
940 4147 1097 4204 statuebant
1110 4144 1145 4202 de
1160 4147 1303 4204 matrimo-

120 4241 170 4301 niis
183 4243 307 4302 filiorom
322 4242 443 4301 familias
464 4244 571 4317 absque
587 4254 735 4319 parentum
756 4261 910 4311 consensu,
924 4252 953 4300 et
967 4243 1173 4319 mancipiorum
1196 4244 1303 4316 absque

121 4334 295 4407 dominorum
311 4340 403 4409 venia,
426 4351 524 4418 utpote
545 4338 664 4398 adversa
679 4340 793 4421 juribus
814 4339 997 4408 naturalibus,
1017 4351 1179 4399 constanter
1198 4341 1304 4420 rejecta

158 4551 196 4619 (t)
206 4552 278 4604 nna
291 4568 353 4619 rep.
365 4551 392 4601 s.
404 4550 499 4610 roam
512 4553 524 4599 t
538 4550 608 4603 sunu
621 4548 693 4613 test,
704 4550 818 4617 episeopo
830 4550 901 4601 vna.
911 4510 1011 4601 renum
1021 4548 1088 4616 apuu
1098 4548 1210 4603 oum„
1221 4552 1269 4602 m.
1281 4554 1304 4612 1,

125 4637 230 4701 plll,§
243 4638 268 4689 11
279 4654 301 4688 c.
312 4637 337 4688 11
348 4653 374 4687 n.
386 4637 445 4686 579.
1048 4662 1051 4669 .
