2798 5092
50 348 57 361 ·
150 324 207 383 140
432 323 488 385 DE
510 323 704 384 SINGULIS
724 325 1050 387 rmrentttntt'ttrt.

153 481 321 558 cognoverit
344 489 527 559 “postquam
546 483 625 543 illam
646 483 754 543 audivit
772 502 838 543 esse
860 483 1024 554 ancillam,”
1039 484 1103 562 ejus
1115 501 1190 543 uxor
1202 479 1337 542 habenda

149 579 217 636 est.²
258 577 320 638 Lex
334 579 441 657 quippe
455 581 593 640 canonica
605 600 665 642 nou
689 583 792 652 obstat,
813 582 924 642 silibet
933 583 999 660 jure
1012 601 1066 640 suo
1086 591 1169 640 utens
1183 599 1250 639 cum
1264 596 1348 639 ruau-

149 674 227 752 cipio
242 676 311 734 velit
323 677 435 754 nuptias
449 678 530 737 inire.
572 677 606 736 In
620 678 766 755 plerisque
780 679 899 739 statibus
922 678 1065 738 soederatis
1086 677 1134 737 lex
1152 678 1246 737 civilis
1259 677 1348 735 liber·

150 773 214 831 tatis
228 773 396 832 exercitium
409 772 463 832 hac
476 792 513 834 ex
528 785 606 852 parte
619 785 743 844 coercet,
759 794 812 834 uec
832 777 911 834 enim
932 767 1026 834 ualent
1045 773 1127 833 liberi
1148 791 1216 832 cum
1237 772 1343 839 serris,

150 870 196 929 vel
217 870 308 939 Indis,
329 873 495 933 contrahere
520 874 754 941 matrimoniumt
776 874 854 949 quod
878 873 987 933 irritum
1009 871 1129 950 proinde
1153 873 1262 945 absque
1288 869 1349 931 utta

145 968 249 1047 judicii
263 970 354 1029 forma
366 971 519 1030 hahetur.l
557 972 705 1049 Mancipia
721 973 786 1049 jure
807 973 945 1032 canonico
958 971 1061 1030 idonea
1074 970 1213 1029 habentur
1225 968 1261 1028 ad
1278 987 1349 1029 con·

149 1065 285 1124 traheuda
297 1067 370 1125 inter
392 1086 423 1126 se
444 1069 634 1137 matrimonia,
649 1071 736 1128 etiam
750 1068 875 1128 dominis
896 1069 1007 1136 invitis,
1034 1068 1125 1146 agitur
1139 1067 1216 1126 enim
1231 1065 1267 1126 de
1278 1066 1347 1144 jure

149 1162 281 1232 naturali,
302 1173 331 1222 et
351 1163 387 1222 de
407 1165 592 1243 suscipiendo
613 1178 809 1226 sacramento:
832 1167 939 1226 “Sane
955 1167 1039 1244 juxta
1059 1165 1177 1224 verbum
1201 1163 1348 1241 Apostoli,

149 1261 223 1319 sient
237 1261 266 1320 in
282 1261 400 1321 Christo
414 1261 496 1331 Jesu,
505 1280 599 1337 neque
610 1262 691 1332 liber,
704 1281 797 1338 neque
811 1283 910 1323 servus
921 1276 965 1322 est
979 1262 1189 1322 asacramentis
1200 1260 1348 1320 Ecclesiae

149 1357 350 1428 removendus,
365 1359 404 1417 ita
418 1378 472 1418 nec
486 1361 559 1419 inter
572 1380 671 1421 servos
693 1361 875 1420 matrimonia
899 1359 1004 1420 debent
1023 1360 1163 1419 ullatenus
1177 1357 1325 1436 prohiberi
1338 1375 1348 1426 3

36 1465 39 1470 ’
148 1464 177 1512 et
200 1455 226 1513 si
247 1454 505 1514 contradicentibus
526 1455 664 1526 dominis,
680 1467 708 1515 et
728 1458 828 1515 inritis
849 1466 991 1516 contracta
1011 1456 1125 1524 fuerint,
1139 1453 1217 1513 nulla
1236 1453 1350 1513 ratione

148 1566 216 1611 sunt
240 1563 356 1628 propter
377 1550 433 1611 hoc
458 1552 650 1614 dissolvenda.
693 1554 798 1615 Debita
822 1565 917 1612 tamen
938 1566 966 1611 et
986 1560 1122 1611 consueta
1144 1549 1260 1608 servitia
1288 1567 1351 1608 non

147 1648 242 1706 minus
257 1647 361 1706 debent
374 1648 496 1726 propriis
519 1649 643 1709 dominis
664 1650 840 1709 exhiberi.''⁸
881 1650 978 1726 Leges
999 1648 1099 1707 civiles
1120 1647 1151 1706 in
1171 1647 1294 1705 statibus
1314 1646 1349 1705 irr

149 1745 252 1816 quibus
267 1746 388 1804 servitus
415 1748 501 1825 uiget,
525 1748 641 1824 plenum
666 1749 870 1827 conjugiorum
902 1748 1047 1805 arbitrium
1068 1745 1193 1805 dominis
1218 1744 1297 1814 dant,
1320 1755 1352 1803 et

149 1844 327 1921 gravissimis
342 1845 496 1923 subjiciunt
510 1847 602 1924 poeuis
617 1866 715 1906 sacros
735 1848 882 1907 ministros
898 1846 1106 1923 mancipiorum
1118 1835 1261 1902 adstantes
1276 1853 1351 1903 mat·

148 1940 279 2000 rimoniis
294 1942 401 2023 absque
416 1961 559 2002 consensu
575 1941 756 2003 dominorum
771 1945 801 2003 in
814 1943 931 2021 scripto.
981 2022 987 2029 .

188 2043 237 2100 93.
270 2036 376 2100 Votum
391 2042 519 2102 solemne
531 2042 608 2117 quod
620 2043 728 2103 dirimit
740 2043 962 2109 matrimonium,
974 2040 1044 2099 illud
1058 2039 1159 2099 dieitur
1169 2039 1245 2115 quod
1260 2039 1350 2099 emis·

147 2158 210 2198 sum
226 2139 310 2199 luerit
333 2141 363 2199 in
377 2139 476 2199 ordine
497 2142 643 2220 religioso,
659 2153 687 2199 et
710 2151 885 2218 acceptatum
906 2141 936 2198 in
959 2151 1126 2217 perpetuum
1141 2139 1177 2197 ab
1200 2138 1349 2207 Ecclesia,

148 2248 278 2296 votorum
293 2237 369 2295 enim
384 2237 549 2296 solemnitas
571 2256 610 2295 ex
624 2237 822 2314 acceptatione
835 2236 897 2295 haec
911 2236 1050 2313 pertinet:
1066 2245 1227 2312 acceptatur
1239 2246 1350 2305 autem,

155 2334 276 2410 probato
296 2333 394 2391 ordine
414 2353 431 2391 a
455 2333 529 2392 Sede
552 2333 727 2412 Apostolica,
748 2345 777 2392 et
801 2343 937 2412 perpetua
961 2334 1132 2411 obligatione
1153 2341 1285 2392 votorum
1310 2352 1350 2394 cx

150 2440 267 2504 utraque
283 2443 373 2506 parte,
388 2439 447 2489 tum
469 2432 637 2500 emittentis,
653 2443 712 2490 tum
734 2431 877 2491 Ecclesia
892 2433 974 2509 cujus
994 2432 1110 2491 nornine
1132 2430 1287 2508 suscipitur
1301 2450 1351 2509 ag·

148 2528 217 2585 nita.
271 2527 341 2586 Jure
368 2546 443 2587 novo
465 2529 583 2606 speciali
602 2518 707 2587 'eadem
735 2529 778 2586 vis
806 2529 937 2587 tribuitur
958 2530 1030 2589 sotis
1054 2530 1085 2587 iu
1108 2528 1250 2587 Societate
1272 2528 1349 2588 Jesu

149 2624 274 2692 emissis,
289 2625 356 2683 lieet
378 2643 468 2702 penes
483 2625 652 2703 Superiores
674 2635 789 2683 maneat
809 2624 937 2685 subditos
958 2624 1108 2694 dimittere,
1124 2633 1152 2683 et
1170 2623 1237 2684 ideo
1249 2624 1351 2685 deficit

150 2721 307 2799 acceptatio
321 2722 351 2781 in
366 2718 545 2800 perpetuum.
825 2790 828 2795 ¹
890 2735 891 2738 ’

196 2821 245 2877 ut.
270 2819 417 2898 Cognatio
430 2821 491 2880 sive
504 2819 633 2881 cumulis
642 2840 682 2880 ex
690 2820 837 2899 sauguinis
850 2820 1062 2889 communione,
1076 2818 1352 2896 queconaauguiui.

149 2923 191 2973 tas
207 2916 319 2986 dicitur,
334 2918 396 2976 sive
410 2917 578 2996 spiritualis
589 2936 627 2977 ex
642 2918 740 2977 officio
755 2919 859 2996 patrini
872 2918 918 2976 vel
931 2918 1044 2976 matrini
1058 2926 1138 2986 orta;
1153 2916 1215 2974 siue
1228 2914 1351 2994 tegatis.

150 3012 322 3089 superiecta
337 3014 457 3092 alieujtts
471 3015 502 3073 iu
516 3013 660 3073 haeredem
675 3014 841 3091 adoptione,
856 3012 963 3072 dirimit
976 3012 1197 3071 matrimonium.

195 3115 244 3171 95.
269 3111 525 3193 Consungua'nitua
539 3126 583 3173 est
596 3114 742 3173 vinculum
756 3131 955 3191 personarum,
968 3131 1087 3187 quarum
1098 3130 1156 3171 una
1166 3111 1201 3170 ab
1222 3111 1288 3181 alia,
1304 3112 1353 3171 vel

146 3213 235 3271 ambae
250 3215 284 3271 ab
307 3214 406 3272 eadem
430 3222 574 3287 tamquam
596 3233 613 3270 a
637 3215 783 3272 communi
806 3226 836 3271 et
857 3213 1019 3290 propinquo
1039 3212 1144 3289 stipite,
1165 3211 1352 3288 generatione

146 3308 333 3371 descendunt.
374 3310 470 3368 Series
484 3310 697 3388 generationum
719 3308 797 3369 linea
821 3308 935 3378 dicitur,
951 3309 1062 3368 directa
1082 3306 1198 3381 quidem
1212 3308 1239 3365 si
1252 3325 1351 3368 sermo

147 3409 185 3465 sit
199 3407 234 3466 de
248 3409 284 3465 iis
299 3426 420 3482 quorum
432 3426 506 3466 unus
518 3407 553 3465 ab
568 3407 623 3465 alio
638 3405 796 3475 descendit,
810 3408 888 3466 filius
902 3425 949 3474 ex,
965 3426 1009 3484 gr.
1025 3426 1042 3464 a
1056 3417 1145 3484 patre.
1189 3402 1352 3464 Collaterc-

152 3503 190 3563 lie
204 3517 309 3574 autem,
324 3504 438 3580 quando
452 3505 487 3564 de
501 3505 536 3563 iis
552 3506 642 3583 agitur
656 3506 705 3579 qui
717 3515 826 3566 tantum
840 3507 870 3566 in
891 3505 988 3583 stipite
1002 3505 1152 3565 communi
1168 3505 1352 3582 conjungun-

149 3613 211 3660 tur:
234 3602 331 3660 sratres
346 3601 456 3660 seilicet
470 3611 498 3659 et
511 3602 674 3661 consobrini
689 3603 719 3661 in
735 3603 788 3661 hac
801 3603 879 3661 linea
892 3603 1116 3662 constituuntur.
1133 3596 1150 3635 ⁴
1165 3598 1287 3660 Gradus
1301 3619 1353 3678 ap·

152 3699 273 3778 pellatur
289 3717 420 3759 mensura
440 3697 581 3757 distantiae
602 3719 618 3757 a
639 3701 735 3777 stipite
753 3719 761 3769 ;
781 3701 880 3759 fratres
896 3709 924 3759 st
945 3718 1059 3759 sorores
1081 3698 1186 3757 idcirco
1209 3698 1305 3774 primo
1320 3699 1352 3759 iu

148 3795 237 3876 gradu
253 3796 472 3873 conjunguntur,
487 3796 661 3865 consobrini,
674 3797 790 3856 fratrum
805 3799 851 3857 vel
865 3816 995 3857 sororum
1007 3797 1058 3856 filii
1070 3794 1196 3854 seeundo
1211 3794 1240 3852 in
1252 3794 1345 3881 gradu

148 3900 233 3958 etsie
248 3897 393 3974 deinceps.
435 3897 557 3964 Quando
578 3897 725 3972 inaequalis
740 3907 784 3956 est
801 3896 915 3975 gradus,
932 3897 1068 3981 remotior
1087 3905 1251 3972 spectatur:
1274 3904 1345 3952 atta·

149 4016 216 4058 men
227 3997 252 4055 si
268 3995 399 4056 alteruter
413 4015 470 4056 uuo
485 4007 592 4056 tautum
614 3995 702 4075 gradu
716 4016 733 4055 a
746 3995 843 4074 stipite
868 3995 963 4064 distet,
979 3994 1048 4054 alter
1067 3993 1190 4063 duobus,
1216 3993 1350 4069 quamvis

184 4156 225 4222 (l)
243 4155 274 4206 O.
284 4154 386 4220 Propos.
426 4189 429 4193 ,

185 4243 228 4307 (2)
248 4249 263 4272 “
275 4242 311 4306 By
322 4240 364 4291 the
376 4240 567 4292 Massachusstts
579 4223 684 4293 Revised
695 4243 904 4312 scrutandam,
917 4243 950 4292 all
960 4241 1089 4304 marriages
1101 4237 1202 4304 prohibi
1205 4240 1245 4290 ted
1256 4241 1289 4305 by
1302 4239 1353 4290 laur

149 4343 183 4378 en
199 4336 303 4379 account
314 4329 344 4378 of
354 4329 543 4394 eoumnguiuity
554 4346 581 4380 or
593 4333 695 4398 affinity,
712 4350 740 4383 or
753 4333 827 4383 when
838 4332 880 4383 the
899 4333 987 4382 former
997 4331 1054 4380 wife
1066 4346 1092 4379 or
1103 4328 1215 4379 husband
1226 4328 1248 4378 is
1261 4317 1353 4391 living.

146 4430 174 4465 er
193 4415 266 4466 when
277 4416 354 4467 either
363 4426 433 4484 party
445 4430 496 4466 was
507 4428 532 4468 at
542 4417 583 4469 the
593 4419 651 4468 time
662 4419 749 4469 insane
761 4435 788 4469 cr
800 4435 832 4469 au
843 4419 910 4478 idiot,
922 4434 949 4466 or
959 4419 1069 4468 between
1079 4433 1094 4466 a
1111 4415 1186 4466 white
1202 4430 1291 4481 person
1302 4414 1352 4466 and

150 4517 259 4564 onagro,
270 4502 365 4564 Iudian,
377 4520 404 4554 or
415 4505 525 4564 maletto,
537 4520 577 4554 are
588 4502 697 4554 declared
708 4511 734 4554 to
756 4505 786 4553 bs
803 4502 936 4566 absolutely
949 4501 1014 4563 void,
1031 4501 1136 4551 without
1152 4498 1264 4551 adseren
1274 4500 1304 4551 os
1316 4498 1353 4550 di·

149 4602 227 4645 vorce,
239 4601 267 4635 or
277 4587 346 4637 other
356 4589 419 4650 legal
430 4587 554 4654 procese.”
588 4587 676 4638 Kent’s
695 4587 899 4647 commentaria,
910 4587 957 4638 vol.
966 4587 992 4638 ii.
1003 4586 1071 4638 Lsct.
1082 4584 1167 4637 xxviii.

185 4672 228 4736 (3)
247 4671 307 4738 Cap.
319 4673 437 4741 Dignum
446 4679 489 4735 est,
500 4675 586 4725 eodem
597 4675 633 4725 tia
