2798 5092
430 340 487 402 DE
508 340 708 402 ORDINUM
730 339 947 401 MINISTRO.
1250 340 1289 399 di

100 501 286 569 consecranti,
302 500 502 578 episcoporum
524 498 722 558 adsistentium
743 510 872 559 tenentes
885 499 997 569 locum3
1019 498 1106 574 idque
1123 498 1291 574 contingere

100 599 183 675 potnit
197 598 293 657 Paulo
308 597 494 656 Timotheum
516 607 709 664 consecrante,
725 596 795 669 quin
810 597 861 674 jus
886 595 965 654 illum
980 595 1130 654 ordinandi
1149 593 1218 655 inde
1232 593 1290 652 illis

100 696 258 772 probaretur
271 706 443 771 competere.
485 694 629 753 Caeterum
645 693 772 752 seniores
786 693 874 752 laicos
890 711 924 751 eo
938 693 994 752 loci
1015 693 1173 771 intelligere
1186 690 1221 749 ab
1235 707 1290 749 usu

99 790 230 865 loquendi
244 804 389 849 sacrorum
404 791 585 871 scriptorum,
600 800 629 847 et
642 809 659 846 a
673 799 730 847 tota
743 789 892 848 traditione
907 789 1051 848 abhorret.

133 892 200 948 107.
228 886 341 967 Obj.2.
365 887 527 946 Concilium
553 887 739 962 Ancyranuur
770 904 844 945 enno
871 889 929 944 stt
956 885 1099 944 decreritr
1131 883 1288 945 “Vicariis

98 986 305 1063 episcoporum,
320 988 394 1059 quos
409 986 504 1043 Graeci
519 985 742 1061 chorepiscopos
763 993 876 1051 vocent,
892 1002 948 1042 non
962 983 1049 1041 licere
1071 982 1117 1040 vel
1141 983 1290 1059 presbyte-

81 1071 150 1150 ros,
164 1082 211 1142 vel
235 1082 372 1142 diaconos
397 1082 527 1141 ordinare
550 1114 589 1145 ...
613 1123 620 1139 .
644 1122 651 1139 .
674 1082 736 1139 sine
752 1091 894 1158 praecepto
915 1078 1096 1158 episcopi.”²
1135 1079 1178 1138 Ita
1191 1088 1221 1138 et
1234 1078 1291 1137 alia

97 1180 226 1248 coucilia,
241 1198 305 1253 qua
320 1179 426 1238 idcirco
441 1189 611 1256 potestatem
628 1177 777 1244 ordinandi
792 1178 978 1254 presbyteris,
994 1176 1095 1250 quales
1115 1184 1196 1234 erant
1209 1176 1291 1234 chon

98 1275 237 1353 episcopi,
263 1295 446 1334 communem
471 1294 536 1334 esse
569 1286 755 1353 agnoverunt,
781 1273 923 1348 quamvis,
950 1273 1059 1332 ordinis
1086 1291 1182 1342 causa,
1207 1271 1291 1331 reuia

96 1372 224 1451 episcopi
239 1371 416 1445 exquirenda
430 1373 511 1430 soret.

132 1468 224 1547 Resp.
247 1469 459 1545 chorepiscopi
484 1467 613 1526 nonnulli
638 1468 796 1546 episcopali
822 1468 949 1544 insigniti
973 1467 1089 1525 suerunt
1113 1466 1287 1533 charactere,

98 1565 157 1624 aliis
171 1584 208 1625 eo
221 1549 394 1624 carentibus.
437 1565 515 1624 Hinc
528 1565 632 1623 sactum
647 1577 692 1624 est
711 1575 743 1624 ut
765 1566 909 1624 nonnullis
931 1565 1030 1624 liceret
1042 1582 1139 1623 sacros
1161 1562 1290 1624 conseris

98 1664 223 1731 ordines,
246 1663 362 1722 licentia
386 1664 516 1740 episcopi
530 1663 579 1736 qui
593 1662 711 1721 dioecesi
733 1673 851 1740 praeerat
874 1664 1032 1740 impetrata.
1074 1662 1289 1739 Episcoporum

96 1761 171 1835 “qui
185 1760 328 1819 voluerint
342 1761 371 1818 in
386 1760 556 1836 presbyterii
569 1760 679 1829 ordine,
693 1761 742 1819 nbi
756 1761 836 1838 prius
857 1761 978 1828 fuerant,
994 1772 1024 1818 ut
1045 1757 1205 1836 presbyteri
1219 1755 1289 1816 resi·

95 1855 191 1926 dere‚’'
208 1859 317 1915 mentio
332 1857 364 1914 fit
383 1857 412 1915 in
427 1856 498 1933 ipsis
513 1857 670 1915 canonibus
692 1857 864 1934 Ancyranis,
879 1876 952 1930 quos
968 1857 1191 1933 chorepiscopos
1212 1870 1290 1932 sepe

94 1952 262 2012 constitutos
288 1953 450 2010 verosimile
465 1963 519 2010 est.
561 1952 606 2010 De
628 1953 793 2030 hujusmodi
816 1953 1032 2029 chorepiscopis
1059 1954 1118 2030 agit
1138 1951 1290 2010 manifesto

95 2050 247 2110 concilium
270 2049 505 2108 Antiochenam:
528 2049 616 2117 “Qui
630 2049 660 2107 in
681 2050 752 2108 vicis
777 2043 821 2108 vel
842 2051 1075 2127 possessionibus
1089 2048 1290 2126 chorepiscopi

95 2149 287 2215 nominantur,
303 2149 433 2222 quamvis
449 2167 550 2206 manus
564 2148 778 2225 impositionem
792 2149 995 2226 episcoporum
1011 2147 1200 2225 perceperint,
1216 2157 1245 2206 st
1258 2155 1291 2204 ut

95 2234 221 2323 episcopi
235 2246 393 2304 consecrati
407 2245 474 2312 sint,
490 2256 584 2303 tamma
599 2264 624 2304 s.
641 2244 755 2321 synodo
769 2245 886 2322 placuit,
901 2256 934 2303 nt
947 2244 1064 2305 modum
1085 2245 1232 2322 proprium
1246 2261 1290 2302 rs·

97 2352 278 2420 cognoscant.
300 2384 308 2401 .
332 2383 340 2401 .
364 2384 372 2400 .
395 2342 459 2400 Nec
480 2343 678 2419 presbyterum
693 2360 761 2400 vero
775 2361 828 2402 nec
850 2341 1002 2402 diaconum
1023 2341 1145 2401 audeant
1158 2340 1289 2401 ordinare

96 2454 193 2519 preter
206 2441 330 2500 civitatis
345 2438 562 2517 episcopum.”⁸

133 2542 200 2598 lor.
226 2536 294 2617 obj.
311 2542 339 2595 3.
362 2538 467 2595 Narrat
487 2537 646 2595 Cassianus
660 2536 813 2597 Danielem
826 2539 999 2598 monachum
1015 2557 1032 2596 a
1047 2538 1222 2616 Paphnutio,
1237 2536 1288 2612 qui

75 2640 170 2712 'pater
192 2646 254 2695 erat
278 2634 494 2703 monachorum,
509 2633 675 2694 diaconatus
700 2644 731 2693 et
755 2635 967 2713 presbyteratus
992 2635 1092 2694 ordine
1120 2635 1291 2715 insignitum

99 2745 184 2800 esse.⁸

132 2835 221 2915 Resp.
243 2835 377 2894 Cassiani
401 2835 486 2894 verba
501 2834 536 2893 de
558 2834 680 2894 Daniele
703 2836 740 2894 ob
764 2838 896 2894 meritum
918 2835 1048 2913 puritatis
1069 2843 1099 2893 et
1119 2833 1288 2894 humilitatis

97 2950 150 2991 sue
173 2933 209 2992 ad
232 2931 346 2991 diaconi
368 2943 397 2991 et
420 2933 581 3010 presbyteri
604 2951 722 2991 munera
746 2944 892 3009 provecto,
914 2932 1099 3010 intelligenda
1119 2941 1196 3001 sunt,
1218 2932 1289 3007 quio

99 3030 273 3108 Paphnutius
288 3049 338 3090 eos
353 3030 467 3088 ordines
482 3031 642 3088 contulerit.
683 3030 730 3089 Ea
743 3031 814 3089 ratio
828 3029 963 3104 loquendi
979 3031 1131 3088 consuevit
1143 3029 1291 3107 usurpari,-

100 3127 130 3187 de
142 3128 264 3206 presule
276 3128 422 3205 Regulari,
436 3126 511 3201 quod
524 3126 668 3185 subditum
685 3136 704 3164 “
716 3127 886 3204 presbyterii
899 3128 1009 3186 honore
1020 3125 1186 3204 provexit,”
1198 3144 1288 3199 quum

101 3243 158 3286 eum
172 3226 390 3305 provehendum
403 3227 541 3304 episcopo
555 3226 698 3284 obtulerit.

136 3330 200 3385 108.
229 3323 297 3404 obj.
312 3329 341 3383 t.
365 3325 519 3383 Grassante
534 3325 640 3383 Ariana
653 3325 767 3396 haeresi,
777 3335 806 3384 et
817 3326 947 3403 relegatis
961 3324 1118 3404 episcopis,
1133 3323 1287 3384 Flavianus

100 3431 125 3479 et
144 3422 288 3482 Diodorus
317 3422 477 3499 presbyteri
504 3422 648 3500 episcopis
675 3423 758 3481 novis
786 3424 923 3483 ecclesias
943 3422 1158 3491 commiserunt,
1179 3421 1288 3480 idcirco

100 3535 191 3597 magua
203 3520 290 3580 laude
305 3520 451 3578 cumulati.

131 3614 219 3695 Resp.
242 3606 342 3675 Nemo
356 3614 429 3675 dixit
443 3615 508 3675 illos
530 3617 713 3694 presbyteros
734 3617 888 3695 episcopos
913 3635 1036 3686 creasse,
1052 3617 1130 3691 quod
1145 3618 1222 3677 enim
1244 3636 1287 3676 re·

100 3711 177 3775 sertor
190 3715 226 3775 de
242 3734 310 3774 cura
325 3713 522 3784 Ecclesiarum
538 3714 683 3791 episcopis
698 3713 881 3788 quibusdam,
897 3732 970 3788 quos
986 3725 1210 3775 noverantsanae
1220 3732 1287 3773 esse

102 3809 170 3880 fidei,
187 3811 355 3878 commissa,
371 3828 422 3867 seu
436 3810 530 3886 potius
546 3809 581 3866 de
596 3810 729 3886 precibus
743 3809 800 3868 illis
813 3811 949 3886 porrectis
965 3821 996 3869 ut
1008 3810 1131 3869 viduatis
1146 3809 1287 3869 Ecclesiis

102 3909 284 3976 subvenirent,
300 3907 514 3984 intelligendum
530 3919 584 3964 est.
626 3905 757 3966 Proiectis
774 3906 849 3983 apud
863 3927 964 3967 omnes
981 3909 1128 3967 constabat
1140 3908 1286 3966 neminem

102 4005 246 4084 episcopali
259 4005 421 4064 charactere
433 4015 575 4062 carentem
590 4023 675 4081 posse
697 4007 795 4064 sacros
810 4005 923 4064 ordines
940 4005 1079 4074 conferre,
1096 4015 1126 4062 ut
1141 4003 1286 4063 Eusebius

102 4101 301 4164 samosatensis
331 4103 494 4180 episcopus,
520 4103 633 4162 militari
659 4103 756 4161 habitu
784 4104 910 4172 indutus,
939 4116 1068 4163 vacantes
1089 4103 1286 4161 circumivisse

102 4196 238 4260 Ecclesias
251 4199 400 4268 referatur,
415 4209 444 4258 et
457 4200 640 4277 presbyteros
656 4196 684 4257 et
697 4199 852 4261 diaconoso
867 4201 1007 4268 rdinasse,
1022 4199 1058 4258 ad
1072 4198 1205 4258 fidelibus
1219 4219 1287 4261 con·

103 4295 267 4360 subudum-⁴

393 4457 435 4525 (1)
455 4457 520 4508 Oen.
531 4457 584 4508 xiii.

389 4544 432 4613 (2)
452 4543 515 4595 Oen.
527 4561 552 4595 x.
561 4544 633 4594 Tom.
644 4544 663 4595 i.
672 4544 727 4595 coll.
735 4543 813 4596 Hard.
823 4545 870 4596 ool.
881 4546 939 4594 697.

391 4630 433 4697 (3)
454 4629 544 4681 Oollat.
555 4630 586 4681 iv.
598 4647 619 4680 c.
634 4634 656 4681 1.

388 4715 430 4782 (4)
449 4715 595 4767 Theodoret.
606 4715 663 4767 hist.
674 4716 691 4767 1.
702 4715 734 4766 ir.
745 4732 768 4768 c.
778 4714 830 4767 xiii.
