2798 5092
390 334 445 393 DE
467 333 666 418 sruuutls,
683 334 1008 397 IMPEDIMENTIS.
1236 342 1292 399 18⁹

96 508 129 548 rc
153 489 247 558 licita;
268 503 441 568 quapropter
462 493 489 550 si
519 494 732 551 matrimonium
751 492 863 570 legibus
891 494 1032 553 Ecclesia
1061 503 1288 560 vetetur.·uemo

95 598 193 666 potest
205 590 363 666 sponsione
377 609 409 649 se
424 591 549 668 obligare
563 591 598 649 ad
613 591 681 649 illud
696 590 862 660 ineundum,
883 593 939 650 nisi
964 593 1177 670 dispensatione
1198 594 1289 672 impe·

94 697 178 746 trata
220 687 292 755 Qum
317 707 353 747 ex
378 701 456 747 metu
481 690 586 766 injuste
611 691 727 749 incusso
752 691 824 749 fiunt
845 691 1000 768 sponsalia,
1023 693 1051 750 vi
1071 693 1151 751 omui
1172 699 1291 753 carent*

96 787 236 845 Parentes
251 805 303 862 pro
317 788 384 845 filiis
406 789 553 865 sponsalia
577 799 729 847 censentur
752 789 854 857 lacere,
870 789 984 863 quando
1006 788 1037 848 hi
1060 800 1215 867 presentes
1232 811 1290 851 non

94 883 317 943 contradicunt.fl
357 885 460 943 Mutuo
474 904 617 944 consensu
638 886 712 944 solvi
727 904 842 962 semper
856 896 995 962 possunt;
1017 887 1109 945 soluta
1124 898 1217 946 autem
1231 906 1290 948 non

95 981 258 1060 impediunt
271 1002 307 1043 ne
332 984 432 1060 sponsi
445 1002 511 1042 cum
526 985 589 1042 aliis
604 984 699 1043 ineant
713 986 837 1062 nuptias,
852 983 1008 1044 dummodo
1023 1003 1081 1044 nou
1096 986 1153 1044 siut
1167 1004 1289 1046 cunsan-

96 1081 194 1158 guiuci
208 1081 310 1156 sponsi
325 1082 354 1140 in
369 1082 463 1158 primo
478 1082 576 1159 gradu.

137 1183 186 1239 89.
215 1179 323 1239 Votum
342 1192 441 1254 quarto
456 1181 519 1239 loco
541 1181 644 1240 dieitur
667 1182 779 1241 obstare
799 1181 884 1240 licitu
904 1180 1085 1241 celebrationi
1106 1182 1287 1251 matrimonii,

94 1279 165 1352 quin
180 1278 250 1336 illud
265 1277 387 1337 dirimat.
428 1279 599 1357 Intelligitur
612 1279 721 1338 scilicet
736 1288 831 1338 votum
847 1279 972 1356 simplex
987 1298 1003 1336 a
1016 1277 1144 1352 quolibet
1156 1280 1287 1356 privatim

94 1376 246 1444 emissum,
263 1376 308 1434 vel
323 1376 446 1451 publice,
458 1376 508 1434 sed
522 1379 555 1434 ab
570 1377 742 1436 Ecclesiam
754 1390 921 1454 perpetuum
936 1396 992 1435 non
1007 1389 1193 1454 acceptatum.
1215 1376 1288 1436 Illud

94 1491 154 1531 uon
167 1474 280 1531 obstare
292 1474 380 1531 valoti
395 1475 567 1532 matrimonii
581 1483 692 1532 constat
704 1492 742 1532 ex
752 1474 842 1551 jure.8

133 1573 183 1628 90.
198 1571 410 1647 lmpcdimcnta
421 1569 603 1647 dirimentio,
614 1570 798 1644 quaa-scilicet
807 1569 914 1629 faciunt
922 1584 953 1629 ut
963 1571 1175 1645 matrimonium
1187 1569 1288 1628 initum

95 1686 152 1727 non
167 1669 270 1736 ualeat.
285 1669 449 1743 quindecim
464 1681 658 1739 numerantur,
676 1689 739 1744 quae
755 1669 922 1747 adjuvandae
943 1671 1089 1729 memoriae
1103 1688 1188 1728 causa
1202 1667 1290 1727 versi·

94 1769 146 1824 bus
160 1768 361 1827 continenturt

293 1947 392 2015 Error,
408 1945 544 2015 conditio,
559 1957 667 2014 votum,
683 1947 826 2024 coguatio,
841 1947 960 2013 crImen,

294 2044 397 2102 Cultus
412 2043 572 2120 disparitas,
589 2045 642 2112 ris,
657 2043 738 2111 ordo,
754 2044 889 2120 ligamen,
904 2043 1052 2110 honestas,

293 2143 417 2208 Ameus,
433 2139 537 2208 affinis,
550 2141 576 2199 si
590 2139 795 2205 clandestinus,
811 2148 840 2196 et
853 2139 959 2215 impos,

294 2240 327 2297 Si
343 2238 444 2298 mulier
455 2240 493 2295 sit
505 2247 594 2315 rapta,
610 2238 675 2298 loco
691 2256 744 2296 nec
758 2235 867 2295 reddita
881 2247 951 2295 tuto.

135 2427 181 2481 91.
203 2419 306 2480 Error
327 2419 402 2478 circa
422 2436 584 2496 personam,
600 2416 645 2474 vel
659 2416 822 2490 qualitatem
835 2434 898 2489 quae
913 2416 942 2474 in
957 2415 1144 2475 substantiam
1159 2431 1288 2492 persunae

99 2520 239 2588 redundat,
256 2518 365 2577 dirimit
379 2517 589 2575 matrimonium
601 2517 666 2593 jure
689 2516 754 2591 ipso
768 2524 887 2582 naturae,
903 2513 997 2573 nullus
1013 2514 1089 2573 cuim
1105 2524 1150 2572 cst
1163 2525 1290 2572 contrac-

99 2631 150 2692 tus,
163 2620 212 2678 ubi
226 2618 385 2677 substantia
398 2618 463 2694 ipsa
484 2617 524 2675 rei
549 2615 703 2693 ignoratur.
746 2613 824 2672 Hinc
847 2632 905 2671 non
920 2613 1007 2671 valuit
1019 2613 1080 2671 Liae
1102 2632 1167 2672 cum
1182 2613 1291 2673 Jacubo

100 2716 318 2784 matrimonium,
329 2715 421 2773 donec
434 2713 530 2771 fraude
546 2713 655 2771 detecta
669 2712 789 2770 liberum
804 2729 976 2769 consensum
992 2711 1165 2788 praestiterit.
1206 2709 1291 2770 Valet

100 2824 188 2874 amen
201 2815 426 2881 matrimonium,
446 2813 514 2871 licet
528 2794 629 2871 initum
644 2829 681 2868 ex
695 2829 790 2868 errore
805 2810 880 2866 circa
894 2827 1024 2885 personae
1039 2809 1119 2867 dotes
1134 2829 1185 2867 seu
1201 2810 1290 2882 quali·

100 2922 173 2981 tates,
189 2931 253 2987 quae
269 2925 364 2971 tamen
378 2912 563 2970 substantiam
579 2928 708 2988 persouae
723 2926 780 2967 non
803 2905 950 2966 afficiunt:
972 2920 1040 2984 puta
1066 2907 1092 2965 si
1113 2908 1178 2980 quis
1193 2925 1288 2967 errore

101 3011 201 3086 putavit
216 3009 340 3087 puellam
355 3028 418 3067 esse
442 3009 570 3077 divitem,
585 3021 702 3079 castum,
718 3028 829 3079 sanam,
852 3009 933 3066 bonae
954 3003 1072 3063 indolis.
1114 3003 1202 3064 Haud
1217 3006 1289 3063 absi·

100 3105 172 3164 milia
185 3118 254 3164 sunt
266 3104 339 3182 legis
352 3105 444 3164 civilis
460 3105 628 3182 principia.⁴

136 3204 183 3262 92.
208 3201 348 3261 Conditio
363 3199 479 3260 servilia
494 3203 586 3261 obstat
596 3206 637 3261 'ne
652 3202 764 3261 valcant
786 3201 903 3279 napum,
919 3196 1044 3273 quoties⁵
1064 3195 1192 3273 ignorata
1206 3196 1290 3255 suerit

99 3297 230 3365 alibero,
245 3298 295 3370 qui
318 3317 384 3357 cum
407 3299 551 3375 mancipio
570 3301 719 3367 contraxit,
735 3299 838 3377 injuria
863 3296 940 3355 enim
961 3294 1026 3368 quis
1042 3302 1207 3372 censeretur
1222 3312 1288 3353 cou-

97 3397 218 3483 aausisse
232 3395 396 3455 conditione
411 3394 481 3454 adeo
496 3397 552 3454 sibi
566 3407 594 3454 et
616 3398 690 3474 proli
712 3399 819 3472 iniqua.
862 3397 894 3454 Si
915 3394 988 3454 liber
1008 3406 1121 3451 servam
1136 3391 1287 3451 carnaliter

131 3615 173 3680 (1)
191 3612 279 3680 Osb'x
289 3612 379 3664 littam
390 3611 425 3663 11.
437 3610 468 3663 de
479 3613 546 3678 desp.
557 3615 616 3677 imp.

130 3701 172 3766 (2)
192 3699 255 3765 Gap.
266 3701 340 3750 unico
352 3699 382 3749 de
393 3698 459 3764 desp.
470 3699 528 3765 imp.

130 3787 171 3853 (3)
191 3784 274 3851 caput
285 3786 316 3836 vi.
329 3783 380 3847 Qui
391 3782 478 3836 devici.

129 3874 170 3940 (4)
189 3881 204 3906 “
213 3872 237 3925 lt
254 3875 276 3924 is
287 3874 339 3923 said
351 3873 403 3923 that
413 3889 477 3922 error
489 3873 545 3932 will,
557 3872 583 3922 in
595 3888 663 3923 some
674 3888 749 3933 cases,
758 3871 855 3938 destroy
865 3889 880 3922 a
891 3873 1016 3937 marriage,
1025 3874 1074 3925 and
1085 3875 1171 3926 render
1181 3875 1223 3925 the
1232 3890 1289 3924 con·

99 3969 153 4011 tract
162 3961 225 4022 void,
237 3978 265 4010 as
276 3961 298 4010 il
310 3977 357 4010 one
368 3973 454 4024 person
464 3960 493 4008 be
505 3959 650 4010 substitnmd
662 3960 699 4009 sor
710 3958 818 4009 another.
851 3959 922 4020 This,
933 3959 1054 4023 however,
1070 3962 1154 4012 would
1164 3963 1194 4010 be
1205 3977 1220 4010 a
1231 3976 1287 4010 case

100 4048 125 4095 ol
136 4046 243 4113 palpable
254 4047 332 4107 fraud,
344 4047 419 4108 going
433 4054 459 4096 to
479 4045 521 4096 the
533 4046 662 4096 substance
679 4045 707 4094 of
721 4044 762 4095 the
773 4052 896 4106 contract;
914 4046 962 4096 aud
974 4047 994 4097 it
1004 4048 1087 4098 would
1097 4050 1127 4097 be
1144 4045 1247 4096 difficolt
1262 4054 1288 4097 to

100 4141 154 4185 date
165 4152 179 4186 a
189 4152 246 4186 case
256 4136 283 4185 in
301 4136 383 4185 which
399 4151 463 4184 error
480 4134 577 4198 simply,
588 4133 637 4183 and
648 4132 752 4182 without
768 4148 817 4196 any
829 4133 898 4182 other
909 4133 1053 4196 ingredient,
1065 4151 1092 4184 as
1103 4143 1129 4188 to
1140 4133 1181 4183 the
1192 4133 1289 4197 parties,

101 4234 178 4271 crona
196 4222 225 4272 of
237 4221 312 4280 them,
323 4221 351 4270 in
369 4228 461 4285 respect
479 4227 504 4269 to
515 4219 557 4269 the
568 4219 645 4280 other,
656 4217 738 4268 would
749 4226 833 4268 vacate
844 4218 886 4268 the
897 4226 1013 4270 contract.
1046 4219 1068 4269 lt
1087 4219 1109 4268 is
1125 4219 1181 4269 well
1201 4219 1288 4269 under·

101 4307 222 4358 matthat
232 4324 304 4368 error,
316 4307 364 4357 and
376 4323 437 4357 even
455 4306 632 4368 disingenuous
650 4305 863 4370 representatione,
874 4304 902 4355 in
918 4314 1012 4371 respect
1031 4313 1057 4356 to
1074 4305 1115 4356 the
1135 4307 1247 4370 qualities
1264 4309 1293 4357 of

102 4407 144 4443 oue
153 4396 180 4445 ol
191 4395 232 4446 tha
250 4394 403 4456 contractiog
419 4394 514 4458 parties,
526 4409 553 4443 as
572 4393 612 4443 hia
628 4392 760 4452 condition,
777 4393 847 4453 rank,
858 4393 963 4452 fortune,
974 4409 1096 4454 manners,
1107 4392 1155 4444 aud
1167 4394 1289 4449 character

103 4480 210 4533 romabo
220 4481 377 4533 insufficient.
405 4479 467 4530 ,The
479 4481 526 4530 law
538 4481 621 4530 makes
632 4497 666 4530 no
684 4479 810 4544 provision
826 4479 864 4528 lor
875 4478 916 4528 the
931 4479 1002 4528 relies
1015 4479 1043 4528 ol
1056 4496 1071 4530 a
1085 4480 1153 4531 blind
1165 4481 1290 4547 eredulity,

104 4560 204 4617 however
214 4568 234 4618 it
244 4583 301 4633 may
313 4566 375 4617 have
385 4567 448 4616 been
459 4566 604 4632 produced.''
639 4565 727 4617 Kent’a
740 4552 942 4626 Commentarios,
952 4565 1034 4617 robii.
1045 4575 1099 4633 part
1109 4566 1143 4618 ir.
1154 4567 1198 4618 lec.
1208 4567 1275 4619 xxvi.

107 4708 109 4713 ,
135 4653 173 4721 (t)
191 4654 222 4707 G.
233 4654 275 4706 Aa
291 4658 416 4715 ameum,
427 4653 457 4704 de
468 4655 585 4720 conjugio
597 4671 658 4705 seru.
