<?xml version="1.0" encoding="UTF-8"?>
<!DOCTYPE html PUBLIC "-//W3C//DTD XHTML 1.0 Transitional//EN"
    "http://www.w3.org/TR/xhtml1/DTD/xhtml1-transitional.dtd">
<html xmlns="http://www.w3.org/1999/xhtml" xml:lang="en" lang="en">
 <head>
  <title>
</title>
<meta http-equiv="Content-Type" content="text/html;charset=utf-8" />
  <meta name='ocr-system' content='tesseract 3.04.00' />
  <meta name='ocr-capabilities' content='ocr_page ocr_carea ocr_par ocr_line ocrx_word'/>
</head>
<body>
  <div class='ocr_page' id='page_1' title='image "./theologidogmati02kenrgoog_0082.png"; bbox 0 0 2798 5092; ppageno 0'>
   <div class='ocr_carea' id='block_1_1' title="bbox 454 302 1292 387">
    <p class='ocr_par' dir='ltr' id='par_1_1' title="bbox 454 302 1292 387">
     <span class='ocr_line' id='line_1_1' title="bbox 454 302 1292 387; baseline 0.005 -24"><span class='ocrx_word' id='word_1_1' title='bbox 454 302 511 363; x_wconf 82' lang='lat' dir='ltr'><strong>DE</strong></span> <span class='ocrx_word' id='word_1_2' title='bbox 533 302 668 363; x_wconf 79' lang='lat' dir='ltr'>SAGRO</span> <span class='ocrx_word' id='word_1_3' title='bbox 691 302 928 366; x_wconf 75' lang='lat' dir='ltr'><strong>ctuttusutt.</strong></span> <span class='ocrx_word' id='word_1_4' title='bbox 965 382 969 387; x_wconf 21' lang='lat'><strong>¹</strong></span> <span class='ocrx_word' id='word_1_5' title='bbox 1250 308 1292 367; x_wconf 74' lang='grc'><strong>’19</strong></span> 
     </span>
    </p>
   </div>
   <div class='ocr_carea' id='block_1_2' title="bbox 93 462 1292 3768">
    <p class='ocr_par' dir='ltr' id='par_1_2' title="bbox 93 462 1289 738">
     <span class='ocr_line' id='line_1_2' title="bbox 95 462 1289 542; baseline 0.003 -22"><span class='ocrx_word' id='word_1_6' title='bbox 95 473 159 521; x_wconf 79' lang='lat' dir='ltr'><strong>tatur</strong></span> <span class='ocrx_word' id='word_1_7' title='bbox 172 481 207 521; x_wconf 90' lang='lat' dir='ltr'><strong>se</strong></span> <span class='ocrx_word' id='word_1_8' title='bbox 229 463 364 522; x_wconf 81' lang='lat' dir='ltr'><strong>cmlibem</strong></span> <span class='ocrx_word' id='word_1_9' title='bbox 385 480 461 530; x_wconf 90' lang='lat' dir='ltr'><strong>esse,</strong></span> <span class='ocrx_word' id='word_1_10' title='bbox 475 472 505 520; x_wconf 91' lang='lat' dir='ltr'><strong>et</strong></span> <span class='ocrx_word' id='word_1_11' title='bbox 517 480 623 540; x_wconf 90' lang='lat' dir='ltr'><strong>cupere</strong></span> <span class='ocrx_word' id='word_1_12' title='bbox 637 472 668 521; x_wconf 90' lang='lat' dir='ltr'><strong>ut</strong></span> <span class='ocrx_word' id='word_1_13' title='bbox 687 481 790 522; x_wconf 85' lang='lat' dir='ltr'><strong>omnes</strong></span> <span class='ocrx_word' id='word_1_14' title='bbox 809 462 905 522; x_wconf 86' lang='lat' dir='ltr'><strong>suiad</strong></span> <span class='ocrx_word' id='word_1_15' title='bbox 920 464 1009 537; x_wconf 81' lang='lat' dir='ltr'><strong>iustsr</strong></span> <span class='ocrx_word' id='word_1_16' title='bbox 1022 483 1056 524; x_wconf 84' lang='lat' dir='ltr'><strong>eu</strong></span> <span class='ocrx_word' id='word_1_17' title='bbox 1076 483 1115 524; x_wconf 84' lang='lat' dir='ltr'><strong>ex</strong></span> <span class='ocrx_word' id='word_1_18' title='bbox 1127 474 1207 542; x_wconf 88' lang='lat' dir='ltr'><strong>parte</strong></span> <span class='ocrx_word' id='word_1_19' title='bbox 1220 464 1289 524; x_wconf 82' lang='lat' dir='ltr'><strong>siut.</strong></span> 
     </span>
     <span class='ocr_line' id='line_1_3' title="bbox 94 559 1289 639; baseline 0.003 -21"><span class='ocrx_word' id='word_1_20' title='bbox 94 559 195 619; x_wconf 81' lang='lat' dir='ltr'><strong>“Diuo</strong></span> <span class='ocrx_word' id='word_1_21' title='bbox 218 570 317 618; x_wconf 87' lang='lat' dir='ltr'><strong>autem</strong></span> <span class='ocrx_word' id='word_1_22' title='bbox 337 578 395 618; x_wconf 92' lang='lat' dir='ltr'><strong>uou</strong></span> <span class='ocrx_word' id='word_1_23' title='bbox 415 559 513 637; x_wconf 87' lang='lat' dir='ltr'><strong>nuptis</strong></span> <span class='ocrx_word' id='word_1_24' title='bbox 534 569 563 617; x_wconf 90' lang='lat' dir='ltr'><strong>et</strong></span> <span class='ocrx_word' id='word_1_25' title='bbox 584 561 697 619; x_wconf 85' lang='lat' dir='ltr'><strong>viduis:</strong></span> <span class='ocrx_word' id='word_1_26' title='bbox 720 560 827 619; x_wconf 89' lang='lat' dir='ltr'><strong>bouum</strong></span> <span class='ocrx_word' id='word_1_27' title='bbox 845 570 891 619; x_wconf 88' lang='lat' dir='ltr'><strong>est</strong></span> <span class='ocrx_word' id='word_1_28' title='bbox 909 560 967 620; x_wconf 90' lang='lat' dir='ltr'><strong>illis</strong></span> <span class='ocrx_word' id='word_1_29' title='bbox 987 562 1013 621; x_wconf 89' lang='lat' dir='ltr'><strong>si</strong></span> <span class='ocrx_word' id='word_1_30' title='bbox 1036 562 1079 621; x_wconf 89' lang='lat' dir='ltr'><strong>sio</strong></span> <span class='ocrx_word' id='word_1_31' title='bbox 1094 573 1289 639; x_wconf 85' lang='lat' dir='ltr'><strong>permaneant,</strong></span> 
     </span>
     <span class='ocr_line' id='line_1_4' title="bbox 93 659 322 738; baseline 0 -20"><span class='ocrx_word' id='word_1_32' title='bbox 93 659 161 718; x_wconf 85' lang='lat' dir='ltr'><strong>siout</strong></span> <span class='ocrx_word' id='word_1_33' title='bbox 173 671 204 718; x_wconf 89' lang='lat' dir='ltr'><strong>et</strong></span> <span class='ocrx_word' id='word_1_34' title='bbox 218 659 322 738; x_wconf 83' lang='lat' dir='ltr'><strong>ego.’&#39;¹</strong></span> 
     </span>
    </p>

    <p class='ocr_par' dir='ltr' id='par_1_3' title="bbox 94 755 1290 1226">
     <span class='ocr_line' id='line_1_5' title="bbox 130 755 1290 836; baseline 0.001 -22"><span class='ocrx_word' id='word_1_35' title='bbox 130 759 197 814; x_wconf 84' lang='lat' dir='ltr'><strong>loo.</strong></span> <span class='ocrx_word' id='word_1_36' title='bbox 226 756 295 836; x_wconf 82' lang='lat' dir='ltr'><strong>otj.</strong></span> <span class='ocrx_word' id='word_1_37' title='bbox 310 761 340 815; x_wconf 79' lang='lat'><strong>2.</strong></span> <span class='ocrx_word' id='word_1_38' title='bbox 362 756 494 834; x_wconf 80' lang='lat' dir='ltr'><strong>Apostoli</strong></span> <span class='ocrx_word' id='word_1_39' title='bbox 516 774 617 815; x_wconf 91' lang='lat' dir='ltr'><strong>omues</strong></span> <span class='ocrx_word' id='word_1_40' title='bbox 640 774 745 814; x_wconf 87' lang='lat' dir='ltr'><strong>uxores</strong></span> <span class='ocrx_word' id='word_1_41' title='bbox 772 755 892 815; x_wconf 87' lang='lat' dir='ltr'><strong>duxisse</strong></span> <span class='ocrx_word' id='word_1_42' title='bbox 921 755 1058 814; x_wconf 85' lang='lat' dir='ltr'><strong>censendi</strong></span> <span class='ocrx_word' id='word_1_43' title='bbox 1080 765 1156 826; x_wconf 90' lang='lat' dir='ltr'><strong>sunt,</strong></span> <span class='ocrx_word' id='word_1_44' title='bbox 1177 758 1290 816; x_wconf 88' lang='lat' dir='ltr'><strong>Joauue</strong></span> 
     </span>
     <span class='ocr_line' id='line_1_6' title="bbox 94 852 1290 933; baseline 0.003 -22"><span class='ocrx_word' id='word_1_45' title='bbox 94 853 330 932; x_wconf 83' lang='lat' dir='ltr'><strong>lorsanexeepto,</strong></span> <span class='ocrx_word' id='word_1_46' title='bbox 342 871 427 928; x_wconf 91' lang='lat' dir='ltr'><strong>quem</strong></span> <span class='ocrx_word' id='word_1_47' title='bbox 440 853 566 912; x_wconf 85' lang='lat' dir='ltr'><strong>referunt</strong></span> <span class='ocrx_word' id='word_1_48' title='bbox 577 863 687 912; x_wconf 86' lang='lat' dir='ltr'><strong>veteres</strong></span> <span class='ocrx_word' id='word_1_49' title='bbox 699 854 839 931; x_wconf 81' lang='lat' dir='ltr'><strong>virginem</strong></span> <span class='ocrx_word' id='word_1_50' title='bbox 847 855 999 921; x_wconf 86' lang='lat' dir='ltr'><strong>mansisse,</strong></span> <span class='ocrx_word' id='word_1_51' title='bbox 1011 852 1039 912; x_wconf 93' lang='lat' dir='ltr'><strong>id</strong></span> <span class='ocrx_word' id='word_1_52' title='bbox 1050 853 1136 913; x_wconf 87' lang='lat' dir='ltr'><strong>veluti</strong></span> <span class='ocrx_word' id='word_1_53' title='bbox 1146 854 1290 933; x_wconf 79' lang='lat' dir='ltr'><strong>singulare</strong></span> 
     </span>
     <span class='ocr_line' id='line_1_7' title="bbox 94 951 1288 1033; baseline 0.002 -22"><span class='ocrx_word' id='word_1_54' title='bbox 94 952 131 1012; x_wconf 91' lang='lat' dir='ltr'><strong>iili</strong></span> <span class='ocrx_word' id='word_1_55' title='bbox 143 954 314 1012; x_wconf 84' lang='lat' dir='ltr'><strong>tribuentes.</strong></span> <span class='ocrx_word' id='word_1_56' title='bbox 356 952 490 1012; x_wconf 79' lang='lat' dir='ltr'><strong>Profecto</strong></span> <span class='ocrx_word' id='word_1_57' title='bbox 506 951 644 1011; x_wconf 81' lang='lat' dir='ltr'>Clemens</span> <span class='ocrx_word' id='word_1_58' title='bbox 659 952 871 1011; x_wconf 77' lang='lat' dir='ltr'><strong>Alexandrinus</strong></span> <span class='ocrx_word' id='word_1_59' title='bbox 880 953 1028 1011; x_wconf 87' lang='lat' dir='ltr'><strong>coelibatus</strong></span> <span class='ocrx_word' id='word_1_60' title='bbox 1042 951 1171 1012; x_wconf 86' lang='lat' dir='ltr'><strong>vindices</strong></span> <span class='ocrx_word' id='word_1_61' title='bbox 1187 955 1288 1033; x_wconf 81' lang='lat' dir='ltr'><strong>arguit:</strong></span> 
     </span>
     <span class='ocr_line' id='line_1_8' title="bbox 95 1049 1290 1128; baseline 0.001 -18"><span class='ocrx_word' id='word_1_62' title='bbox 95 1053 164 1110; x_wconf 79' lang='lat' dir='ltr'><strong>“Au</strong></span> <span class='ocrx_word' id='word_1_63' title='bbox 179 1053 269 1110; x_wconf 91' lang='lat' dir='ltr'><strong>etiam</strong></span> <span class='ocrx_word' id='word_1_64' title='bbox 283 1050 416 1127; x_wconf 84' lang='lat' dir='ltr'><strong>reprobat</strong></span> <span class='ocrx_word' id='word_1_65' title='bbox 428 1049 585 1126; x_wconf 79' lang='lat' dir='ltr'><strong>Apostolos</strong></span> <span class='ocrx_word' id='word_1_66' title='bbox 599 1050 610 1106; x_wconf 82' lang='lat' dir='ltr'><strong>l</strong></span> <span class='ocrx_word' id='word_1_67' title='bbox 652 1049 755 1108; x_wconf 92' lang='lat' dir='ltr'><strong>Petrus</strong></span> <span class='ocrx_word' id='word_1_68' title='bbox 767 1050 845 1108; x_wconf 88' lang='lat' dir='ltr'><strong>euim</strong></span> <span class='ocrx_word' id='word_1_69' title='bbox 860 1060 889 1108; x_wconf 85' lang='lat' dir='ltr'><strong>et</strong></span> <span class='ocrx_word' id='word_1_70' title='bbox 903 1050 1057 1127; x_wconf 78' lang='lat' dir='ltr'>Philippus</span> <span class='ocrx_word' id='word_1_71' title='bbox 1071 1050 1147 1108; x_wconf 84' lang='lat' dir='ltr'><strong>filios</strong></span> <span class='ocrx_word' id='word_1_72' title='bbox 1162 1068 1290 1128; x_wconf 84' lang='lat' dir='ltr'><strong>procrea·</strong></span> 
     </span>
     <span class='ocr_line' id='line_1_9' title="bbox 94 1147 995 1226; baseline -0.003 -17"><span class='ocrx_word' id='word_1_73' title='bbox 94 1161 171 1209; x_wconf 88' lang='lat' dir='ltr'><strong>runt:</strong></span> <span class='ocrx_word' id='word_1_74' title='bbox 197 1150 352 1226; x_wconf 82' lang='lat' dir='ltr'><strong>Philippus</strong></span> <span class='ocrx_word' id='word_1_75' title='bbox 367 1159 461 1207; x_wconf 88' lang='lat' dir='ltr'><strong>autem</strong></span> <span class='ocrx_word' id='word_1_76' title='bbox 477 1148 551 1206; x_wconf 87' lang='lat' dir='ltr'><strong>filias</strong></span> <span class='ocrx_word' id='word_1_77' title='bbox 566 1166 682 1221; x_wconf 89' lang='lat' dir='ltr'><strong>quoque</strong></span> <span class='ocrx_word' id='word_1_78' title='bbox 696 1166 763 1206; x_wconf 88' lang='lat' dir='ltr'><strong>suas</strong></span> <span class='ocrx_word' id='word_1_79' title='bbox 779 1148 847 1206; x_wconf 84' lang='lat' dir='ltr'><strong>viris</strong></span> <span class='ocrx_word' id='word_1_80' title='bbox 859 1147 995 1215; x_wconf 85' lang='lat' dir='ltr'><strong>locavit.”</strong></span> 
     </span>
    </p>

    <p class='ocr_par' dir='ltr' id='par_1_4' title="bbox 94 1245 1292 3768">
     <span class='ocr_line' id='line_1_10' title="bbox 129 1245 1290 1326; baseline 0 -19"><span class='ocrx_word' id='word_1_81' title='bbox 129 1247 216 1326; x_wconf 81' lang='lat' dir='ltr'><strong>Reep.</strong></span> <span class='ocrx_word' id='word_1_82' title='bbox 241 1248 287 1306; x_wconf 89' lang='lat' dir='ltr'><strong>De</strong></span> <span class='ocrx_word' id='word_1_83' title='bbox 301 1247 365 1306; x_wconf 90' lang='lat' dir='ltr'><strong>solo</strong></span> <span class='ocrx_word' id='word_1_84' title='bbox 379 1248 465 1305; x_wconf 90' lang='lat' dir='ltr'><strong>Petro</strong></span> <span class='ocrx_word' id='word_1_85' title='bbox 479 1256 592 1304; x_wconf 89' lang='lat' dir='ltr'><strong>constat</strong></span> <span class='ocrx_word' id='word_1_86' title='bbox 611 1264 678 1304; x_wconf 90' lang='lat' dir='ltr'><strong>eum</strong></span> <span class='ocrx_word' id='word_1_87' title='bbox 703 1245 771 1304; x_wconf 92' lang='lat' dir='ltr'><strong>olim</strong></span> <span class='ocrx_word' id='word_1_88' title='bbox 787 1245 906 1304; x_wconf 86' lang='lat' dir='ltr'><strong>duxisse</strong></span> <span class='ocrx_word' id='word_1_89' title='bbox 926 1264 1066 1307; x_wconf 85' lang='lat' dir='ltr'><strong>uxorem:</strong></span> <span class='ocrx_word' id='word_1_90' title='bbox 1089 1265 1178 1321; x_wconf 89' lang='lat' dir='ltr'><strong>quum</strong></span> <span class='ocrx_word' id='word_1_91' title='bbox 1194 1249 1290 1326; x_wconf 81' lang='lat' dir='ltr'><strong>igitur,</strong></span> 
     </span>
     <span class='ocr_line' id='line_1_11' title="bbox 95 1333 1292 1422; baseline 0.001 -17"><span class='ocrx_word' id='word_1_92' title='bbox 95 1346 129 1405; x_wconf 92' lang='lat' dir='ltr'><strong>uti</strong></span> <span class='ocrx_word' id='word_1_93' title='bbox 143 1333 345 1406; x_wconf 83' lang='lat' dir='ltr'><strong>animadvertit</strong></span> <span class='ocrx_word' id='word_1_94' title='bbox 359 1347 391 1403; x_wconf 87' lang='lat' dir='ltr'><strong>S.</strong></span> <span class='ocrx_word' id='word_1_95' title='bbox 408 1345 619 1420; x_wconf 81' lang='lat' dir='ltr'><strong>Hieronymus,</strong></span> <span class='ocrx_word' id='word_1_96' title='bbox 636 1354 786 1422; x_wconf 82' lang='lat' dir='ltr'><strong>“excepto</strong></span> <span class='ocrx_word' id='word_1_97' title='bbox 807 1345 949 1421; x_wconf 83' lang='lat' dir='ltr'><strong>Apostolo</strong></span> <span class='ocrx_word' id='word_1_98' title='bbox 964 1346 1062 1414; x_wconf 88' lang='lat' dir='ltr'><strong>Petro,</strong></span> <span class='ocrx_word' id='word_1_99' title='bbox 1077 1365 1134 1406; x_wconf 91' lang='lat' dir='ltr'><strong>nou</strong></span> <span class='ocrx_word' id='word_1_100' title='bbox 1149 1348 1187 1404; x_wconf 95' lang='lat' dir='ltr'><strong>sit</strong></span> <span class='ocrx_word' id='word_1_101' title='bbox 1201 1349 1292 1406; x_wconf 84' lang='lat' dir='ltr'><strong>maui-</strong></span> 
     </span>
     <span class='ocr_line' id='line_1_12' title="bbox 94 1442 1290 1520; baseline 0.002 -17"><span class='ocrx_word' id='word_1_102' title='bbox 94 1445 157 1503; x_wconf 88' lang='lat' dir='ltr'><strong>leste</strong></span> <span class='ocrx_word' id='word_1_103' title='bbox 172 1445 295 1504; x_wconf 87' lang='lat' dir='ltr'><strong>relatum</strong></span> <span class='ocrx_word' id='word_1_104' title='bbox 309 1443 346 1502; x_wconf 90' lang='lat' dir='ltr'><strong>de</strong></span> <span class='ocrx_word' id='word_1_105' title='bbox 367 1444 430 1503; x_wconf 85' lang='lat' dir='ltr'><strong>aliis</strong></span> <span class='ocrx_word' id='word_1_106' title='bbox 452 1442 610 1520; x_wconf 72' lang='lat' dir='ltr'><strong>Apostolis,</strong></span> <span class='ocrx_word' id='word_1_107' title='bbox 633 1443 710 1516; x_wconf 88' lang='lat' dir='ltr'><strong>quod</strong></span> <span class='ocrx_word' id='word_1_108' title='bbox 733 1460 839 1501; x_wconf 89' lang='lat' dir='ltr'><strong>uxores</strong></span> <span class='ocrx_word' id='word_1_109' title='bbox 860 1442 1032 1503; x_wconf 78' lang='lat' dir='ltr'>habuerint:</span> <span class='ocrx_word' id='word_1_110' title='bbox 1054 1454 1161 1503; x_wconf 87' lang='lat' dir='ltr'><strong>etcum</strong></span> <span class='ocrx_word' id='word_1_111' title='bbox 1182 1444 1218 1503; x_wconf 89' lang='lat' dir='ltr'><strong>de</strong></span> <span class='ocrx_word' id='word_1_112' title='bbox 1233 1464 1290 1505; x_wconf 93' lang='lat' dir='ltr'><strong>uuo</strong></span> 
     </span>
     <span class='ocr_line' id='line_1_13' title="bbox 95 1540 1290 1620; baseline 0.002 -19"><span class='ocrx_word' id='word_1_113' title='bbox 95 1544 226 1620; x_wconf 86' lang='lat' dir='ltr'><strong>scriptum</strong></span> <span class='ocrx_word' id='word_1_114' title='bbox 242 1543 290 1608; x_wconf 91' lang='lat' dir='ltr'><strong>sit,</strong></span> <span class='ocrx_word' id='word_1_115' title='bbox 305 1562 338 1599; x_wconf 88' lang='lat' dir='ltr'><strong>ac</strong></span> <span class='ocrx_word' id='word_1_116' title='bbox 352 1541 388 1599; x_wconf 90' lang='lat' dir='ltr'><strong>de</strong></span> <span class='ocrx_word' id='word_1_117' title='bbox 402 1542 511 1599; x_wconf 79' lang='lat' dir='ltr'><strong>ceteris</strong></span> <span class='ocrx_word' id='word_1_118' title='bbox 527 1542 653 1609; x_wconf 88' lang='lat' dir='ltr'><strong>tacitum,</strong></span> <span class='ocrx_word' id='word_1_119' title='bbox 668 1540 827 1617; x_wconf 86' lang='lat' dir='ltr'><strong>intelligere</strong></span> <span class='ocrx_word' id='word_1_120' title='bbox 847 1540 986 1599; x_wconf 80' lang='lat' dir='ltr'><strong>debemus</strong></span> <span class='ocrx_word' id='word_1_121' title='bbox 1001 1542 1065 1600; x_wconf 87' lang='lat' dir='ltr'><strong>siue</strong></span> <span class='ocrx_word' id='word_1_122' title='bbox 1086 1544 1224 1602; x_wconf 80' lang='lat' dir='ltr'><strong>uxoribus</strong></span> <span class='ocrx_word' id='word_1_123' title='bbox 1238 1562 1290 1603; x_wconf 89' lang='lat' dir='ltr'><strong>eos</strong></span> 
     </span>
     <span class='ocr_line' id='line_1_14' title="bbox 94 1637 1291 1715; baseline 0.002 -16"><span class='ocrx_word' id='word_1_124' title='bbox 94 1640 173 1699; x_wconf 86' lang='lat' dir='ltr'><strong>luisse</strong></span> <span class='ocrx_word' id='word_1_125' title='bbox 186 1660 195 1708; x_wconf 88' lang='lat'><strong>;</strong></span> <span class='ocrx_word' id='word_1_126' title='bbox 218 1640 255 1698; x_wconf 90' lang='lat' dir='ltr'><strong>de</strong></span> <span class='ocrx_word' id='word_1_127' title='bbox 270 1639 373 1711; x_wconf 92' lang='lat' dir='ltr'><strong>quibus</strong></span> <span class='ocrx_word' id='word_1_128' title='bbox 388 1637 459 1696; x_wconf 90' lang='lat' dir='ltr'><strong>nibil</strong></span> <span class='ocrx_word' id='word_1_129' title='bbox 475 1639 529 1695; x_wconf 90' lang='lat' dir='ltr'><strong>tale</strong></span> <span class='ocrx_word' id='word_1_130' title='bbox 544 1638 692 1714; x_wconf 80' lang='lat' dir='ltr'><strong>Scriptura</strong></span> <span class='ocrx_word' id='word_1_131' title='bbox 712 1638 899 1715; x_wconf 80' lang='lat' dir='ltr'><strong>significet.”¹</strong></span> <span class='ocrx_word' id='word_1_132' title='bbox 939 1639 1085 1700; x_wconf 78' lang='lat' dir='ltr'><strong>Ceterum</strong></span> <span class='ocrx_word' id='word_1_133' title='bbox 1106 1641 1131 1699; x_wconf 90' lang='lat' dir='ltr'><strong>si</strong></span> <span class='ocrx_word' id='word_1_134' title='bbox 1146 1641 1175 1699; x_wconf 92' lang='lat' dir='ltr'><strong>id</strong></span> <span class='ocrx_word' id='word_1_135' title='bbox 1189 1661 1291 1701; x_wconf 89' lang='lat' dir='ltr'><strong>couce-</strong></span> 
     </span>
     <span class='ocr_line' id='line_1_15' title="bbox 94 1734 1291 1818; baseline 0.002 -21"><span class='ocrx_word' id='word_1_136' title='bbox 94 1738 176 1806; x_wconf 82' lang='lat' dir='ltr'><strong>datur,</strong></span> <span class='ocrx_word' id='word_1_137' title='bbox 192 1755 351 1814; x_wconf 89' lang='lat' dir='ltr'><strong>possumus</strong></span> <span class='ocrx_word' id='word_1_138' title='bbox 365 1754 431 1794; x_wconf 89' lang='lat' dir='ltr'><strong>cum</strong></span> <span class='ocrx_word' id='word_1_139' title='bbox 446 1734 786 1813; x_wconf 85' lang='lat' dir='ltr'><strong>Hieronymodeuegare</strong></span> <span class='ocrx_word' id='word_1_140' title='bbox 807 1755 858 1796; x_wconf 90' lang='lat' dir='ltr'><strong>eos</strong></span> <span class='ocrx_word' id='word_1_141' title='bbox 872 1747 940 1814; x_wconf 88' lang='lat' dir='ltr'><strong>post</strong></span> <span class='ocrx_word' id='word_1_142' title='bbox 953 1740 1134 1799; x_wconf 85' lang='lat' dir='ltr'><strong>vocationem</strong></span> <span class='ocrx_word' id='word_1_143' title='bbox 1148 1740 1184 1799; x_wconf 86' lang='lat' dir='ltr'><strong>ad</strong></span> <span class='ocrx_word' id='word_1_144' title='bbox 1197 1742 1291 1818; x_wconf 83' lang='lat' dir='ltr'><strong>Apos-</strong></span> 
     </span>
     <span class='ocr_line' id='line_1_16' title="bbox 95 1834 1290 1913; baseline 0.003 -18"><span class='ocrx_word' id='word_1_145' title='bbox 95 1835 171 1895; x_wconf 83' lang='lat' dir='ltr'><strong>lttum</strong></span> <span class='ocrx_word' id='word_1_146' title='bbox 186 1835 318 1913; x_wconf 77' lang='lat' dir='ltr'><strong>conjugii</strong></span> <span class='ocrx_word' id='word_1_147' title='bbox 336 1835 449 1911; x_wconf 87' lang='lat' dir='ltr'><strong>juribus</strong></span> <span class='ocrx_word' id='word_1_148' title='bbox 477 1852 573 1900; x_wconf 87' lang='lat' dir='ltr'><strong>usum,</strong></span> <span class='ocrx_word' id='word_1_149' title='bbox 596 1853 684 1906; x_wconf 88' lang='lat' dir='ltr'><strong>quum</strong></span> <span class='ocrx_word' id='word_1_150' title='bbox 701 1834 804 1893; x_wconf 89' lang='lat' dir='ltr'><strong>Petrus</strong></span> <span class='ocrx_word' id='word_1_151' title='bbox 819 1838 948 1895; x_wconf 88' lang='lat' dir='ltr'><strong>omnium</strong></span> <span class='ocrx_word' id='word_1_152' title='bbox 965 1839 1081 1896; x_wconf 84' lang='lat' dir='ltr'><strong>nomine</strong></span> <span class='ocrx_word' id='word_1_153' title='bbox 1096 1838 1218 1912; x_wconf 91' lang='lat' dir='ltr'><strong>loquens</strong></span> <span class='ocrx_word' id='word_1_154' title='bbox 1239 1853 1290 1899; x_wconf 82' lang='lat' dir='ltr'><strong>ebs</strong></span> 
     </span>
     <span class='ocr_line' id='line_1_17' title="bbox 95 1931 1292 2013; baseline 0.003 -20"><span class='ocrx_word' id='word_1_155' title='bbox 95 1936 182 1993; x_wconf 88' lang='lat' dir='ltr'><strong>umuia</strong></span> <span class='ocrx_word' id='word_1_156' title='bbox 196 1942 315 2010; x_wconf 90' lang='lat' dir='ltr'><strong>propter</strong></span> <span class='ocrx_word' id='word_1_157' title='bbox 329 1932 478 1990; x_wconf 77' lang='lat' dir='ltr'><strong>Christum</strong></span> <span class='ocrx_word' id='word_1_158' title='bbox 494 1931 656 1990; x_wconf 85' lang='lat' dir='ltr'><strong>deseruisse</strong></span> <span class='ocrx_word' id='word_1_159' title='bbox 671 1932 747 1991; x_wconf 86' lang='lat' dir='ltr'><strong>dicet</strong></span> <span class='ocrx_word' id='word_1_160' title='bbox 762 1953 770 1990; x_wconf 81' lang='lat' dir='ltr'><strong>r</strong></span> <span class='ocrx_word' id='word_1_161' title='bbox 794 1942 814 1970; x_wconf 87' lang='lat'>“</span> <span class='ocrx_word' id='word_1_162' title='bbox 830 1934 932 1992; x_wconf 91' lang='lat' dir='ltr'><strong>Petrus</strong></span> <span class='ocrx_word' id='word_1_163' title='bbox 947 1945 976 1992; x_wconf 90' lang='lat' dir='ltr'><strong>et</strong></span> <span class='ocrx_word' id='word_1_164' title='bbox 989 1937 1089 1994; x_wconf 77' lang='lat' dir='ltr'><strong>ceteri</strong></span> <span class='ocrx_word' id='word_1_165' title='bbox 1101 1937 1244 2013; x_wconf 82' lang='lat' dir='ltr'><strong>Apostoli,</strong></span> <span class='ocrx_word' id='word_1_166' title='bbox 1260 1950 1292 1997; x_wconf 89' lang='lat' dir='ltr'><strong>ut</strong></span> 
     </span>
     <span class='ocr_line' id='line_1_18' title="bbox 96 2026 1290 2106; baseline 0.004 -18"><span class='ocrx_word' id='word_1_167' title='bbox 96 2030 159 2088; x_wconf 81' lang='lat' dir='ltr'><strong>elea</strong></span> <span class='ocrx_word' id='word_1_168' title='bbox 174 2029 326 2106; x_wconf 85' lang='lat' dir='ltr'><strong>superfluo</strong></span> <span class='ocrx_word' id='word_1_169' title='bbox 340 2029 454 2087; x_wconf 90' lang='lat' dir='ltr'><strong>interim</strong></span> <span class='ocrx_word' id='word_1_170' title='bbox 468 2026 638 2093; x_wconf 77' lang='lat' dir='ltr'><strong>concedam,</strong></span> <span class='ocrx_word' id='word_1_171' title='bbox 653 2027 813 2087; x_wconf 85' lang='lat' dir='ltr'><strong>habueruut</strong></span> <span class='ocrx_word' id='word_1_172' title='bbox 826 2030 942 2102; x_wconf 89' lang='lat' dir='ltr'><strong>quidem</strong></span> <span class='ocrx_word' id='word_1_173' title='bbox 957 2048 1072 2097; x_wconf 87' lang='lat' dir='ltr'><strong>uxores,</strong></span> <span class='ocrx_word' id='word_1_174' title='bbox 1094 2032 1147 2090; x_wconf 81' lang='lat' dir='ltr'><strong>aed</strong></span> <span class='ocrx_word' id='word_1_175' title='bbox 1161 2051 1233 2106; x_wconf 88' lang='lat' dir='ltr'><strong>quas</strong></span> <span class='ocrx_word' id='word_1_176' title='bbox 1254 2053 1290 2094; x_wconf 91' lang='lat' dir='ltr'><strong>eo</strong></span> 
     </span>
     <span class='ocr_line' id='line_1_19' title="bbox 96 2124 1291 2207; baseline 0.003 -20"><span class='ocrx_word' id='word_1_177' title='bbox 96 2138 216 2206; x_wconf 85' lang='lat' dir='ltr'><strong>tempore</strong></span> <span class='ocrx_word' id='word_1_178' title='bbox 231 2136 410 2204; x_wconf 82' lang='lat' dir='ltr'><strong>acceperant,</strong></span> <span class='ocrx_word' id='word_1_179' title='bbox 425 2145 482 2200; x_wconf 90' lang='lat' dir='ltr'><strong>quo</strong></span> <span class='ocrx_word' id='word_1_180' title='bbox 498 2124 689 2201; x_wconf 84' lang='lat' dir='ltr'><strong>Evangelium</strong></span> <span class='ocrx_word' id='word_1_181' title='bbox 711 2127 897 2185; x_wconf 88' lang='lat' dir='ltr'><strong>nesciebant:</strong></span> <span class='ocrx_word' id='word_1_182' title='bbox 920 2128 971 2201; x_wconf 88' lang='lat' dir='ltr'><strong>qui</strong></span> <span class='ocrx_word' id='word_1_183' title='bbox 992 2130 1133 2206; x_wconf 82' lang='lat' dir='ltr'><strong>assumpti</strong></span> <span class='ocrx_word' id='word_1_184' title='bbox 1148 2142 1248 2207; x_wconf 90' lang='lat' dir='ltr'><strong>postea</strong></span> <span class='ocrx_word' id='word_1_185' title='bbox 1261 2134 1291 2192; x_wconf 88' lang='lat' dir='ltr'><strong>iu</strong></span> 
     </span>
     <span class='ocr_line' id='line_1_20' title="bbox 96 2221 1291 2304; baseline 0.003 -21"><span class='ocrx_word' id='word_1_186' title='bbox 96 2225 278 2302; x_wconf 80' lang='lat' dir='ltr'><strong>apostolatum</strong></span> <span class='ocrx_word' id='word_1_187' title='bbox 290 2224 456 2297; x_wconf 92' lang='lat' dir='ltr'><strong>relinquunt</strong></span> <span class='ocrx_word' id='word_1_188' title='bbox 469 2222 597 2281; x_wconf 87' lang='lat' dir='ltr'><strong>officium</strong></span> <span class='ocrx_word' id='word_1_189' title='bbox 619 2221 789 2298; x_wconf 86' lang='lat' dir='ltr'><strong>conjugale:</strong></span> <span class='ocrx_word' id='word_1_190' title='bbox 815 2223 891 2282; x_wconf 85' lang='lat' dir='ltr'><strong>Nam</strong></span> <span class='ocrx_word' id='word_1_191' title='bbox 912 2242 979 2282; x_wconf 91' lang='lat' dir='ltr'><strong>oum</strong></span> <span class='ocrx_word' id='word_1_192' title='bbox 994 2224 1099 2283; x_wconf 89' lang='lat' dir='ltr'><strong>Petrus</strong></span> <span class='ocrx_word' id='word_1_193' title='bbox 1114 2244 1152 2284; x_wconf 90' lang='lat' dir='ltr'><strong>ex</strong></span> <span class='ocrx_word' id='word_1_194' title='bbox 1167 2246 1291 2304; x_wconf 88' lang='lat' dir='ltr'><strong>persona</strong></span> 
     </span>
     <span class='ocr_line' id='line_1_21' title="bbox 97 2319 1291 2400; baseline 0.004 -20"><span class='ocrx_word' id='word_1_195' title='bbox 97 2323 293 2400; x_wconf 70' lang='lat' dir='ltr'><strong>Apostolorum</strong></span> <span class='ocrx_word' id='word_1_196' title='bbox 316 2320 387 2379; x_wconf 89' lang='lat' dir='ltr'><strong>dicit</strong></span> <span class='ocrx_word' id='word_1_197' title='bbox 406 2319 441 2378; x_wconf 86' lang='lat' dir='ltr'><strong>ud</strong></span> <span class='ocrx_word' id='word_1_198' title='bbox 469 2319 648 2383; x_wconf 79' lang='lat' dir='ltr'><strong>Dominum3</strong></span> <span class='ocrx_word' id='word_1_199' title='bbox 672 2319 772 2377; x_wconf 81' lang='lat' dir='ltr'><strong>‘Ecce</strong></span> <span class='ocrx_word' id='word_1_200' title='bbox 794 2338 847 2378; x_wconf 92' lang='lat' dir='ltr'><strong>uos</strong></span> <span class='ocrx_word' id='word_1_201' title='bbox 869 2320 1040 2393; x_wconf 86' lang='lat' dir='ltr'><strong>reliquimus</strong></span> <span class='ocrx_word' id='word_1_202' title='bbox 1065 2325 1172 2392; x_wconf 85' lang='lat' dir='ltr'><strong>omnia,</strong></span> <span class='ocrx_word' id='word_1_203' title='bbox 1199 2335 1228 2384; x_wconf 91' lang='lat' dir='ltr'><strong>et</strong></span> <span class='ocrx_word' id='word_1_204' title='bbox 1246 2344 1291 2386; x_wconf 90' lang='lat' dir='ltr'><strong>se·</strong></span> 
     </span>
     <span class='ocr_line' id='line_1_22' title="bbox 98 2417 1291 2496; baseline 0.004 -18"><span class='ocrx_word' id='word_1_205' title='bbox 98 2422 167 2493; x_wconf 81' lang='lat' dir='ltr'><strong>uuuti</strong></span> <span class='ocrx_word' id='word_1_206' title='bbox 184 2437 298 2489; x_wconf 56' lang='lat' dir='ltr'><strong>,sumus</strong></span> <span class='ocrx_word' id='word_1_207' title='bbox 321 2429 367 2486; x_wconf 88' lang='lat' dir='ltr'><strong>te;</strong></span> <span class='ocrx_word' id='word_1_208' title='bbox 390 2417 539 2494; x_wconf 89' lang='lat' dir='ltr'><strong>respondit</strong></span> <span class='ocrx_word' id='word_1_209' title='bbox 566 2418 593 2473; x_wconf 87' lang='lat' dir='ltr'><strong>ei</strong></span> <span class='ocrx_word' id='word_1_210' title='bbox 616 2417 780 2475; x_wconf 84' lang='lat' dir='ltr'><strong>Dominus:</strong></span> <span class='ocrx_word' id='word_1_211' title='bbox 803 2419 932 2487; x_wconf 75' lang='lat' dir='ltr'><strong>‘Amem</strong></span> <span class='ocrx_word' id='word_1_212' title='bbox 954 2418 1019 2478; x_wconf 90' lang='lat' dir='ltr'><strong>dico</strong></span> <span class='ocrx_word' id='word_1_213' title='bbox 1040 2421 1133 2489; x_wconf 82' lang='lat' dir='ltr'><strong>vobis,</strong></span> <span class='ocrx_word' id='word_1_214' title='bbox 1153 2425 1291 2496; x_wconf 88' lang='lat' dir='ltr'><strong>quouiem</strong></span> 
     </span>
     <span class='ocr_line' id='line_1_23' title="bbox 96 2514 1291 2591; baseline 0.003 -14"><span class='ocrx_word' id='word_1_215' title='bbox 96 2535 171 2577; x_wconf 87' lang='lat' dir='ltr'><strong>uemo</strong></span> <span class='ocrx_word' id='word_1_216' title='bbox 185 2531 232 2575; x_wconf 89' lang='lat' dir='ltr'><strong>est</strong></span> <span class='ocrx_word' id='word_1_217' title='bbox 251 2517 301 2590; x_wconf 90' lang='lat' dir='ltr'><strong>qui</strong></span> <span class='ocrx_word' id='word_1_218' title='bbox 323 2514 462 2574; x_wconf 85' lang='lat' dir='ltr'><strong>dimiserit</strong></span> <span class='ocrx_word' id='word_1_219' title='bbox 476 2514 605 2581; x_wconf 89' lang='lat' dir='ltr'><strong>domum,</strong></span> <span class='ocrx_word' id='word_1_220' title='bbox 620 2525 668 2572; x_wconf 86' lang='lat' dir='ltr'><strong>aut</strong></span> <span class='ocrx_word' id='word_1_221' title='bbox 683 2523 825 2591; x_wconf 83' lang='lat' dir='ltr'><strong>parentes,</strong></span> <span class='ocrx_word' id='word_1_222' title='bbox 840 2529 888 2574; x_wconf 89' lang='lat' dir='ltr'><strong>aut</strong></span> <span class='ocrx_word' id='word_1_223' title='bbox 901 2516 1011 2583; x_wconf 89' lang='lat' dir='ltr'><strong>fratres,</strong></span> <span class='ocrx_word' id='word_1_224' title='bbox 1027 2529 1075 2576; x_wconf 91' lang='lat' dir='ltr'><strong>aut</strong></span> <span class='ocrx_word' id='word_1_225' title='bbox 1088 2537 1220 2589; x_wconf 85' lang='lat' dir='ltr'><strong>uxorem,</strong></span> <span class='ocrx_word' id='word_1_226' title='bbox 1242 2532 1291 2582; x_wconf 85' lang='lat' dir='ltr'><strong>aut</strong></span> 
     </span>
     <span class='ocr_line' id='line_1_24' title="bbox 98 2614 1291 2694; baseline 0.004 -20"><span class='ocrx_word' id='word_1_227' title='bbox 98 2616 161 2676; x_wconf 86' lang='lat' dir='ltr'><strong>ilios</strong></span> <span class='ocrx_word' id='word_1_228' title='bbox 177 2626 296 2694; x_wconf 89' lang='lat' dir='ltr'><strong>propter</strong></span> <span class='ocrx_word' id='word_1_229' title='bbox 309 2634 428 2691; x_wconf 86' lang='lat' dir='ltr'><strong>regnum</strong></span> <span class='ocrx_word' id='word_1_230' title='bbox 445 2614 512 2681; x_wconf 92' lang='lat' dir='ltr'><strong>Dei,</strong></span> <span class='ocrx_word' id='word_1_231' title='bbox 527 2614 576 2687; x_wconf 87' lang='lat' dir='ltr'><strong>qui</strong></span> <span class='ocrx_word' id='word_1_232' title='bbox 603 2633 659 2671; x_wconf 91' lang='lat' dir='ltr'><strong>uon</strong></span> <span class='ocrx_word' id='word_1_233' title='bbox 674 2614 794 2691; x_wconf 91' lang='lat' dir='ltr'><strong>recipiat</strong></span> <span class='ocrx_word' id='word_1_234' title='bbox 810 2615 899 2674; x_wconf 91' lang='lat' dir='ltr'><strong>multo</strong></span> <span class='ocrx_word' id='word_1_235' title='bbox 913 2616 996 2692; x_wconf 86' lang='lat' dir='ltr'><strong>plura</strong></span> <span class='ocrx_word' id='word_1_236' title='bbox 1008 2617 1039 2675; x_wconf 90' lang='lat' dir='ltr'><strong>iu</strong></span> <span class='ocrx_word' id='word_1_237' title='bbox 1053 2619 1161 2677; x_wconf 77' lang='lat' dir='ltr'><strong>seculo</strong></span> <span class='ocrx_word' id='word_1_238' title='bbox 1175 2619 1241 2687; x_wconf 93' lang='lat' dir='ltr'><strong>isto,</strong></span> <span class='ocrx_word' id='word_1_239' title='bbox 1262 2632 1291 2680; x_wconf 91' lang='lat' dir='ltr'><strong>et</strong></span> 
     </span>
     <span class='ocr_line' id='line_1_25' title="bbox 97 2709 1289 2792; baseline 0.003 -19"><span class='ocrx_word' id='word_1_240' title='bbox 97 2712 245 2773; x_wconf 71' lang='lat' dir='ltr'><strong>usoeculo</strong></span> <span class='ocrx_word' id='word_1_241' title='bbox 274 2712 368 2771; x_wconf 80' lang='lat' dir='ltr'><strong>futuro</strong></span> <span class='ocrx_word' id='word_1_242' title='bbox 390 2711 476 2769; x_wconf 85' lang='lat' dir='ltr'><strong>ritem</strong></span> <span class='ocrx_word' id='word_1_243' title='bbox 497 2709 679 2770; x_wconf 81' lang='lat' dir='ltr'><strong>aeternam.”⁸</strong></span> <span class='ocrx_word' id='word_1_244' title='bbox 718 2711 846 2769; x_wconf 88' lang='lat' dir='ltr'><strong>Juanues</strong></span> <span class='ocrx_word' id='word_1_245' title='bbox 867 2711 1120 2772; x_wconf 84' lang='lat' dir='ltr'><strong>ideoaveteribus</strong></span> <span class='ocrx_word' id='word_1_246' title='bbox 1146 2734 1205 2792; x_wconf 75' lang='lat' dir='ltr'><strong>prae</strong></span> <span class='ocrx_word' id='word_1_247' title='bbox 1227 2718 1289 2776; x_wconf 86' lang='lat' dir='ltr'><strong>aliis</strong></span> 
     </span>
     <span class='ocr_line' id='line_1_26' title="bbox 97 2807 1289 2887; baseline 0.003 -18"><span class='ocrx_word' id='word_1_248' title='bbox 97 2809 236 2887; x_wconf 83' lang='lat' dir='ltr'><strong>dpostolis</strong></span> <span class='ocrx_word' id='word_1_249' title='bbox 250 2811 417 2876; x_wconf 86' lang='lat' dir='ltr'><strong>celebratur,</strong></span> <span class='ocrx_word' id='word_1_250' title='bbox 434 2807 511 2882; x_wconf 91' lang='lat' dir='ltr'><strong>quod</strong></span> <span class='ocrx_word' id='word_1_251' title='bbox 521 2808 621 2884; x_wconf 91' lang='lat' dir='ltr'><strong>junior</strong></span> <span class='ocrx_word' id='word_1_252' title='bbox 636 2816 752 2866; x_wconf 89' lang='lat' dir='ltr'><strong>vocatus</strong></span> <span class='ocrx_word' id='word_1_253' title='bbox 766 2807 800 2865; x_wconf 89' lang='lat' dir='ltr'><strong>ad</strong></span> <span class='ocrx_word' id='word_1_254' title='bbox 817 2808 1006 2884; x_wconf 86' lang='lat' dir='ltr'><strong>apostolatum</strong></span> <span class='ocrx_word' id='word_1_255' title='bbox 1028 2810 1187 2887; x_wconf 83' lang='lat' dir='ltr'><strong>virgineum</strong></span> <span class='ocrx_word' id='word_1_256' title='bbox 1202 2813 1289 2873; x_wconf 88' lang='lat' dir='ltr'><strong>decus</strong></span> 
     </span>
     <span class='ocr_line' id='line_1_27' title="bbox 97 2904 1288 2996; baseline 0.004 -30"><span class='ocrx_word' id='word_1_257' title='bbox 97 2907 232 2987; x_wconf 83' lang='lat' dir='ltr'><strong>integrum</strong></span> <span class='ocrx_word' id='word_1_258' title='bbox 253 2926 384 2996; x_wconf 80' lang='lat' dir='ltr'><strong>servasse</strong></span> <span class='ocrx_word' id='word_1_259' title='bbox 412 2905 552 2965; x_wconf 89' lang='lat' dir='ltr'><strong>creditur:</strong></span> <span class='ocrx_word' id='word_1_260' title='bbox 576 2906 706 2972; x_wconf 87' lang='lat' dir='ltr'><strong>“Quem</strong></span> <span class='ocrx_word' id='word_1_261' title='bbox 728 2905 801 2963; x_wconf 88' lang='lat' dir='ltr'><strong>fides</strong></span> <span class='ocrx_word' id='word_1_262' title='bbox 829 2904 940 2964; x_wconf 85' lang='lat' dir='ltr'><strong>Christi</strong></span> <span class='ocrx_word' id='word_1_263' title='bbox 969 2907 1108 2985; x_wconf 83' lang='lat' dir='ltr'><strong>virginem</strong></span> <span class='ocrx_word' id='word_1_264' title='bbox 1136 2925 1288 2988; x_wconf 88' lang='lat' dir='ltr'><strong>repererat,</strong></span> 
     </span>
     <span class='ocr_line' id='line_1_28' title="bbox 99 3003 1288 3087; baseline 0.008 -26"><span class='ocrx_word' id='word_1_265' title='bbox 99 3007 168 3085; x_wconf 77' lang='lat' dir='ltr'><strong>uirgo</strong></span> <span class='ocrx_word' id='word_1_266' title='bbox 181 3007 353 3085; x_wconf 88' lang='lat' dir='ltr'><strong>permansit,</strong></span> <span class='ocrx_word' id='word_1_267' title='bbox 369 3016 397 3064; x_wconf 91' lang='lat' dir='ltr'><strong>et</strong></span> <span class='ocrx_word' id='word_1_268' title='bbox 418 3005 483 3064; x_wconf 91' lang='lat' dir='ltr'><strong>ideo</strong></span> <span class='ocrx_word' id='word_1_269' title='bbox 504 3005 569 3082; x_wconf 89' lang='lat' dir='ltr'><strong>plns</strong></span> <span class='ocrx_word' id='word_1_270' title='bbox 584 3015 693 3062; x_wconf 90' lang='lat' dir='ltr'><strong>amatur</strong></span> <span class='ocrx_word' id='word_1_271' title='bbox 707 3024 723 3061; x_wconf 92' lang='lat' dir='ltr'><strong>a</strong></span> <span class='ocrx_word' id='word_1_272' title='bbox 738 3003 877 3071; x_wconf 89' lang='lat' dir='ltr'><strong>Domino,</strong></span> <span class='ocrx_word' id='word_1_273' title='bbox 892 3015 921 3062; x_wconf 92' lang='lat' dir='ltr'><strong>et</strong></span> <span class='ocrx_word' id='word_1_274' title='bbox 934 3007 1075 3064; x_wconf 90' lang='lat' dir='ltr'><strong>recumbit</strong></span> <span class='ocrx_word' id='word_1_275' title='bbox 1088 3027 1176 3085; x_wconf 89' lang='lat' dir='ltr'><strong>super</strong></span> <span class='ocrx_word' id='word_1_276' title='bbox 1189 3025 1288 3087; x_wconf 90' lang='lat' dir='ltr'><strong>pectus</strong></span> 
     </span>
     <span class='ocr_line' id='line_1_29' title="bbox 97 3101 1285 3179; baseline 0.006 -18"><span class='ocrx_word' id='word_1_277' title='bbox 97 3101 165 3165; x_wconf 89' lang='lat' dir='ltr'><strong>Jesu.</strong></span> <span class='ocrx_word' id='word_1_278' title='bbox 196 3105 239 3164; x_wconf 77' lang='lat' dir='ltr'><strong>Bt</strong></span> <span class='ocrx_word' id='word_1_279' title='bbox 253 3103 330 3177; x_wconf 90' lang='lat' dir='ltr'><strong>quod</strong></span> <span class='ocrx_word' id='word_1_280' title='bbox 345 3104 457 3169; x_wconf 87' lang='lat' dir='ltr'><strong>Petrus,</strong></span> <span class='ocrx_word' id='word_1_281' title='bbox 474 3105 522 3176; x_wconf 90' lang='lat' dir='ltr'><strong>qni</strong></span> <span class='ocrx_word' id='word_1_282' title='bbox 539 3120 657 3159; x_wconf 84' lang='lat' dir='ltr'><strong>uxorem</strong></span> <span class='ocrx_word' id='word_1_283' title='bbox 673 3101 816 3168; x_wconf 88' lang='lat' dir='ltr'><strong>babuerat,</strong></span> <span class='ocrx_word' id='word_1_284' title='bbox 833 3102 1004 3179; x_wconf 88' lang='lat' dir='ltr'><strong>interrogare</strong></span> <span class='ocrx_word' id='word_1_285' title='bbox 1020 3122 1078 3163; x_wconf 89' lang='lat' dir='ltr'><strong>uon</strong></span> <span class='ocrx_word' id='word_1_286' title='bbox 1093 3105 1189 3174; x_wconf 89' lang='lat' dir='ltr'><strong>audet,</strong></span> <span class='ocrx_word' id='word_1_287' title='bbox 1204 3108 1285 3169; x_wconf 90' lang='lat' dir='ltr'><strong>illum</strong></span> 
     </span>
     <span class='ocr_line' id='line_1_30' title="bbox 99 3201 1289 3282; baseline 0.002 -19"><span class='ocrx_word' id='word_1_288' title='bbox 99 3215 214 3282; x_wconf 77' lang='lat' dir='ltr'><strong>rugatut</strong></span> <span class='ocrx_word' id='word_1_289' title='bbox 237 3202 395 3280; x_wconf 82' lang='lat' dir='ltr'><strong>interroget</strong></span> <span class='ocrx_word' id='word_1_290' title='bbox 399 3243 533 3260; x_wconf 87' lang='lat'><strong>.....</strong></span> <span class='ocrx_word' id='word_1_291' title='bbox 556 3211 584 3258; x_wconf 87' lang='lat' dir='ltr'><strong>et</strong></span> <span class='ocrx_word' id='word_1_292' title='bbox 604 3212 636 3257; x_wconf 89' lang='lat' dir='ltr'><strong>ut</strong></span> <span class='ocrx_word' id='word_1_293' title='bbox 662 3201 741 3259; x_wconf 85' lang='lat' dir='ltr'><strong>brevi</strong></span> <span class='ocrx_word' id='word_1_294' title='bbox 766 3219 899 3259; x_wconf 90' lang='lat' dir='ltr'><strong>sermone</strong></span> <span class='ocrx_word' id='word_1_295' title='bbox 921 3201 1010 3259; x_wconf 89' lang='lat' dir='ltr'><strong>muita</strong></span> <span class='ocrx_word' id='word_1_296' title='bbox 1036 3205 1289 3280; x_wconf 87' lang='lat' dir='ltr'><strong>comprehendam,</strong></span> 
     </span>
     <span class='ocr_line' id='line_1_31' title="bbox 98 3296 1288 3380; baseline 0 -19"><span class='ocrx_word' id='word_1_297' title='bbox 98 3297 265 3375; x_wconf 76' lang='lat' dir='ltr'><strong>doceamque</strong></span> <span class='ocrx_word' id='word_1_298' title='bbox 288 3300 372 3376; x_wconf 88' lang='lat' dir='ltr'><strong>eujus</strong></span> <span class='ocrx_word' id='word_1_299' title='bbox 400 3296 542 3376; x_wconf 84' lang='lat' dir='ltr'><strong>privilegii</strong></span> <span class='ocrx_word' id='word_1_300' title='bbox 570 3300 607 3354; x_wconf 89' lang='lat' dir='ltr'><strong>sit</strong></span> <span class='ocrx_word' id='word_1_301' title='bbox 634 3297 771 3366; x_wconf 87' lang='lat' dir='ltr'><strong>Joenues,</strong></span> <span class='ocrx_word' id='word_1_302' title='bbox 801 3299 860 3357; x_wconf 93' lang='lat' dir='ltr'><strong>imo</strong></span> <span class='ocrx_word' id='word_1_303' title='bbox 887 3298 918 3356; x_wconf 93' lang='lat' dir='ltr'><strong>iu</strong></span> <span class='ocrx_word' id='word_1_304' title='bbox 944 3298 1056 3358; x_wconf 89' lang='lat' dir='ltr'><strong>Joanne</strong></span> <span class='ocrx_word' id='word_1_305' title='bbox 1086 3301 1245 3380; x_wconf 79' lang='lat' dir='ltr'><strong>virginitas,</strong></span> <span class='ocrx_word' id='word_1_306' title='bbox 1272 3325 1288 3362; x_wconf 90' lang='lat' dir='ltr'><strong>a</strong></span> 
     </span>
     <span class='ocr_line' id='line_1_32' title="bbox 97 3394 1289 3474; baseline 0.004 -19"><span class='ocrx_word' id='word_1_307' title='bbox 97 3394 213 3458; x_wconf 82' lang='lat' dir='ltr'><strong>Domino</strong></span> <span class='ocrx_word' id='word_1_308' title='bbox 230 3397 342 3474; x_wconf 82' lang='lat' dir='ltr'><strong>virgine</strong></span> <span class='ocrx_word' id='word_1_309' title='bbox 357 3410 446 3454; x_wconf 89' lang='lat' dir='ltr'><strong>mater</strong></span> <span class='ocrx_word' id='word_1_310' title='bbox 461 3397 540 3472; x_wconf 83' lang='lat' dir='ltr'><strong>virgo</strong></span> <span class='ocrx_word' id='word_1_311' title='bbox 556 3395 658 3471; x_wconf 83' lang='lat' dir='ltr'><strong>virgini</strong></span> <span class='ocrx_word' id='word_1_312' title='bbox 680 3394 824 3472; x_wconf 88' lang='lat' dir='ltr'><strong>discipulo</strong></span> <span class='ocrx_word' id='word_1_313' title='bbox 843 3397 1106 3457; x_wconf 83' lang='lat' dir='ltr'><strong>commendetur.”⁴</strong></span> <span class='ocrx_word' id='word_1_314' title='bbox 1144 3400 1231 3468; x_wconf 87' lang='lat' dir='ltr'><strong>Quod</strong></span> <span class='ocrx_word' id='word_1_315' title='bbox 1254 3402 1289 3461; x_wconf 91' lang='lat' dir='ltr'><strong>de</strong></span> 
     </span>
     <span class='ocr_line' id='line_1_33' title="bbox 100 3490 1292 3574; baseline 0.006 -22"><span class='ocrx_word' id='word_1_316' title='bbox 100 3492 218 3574; x_wconf 83' lang='lat' dir='ltr'><strong>Philippi</strong></span> <span class='ocrx_word' id='word_1_317' title='bbox 244 3493 370 3571; x_wconf 86' lang='lat' dir='ltr'><strong>apostoli</strong></span> <span class='ocrx_word' id='word_1_318' title='bbox 385 3492 498 3550; x_wconf 88' lang='lat' dir='ltr'><strong>filiabus</strong></span> <span class='ocrx_word' id='word_1_319' title='bbox 522 3490 591 3548; x_wconf 86' lang='lat' dir='ltr'><strong>dicit</strong></span> <span class='ocrx_word' id='word_1_320' title='bbox 606 3490 746 3549; x_wconf 84' lang='lat' dir='ltr'><strong>Clemens</strong></span> <span class='ocrx_word' id='word_1_321' title='bbox 762 3491 974 3550; x_wconf 72' lang='lat' dir='ltr'><strong>Alexandrinus</strong></span> <span class='ocrx_word' id='word_1_322' title='bbox 998 3512 1078 3552; x_wconf 90' lang='lat' dir='ltr'><strong>error</strong></span> <span class='ocrx_word' id='word_1_323' title='bbox 1103 3507 1157 3563; x_wconf 89' lang='lat' dir='ltr'><strong>est,</strong></span> <span class='ocrx_word' id='word_1_324' title='bbox 1174 3516 1292 3570; x_wconf 87' lang='lat' dir='ltr'><strong>quuma</strong></span> 
     </span>
     <span class='ocr_line' id='line_1_34' title="bbox 100 3588 1291 3671; baseline 0.006 -22"><span class='ocrx_word' id='word_1_325' title='bbox 100 3589 225 3671; x_wconf 86' lang='lat' dir='ltr'><strong>Philippo</strong></span> <span class='ocrx_word' id='word_1_326' title='bbox 240 3592 376 3656; x_wconf 89' lang='lat' dir='ltr'><strong>diacono,</strong></span> <span class='ocrx_word' id='word_1_327' title='bbox 391 3601 455 3646; x_wconf 90' lang='lat' dir='ltr'><strong>ente</strong></span> <span class='ocrx_word' id='word_1_328' title='bbox 479 3588 669 3645; x_wconf 87' lang='lat' dir='ltr'><strong>ministerium</strong></span> <span class='ocrx_word' id='word_1_329' title='bbox 686 3606 798 3645; x_wconf 89' lang='lat' dir='ltr'><strong>sacrum</strong></span> <span class='ocrx_word' id='word_1_330' title='bbox 820 3601 1006 3666; x_wconf 84' lang='lat' dir='ltr'><strong>susceptum,</strong></span> <span class='ocrx_word' id='word_1_331' title='bbox 1021 3592 1130 3668; x_wconf 84' lang='lat' dir='ltr'><strong>genitae</strong></span> <span class='ocrx_word' id='word_1_332' title='bbox 1144 3595 1228 3654; x_wconf 63' lang='grc' dir='ltr'><strong>εἰιιῑ.ὅ</strong></span> <span class='ocrx_word' id='word_1_333' title='bbox 1247 3597 1291 3656; x_wconf 90' lang='lat' dir='ltr'><strong>De</strong></span> 
     </span>
     <span class='ocr_line' id='line_1_35' title="bbox 100 3684 1290 3768; baseline 0.004 -22"><span class='ocrx_word' id='word_1_334' title='bbox 100 3686 172 3748; x_wconf 83' lang='lat' dir='ltr'><strong>Petro</strong></span> <span class='ocrx_word' id='word_1_335' title='bbox 187 3703 282 3748; x_wconf 88' lang='lat' dir='ltr'><strong>autem</strong></span> <span class='ocrx_word' id='word_1_336' title='bbox 299 3705 360 3746; x_wconf 90' lang='lat' dir='ltr'><strong>non</strong></span> <span class='ocrx_word' id='word_1_337' title='bbox 371 3695 482 3743; x_wconf 90' lang='lat' dir='ltr'><strong>constat</strong></span> <span class='ocrx_word' id='word_1_338' title='bbox 495 3704 561 3742; x_wconf 91' lang='lat' dir='ltr'><strong>eum</strong></span> <span class='ocrx_word' id='word_1_339' title='bbox 578 3703 713 3757; x_wconf 89' lang='lat' dir='ltr'><strong>umquam</strong></span> <span class='ocrx_word' id='word_1_340' title='bbox 729 3685 816 3742; x_wconf 90' lang='lat' dir='ltr'><strong>filiam</strong></span> <span class='ocrx_word' id='word_1_341' title='bbox 838 3684 984 3754; x_wconf 86' lang='lat' dir='ltr'><strong>habuisse,</strong></span> <span class='ocrx_word' id='word_1_342' title='bbox 997 3707 1083 3760; x_wconf 88' lang='lat' dir='ltr'><strong>quam</strong></span> <span class='ocrx_word' id='word_1_343' title='bbox 1098 3702 1164 3768; x_wconf 92' lang='lat' dir='ltr'><strong>post</strong></span> <span class='ocrx_word' id='word_1_344' title='bbox 1179 3705 1290 3768; x_wconf 90' lang='lat' dir='ltr'><strong>aposto·</strong></span> 
     </span>
    </p>
   </div>
   <div class='ocr_carea' id='block_1_3' title="bbox 76 3781 1289 3865">
    <p class='ocr_par' dir='ltr' id='par_1_5' title="bbox 76 3781 1289 3865">
     <span class='ocr_line' id='line_1_36' title="bbox 76 3781 1289 3865; baseline 0.012 -32"><span class='ocrx_word' id='word_1_345' title='bbox 76 3826 77 3833; x_wconf 72' lang='grc'>,</span> <span class='ocrx_word' id='word_1_346' title='bbox 99 3781 172 3846; x_wconf 62' lang='lat' dir='ltr'><strong>latum</strong></span> <span class='ocrx_word' id='word_1_347' title='bbox 200 3799 371 3861; x_wconf 65' lang='lat' dir='ltr'><strong>,acceptum</strong></span> <span class='ocrx_word' id='word_1_348' title='bbox 385 3784 509 3860; x_wconf 85' lang='lat' dir='ltr'><strong>genitam</strong></span> <span class='ocrx_word' id='word_1_349' title='bbox 532 3801 587 3839; x_wconf 90' lang='lat' dir='ltr'><strong>non</strong></span> <span class='ocrx_word' id='word_1_350' title='bbox 610 3800 674 3839; x_wconf 91' lang='lat' dir='ltr'><strong>esse</strong></span> <span class='ocrx_word' id='word_1_351' title='bbox 696 3801 732 3839; x_wconf 81' lang='lat' dir='ltr'><strong>ex</strong></span> <span class='ocrx_word' id='word_1_352' title='bbox 749 3783 912 3840; x_wconf 87' lang='lat' dir='ltr'><strong>testimonio</strong></span> <span class='ocrx_word' id='word_1_353' title='bbox 934 3796 1060 3844; x_wconf 86' lang='lat' dir='ltr'><strong>veterum</strong></span> <span class='ocrx_word' id='word_1_354' title='bbox 1083 3789 1289 3865; x_wconf 77' lang='lat' dir='ltr'><strong>exploratores</strong></span> 
     </span>
    </p>
   </div>
   <div class='ocr_carea' id='block_1_4' title="bbox 101 3879 1291 4056">
    <p class='ocr_par' dir='ltr' id='par_1_6' title="bbox 101 3879 1291 4056">
     <span class='ocr_line' id='line_1_37' title="bbox 103 3879 1290 3961; baseline 0.003 -20"><span class='ocrx_word' id='word_1_355' title='bbox 103 3896 145 3943; x_wconf 84' lang='lat' dir='ltr'><strong>est.</strong></span> <span class='ocrx_word' id='word_1_356' title='bbox 184 3886 326 3944; x_wconf 83' lang='lat' dir='ltr'><strong>Clemens</strong></span> <span class='ocrx_word' id='word_1_357' title='bbox 355 3892 442 3947; x_wconf 86' lang='lat' dir='ltr'><strong>certe,</strong></span> <span class='ocrx_word' id='word_1_358' title='bbox 468 3899 524 3938; x_wconf 91' lang='lat' dir='ltr'><strong>non</strong></span> <span class='ocrx_word' id='word_1_359' title='bbox 552 3880 611 3956; x_wconf 84' lang='lat' dir='ltr'><strong>agit</strong></span> <span class='ocrx_word' id='word_1_360' title='bbox 633 3891 731 3937; x_wconf 89' lang='lat' dir='ltr'><strong>contra</strong></span> <span class='ocrx_word' id='word_1_361' title='bbox 750 3879 923 3947; x_wconf 82' lang='lat' dir='ltr'><strong>coelibatum,</strong></span> <span class='ocrx_word' id='word_1_362' title='bbox 939 3899 1025 3954; x_wconf 90' lang='lat' dir='ltr'><strong>quem</strong></span> <span class='ocrx_word' id='word_1_363' title='bbox 1043 3883 1174 3943; x_wconf 84' lang='lat' dir='ltr'><strong>laudibus</strong></span> <span class='ocrx_word' id='word_1_364' title='bbox 1195 3887 1290 3961; x_wconf 89' lang='lat' dir='ltr'><strong>potius</strong></span> 
     </span>
     <span class='ocr_line' id='line_1_38' title="bbox 101 3977 1291 4056; baseline 0.002 -16"><span class='ocrx_word' id='word_1_365' title='bbox 101 3979 177 4051; x_wconf 73' lang='lat' dir='ltr'><strong>effert,</strong></span> <span class='ocrx_word' id='word_1_366' title='bbox 190 3984 240 4042; x_wconf 91' lang='lat' dir='ltr'><strong>sed</strong></span> <span class='ocrx_word' id='word_1_367' title='bbox 252 3991 358 4044; x_wconf 88' lang='lat' dir='ltr'><strong>contra</strong></span> <span class='ocrx_word' id='word_1_368' title='bbox 381 3977 530 4035; x_wconf 84' lang='lat' dir='ltr'><strong>baeretieos</strong></span> <span class='ocrx_word' id='word_1_369' title='bbox 551 3978 601 4050; x_wconf 85' lang='lat' dir='ltr'><strong>qni</strong></span> <span class='ocrx_word' id='word_1_370' title='bbox 627 3986 647 4012; x_wconf 84' lang='grc'>“</span> <span class='ocrx_word' id='word_1_371' title='bbox 657 3977 755 4035; x_wconf 87' lang='lat' dir='ltr'><strong>dicunt</strong></span> <span class='ocrx_word' id='word_1_372' title='bbox 769 3996 827 4035; x_wconf 94' lang='lat' dir='ltr'><strong>nou</strong></span> <span class='ocrx_word' id='word_1_373' title='bbox 848 3995 912 4036; x_wconf 88' lang='lat' dir='ltr'><strong>esse</strong></span> <span class='ocrx_word' id='word_1_374' title='bbox 927 3978 1133 4040; x_wconf 88' lang='lat' dir='ltr'><strong>admittendum</strong></span> <span class='ocrx_word' id='word_1_375' title='bbox 1148 3980 1291 4056; x_wconf 80' lang='lat' dir='ltr'><strong>matrimo-</strong></span> 
     </span>
    </p>
   </div>
   <div class='ocr_carea' id='block_1_5' title="bbox 49 4074 672 4150">
    <p class='ocr_par' dir='ltr' id='par_1_7' title="bbox 49 4074 672 4150">
     <span class='ocr_line' id='line_1_39' title="bbox 49 4074 672 4150; baseline -0.014 -10"><span class='ocrx_word' id='word_1_376' title='bbox 49 4108 51 4121; x_wconf 88' lang='grc'><strong><em>·</em></strong></span> <span class='ocrx_word' id='word_1_377' title='bbox 104 4074 167 4138; x_wconf 78' lang='lat' dir='ltr'><strong>tium</strong></span> <span class='ocrx_word' id='word_1_378' title='bbox 180 4094 206 4141; x_wconf 92' lang='lat' dir='ltr'><strong>et</strong></span> <span class='ocrx_word' id='word_1_379' title='bbox 218 4083 384 4142; x_wconf 90' lang='lat' dir='ltr'><strong>liberorum</strong></span> <span class='ocrx_word' id='word_1_380' title='bbox 400 4074 672 4150; x_wconf 80' lang='lat' dir='ltr'><strong>procreationem,”⁰</strong></span> 
     </span>
    </p>
   </div>
   <div class='ocr_carea' id='block_1_6' title="bbox 486 4232 804 4728">
    <p class='ocr_par' dir='ltr' id='par_1_8' title="bbox 486 4232 730 4300">
     <span class='ocr_line' id='line_1_40' title="bbox 486 4232 730 4300; baseline 0.008 -19"><span class='ocrx_word' id='word_1_381' title='bbox 486 4235 529 4300; x_wconf 89' lang='lat' dir='ltr'><strong>(l)</strong></span> <span class='ocrx_word' id='word_1_382' title='bbox 552 4237 573 4284; x_wconf 91' lang='grc'><strong>1.</strong></span> <span class='ocrx_word' id='word_1_383' title='bbox 585 4232 643 4282; x_wconf 83' lang='lat' dir='ltr'><strong>Gor.</strong></span> <span class='ocrx_word' id='word_1_384' title='bbox 652 4234 694 4283; x_wconf 82' lang='lat' dir='ltr'><strong>vii.</strong></span> <span class='ocrx_word' id='word_1_385' title='bbox 705 4236 730 4283; x_wconf 81' lang='lat'><strong>8.</strong></span> 
     </span>
    </p>

    <p class='ocr_par' dir='ltr' id='par_1_9' title="bbox 487 4318 804 4472">
     <span class='ocr_line' id='line_1_41' title="bbox 491 4318 804 4382; baseline 0 -14"><span class='ocrx_word' id='word_1_386' title='bbox 491 4323 528 4382; x_wconf 78' lang='lat'><strong>(2)</strong></span> <span class='ocrx_word' id='word_1_387' title='bbox 547 4318 576 4368; x_wconf 91' lang='lat' dir='ltr'><strong>L.</strong></span> <span class='ocrx_word' id='word_1_388' title='bbox 585 4320 603 4369; x_wconf 89' lang='lat' dir='ltr'><strong>i.</strong></span> <span class='ocrx_word' id='word_1_389' title='bbox 614 4326 707 4370; x_wconf 82' lang='lat' dir='ltr'><strong>contra.</strong></span> <span class='ocrx_word' id='word_1_390' title='bbox 716 4318 804 4369; x_wconf 80' lang='lat' dir='ltr'><strong>tovin.</strong></span> 
     </span>
     <span class='ocr_line' id='line_1_42' title="bbox 487 4406 652 4472; baseline 0.006 -17"><span class='ocrx_word' id='word_1_391' title='bbox 487 4408 529 4472; x_wconf 78' lang='lat'><strong>(3)</strong></span> <span class='ocrx_word' id='word_1_392' title='bbox 551 4406 652 4456; x_wconf 83' lang='lat' dir='ltr'><strong>Ibidem.</strong></span> 
     </span>
    </p>

    <p class='ocr_par' dir='ltr' id='par_1_10' title="bbox 490 4490 653 4558">
     <span class='ocr_line' id='line_1_43' title="bbox 490 4490 653 4558; baseline -0.018 -17"><span class='ocrx_word' id='word_1_393' title='bbox 490 4493 532 4558; x_wconf 85' lang='grc'><strong>(4)</strong></span> <span class='ocrx_word' id='word_1_394' title='bbox 552 4490 653 4541; x_wconf 90' lang='lat' dir='ltr'><strong>lbidem.</strong></span> 
     </span>
    </p>

    <p class='ocr_par' dir='ltr' id='par_1_11' title="bbox 489 4576 716 4644">
     <span class='ocr_line' id='line_1_44' title="bbox 489 4576 716 4644; baseline 0.013 -20"><span class='ocrx_word' id='word_1_395' title='bbox 489 4578 532 4644; x_wconf 84' lang='lat'><strong>(5)</strong></span> <span class='ocrx_word' id='word_1_396' title='bbox 552 4579 609 4627; x_wconf 80' lang='lat' dir='ltr'><strong>Act.</strong></span> <span class='ocrx_word' id='word_1_397' title='bbox 621 4576 679 4628; x_wconf 87' lang='lat' dir='ltr'><strong>xxi.</strong></span> <span class='ocrx_word' id='word_1_398' title='bbox 692 4579 716 4627; x_wconf 88' lang='grc'><strong>9.</strong></span> 
     </span>
    </p>

    <p class='ocr_par' dir='ltr' id='par_1_12' title="bbox 491 4662 799 4728">
     <span class='ocr_line' id='line_1_45' title="bbox 491 4662 799 4728; baseline 0.01 -17"><span class='ocrx_word' id='word_1_399' title='bbox 491 4665 529 4728; x_wconf 74' lang='grc'><strong>(6)</strong></span> <span class='ocrx_word' id='word_1_400' title='bbox 547 4662 578 4713; x_wconf 88' lang='lat' dir='ltr'><strong>L.</strong></span> <span class='ocrx_word' id='word_1_401' title='bbox 586 4664 621 4717; x_wconf 91' lang='lat' dir='ltr'><strong>iii.</strong></span> <span class='ocrx_word' id='word_1_402' title='bbox 632 4666 721 4717; x_wconf 83' lang='lat' dir='ltr'><strong>Strom.</strong></span> <span class='ocrx_word' id='word_1_403' title='bbox 734 4669 757 4726; x_wconf 67' lang='grc' dir='ltr'><strong>ξ.</strong></span> <span class='ocrx_word' id='word_1_404' title='bbox 767 4664 799 4715; x_wconf 85' lang='lat' dir='ltr'><strong>ri.</strong></span> 
     </span>
    </p>
   </div>
   <div class='ocr_carea' id='block_1_7' title="bbox 0 0 1405 5092">
    <p class='ocr_par' dir='ltr' id='par_1_13' title="bbox 0 0 1405 5092">
     <span class='ocr_line' id='line_1_46' title="bbox 0 0 1405 5092; baseline 0 0"><span class='ocrx_word' id='word_1_405' title='bbox 0 0 1405 5092; x_wconf 95' lang='lat' dir='ltr'><strong> </strong></span> 
     </span>
    </p>
   </div>
  </div>
 </body>
</html>
