2798 5092
349 346 406 413 DE
427 350 810 414 UAORAMENTORUM
830 354 1060 459 usmetum.
1250 364 1307 422 tar
1379 371 1386 392 “

594 1041 741 1116 capitu,
755 1042 810 1103 111.

269 1280 330 1332 DE
365 1279 820 1333 sucnnnunuottutt
854 1278 1143 1336 neutcsotn.

142 1510 195 1568 47.
215 1504 291 1566 Tota
305 1500 544 1566 sacramentorum
556 1505 682 1565 efficacia
706 1506 844 1585 denegata
864 1516 908 1566 est
921 1528 937 1567 a
951 1507 1078 1570 liuthero
1091 1510 1178 1572 fidem
1192 1513 1295 1573 iustru-

102 1613 235 1664 mentum
252 1606 466 1682 justificationis
481 1606 630 1664 statuente.
672 1605 791 1664 Sectarii
804 1607 863 1665 sere
878 1624 978 1666 omnes
993 1609 1020 1667 ei
1042 1611 1180 1670 inhaerent
1194 1612 1297 1690 princi·

102 1705 168 1783 pio,
181 1702 232 1761 sed
246 1704 403 1763 novissime
424 1703 607 1762 oxonienses
623 1705 649 1762 ei
663 1704 793 1764 nuntium
808 1705 956 1771 miseruut,
978 1723 1216 1770 sacramentorum
1237 1712 1296 1771 vim

102 1799 254 1859 catholicis
269 1801 326 1858 iere
340 1801 457 1860 vocibus
472 1812 658 1876 exponentes.
689 1800 735 1861 Ad
749 1802 959 1883 ambiguitatem
973 1805 1019 1863 cui
1034 1806 1183 1866 studebant
1197 1821 1293 1868 sexto·

103 1896 212 1956 decimi
224 1898 322 1956 saeculi
342 1908 492 1956 novatores
511 1897 674 1965 tollendam,
697 1898 857 1955 Tridentini
883 1908 975 1976 patres
991 1918 1075 1960 voees
1100 1905 1130 1962 iu
1151 1904 1258 1964 scholis
1279 1926 1295 1964 a

94 1994 192 2064 tribus
206 2007 288 2052 antea
303 1994 415 2052 saeculis
430 2004 589 2070 usurpatas,
605 1992 761 2050 barbariem
776 1991 892 2066 quidem
903 1993 1072 2065 redolentes,
1084 1998 1135 2056 sed
1149 2002 1294 2062 veritatem

97 2101 128 2150 et
148 2091 211 2150 vim
237 2103 477 2149 sacramentorum
502 2090 630 2168 apprime
658 2090 845 2157 enuntiantes,
874 2089 1050 2168 adoptarunt,
1082 2112 1116 2151 ea
1140 2113 1177 2153 ear
1210 2115 1295 2176 opere

96 2194 230 2267 operato,
251 2188 361 2246 scilicet
383 2188 409 2245 vi
436 2189 507 2264 ipsis
533 2186 627 2254 insita,
648 2187 765 2263 gratiam
790 2185 916 2245 conferre
938 2187 1125 2247 definientes:
1149 2193 1293 2266 “Siquis

96 2283 205 2343 dixerit
230 2302 282 2360 per
306 2284 367 2360 ipsa
389 2302 470 2342 novae
497 2284 569 2361 legis
596 2294 771 2341 sacramenta
790 2302 826 2341 ex
841 2302 928 2361 opere
947 2296 1063 2363 operato
1088 2306 1147 2346 uon
1172 2290 1293 2348 conferri

94 2384 228 2462 gratiam,
258 2366 309 2440 sed
333 2383 423 2441 solam
449 2381 535 2440 fidem
563 2381 668 2440 divine
692 2382 893 2458 promissionis
914 2382 949 2441 ad
970 2385 1088 2461 gratiam
1116 2406 1293 2462 consequen·

53 2524 55 2533 .
94 2480 160 2540 dam
176 2479 330 2538 sufficere:
353 2478 502 2537 anathema
515 2476 597 2536 sit.”¹
637 2480 669 2536 Si
684 2479 749 2552 quis
763 2477 865 2537 dixerit
876 2490 1050 2540 sacramenta
1061 2500 1141 2541 norae
1154 2484 1224 2562 legis
1235 2506 1293 2546 non

94 2576 245 2636 continere
266 2577 384 2653 gratiam
409 2594 495 2648 quam
522 2575 694 2652 significant,
720 2586 768 2633 aut
795 2575 912 2652 gratiam
933 2579 1023 2654 ipsam
1043 2597 1101 2638 nou
1121 2583 1292 2655 ponentibus

97 2674 211 2733 obicem
227 2692 285 2732 non
300 2673 439 2740 conferre,
455 2674 536 2746 quasi
551 2675 633 2750 signa
655 2683 763 2730 tantum
784 2683 900 2731 externa
914 2674 972 2732 sint
996 2693 1118 2753 acceptae
1140 2679 1292 2755 perfidem

97 2771 194 2850 gmtiae
209 2771 254 2828 vel
265 2771 394 2848 justitiae,
418 2782 446 2829 et
460 2783 533 2828 notae
556 2770 683 2844 quaedarn
699 2771 859 2827 christianae
873 2771 1071 2846 professionis,
1088 2775 1191 2846 quibus
1213 2778 1288 2855 apud

98 2869 233 2928 homiues
248 2868 447 2926 discernuntur
460 2867 560 2924 fideles
586 2867 620 2925 ab
635 2865 815 2932 infidelibus3
837 2865 987 2924 anathema
1010 2868 1094 2926 sit.”⁹
1133 2871 1179 2928 Ea
1207 2874 1292 2951 igitur

100 2977 139 3026 est
152 2985 237 3025 mens
253 2964 396 3024 Ecclesiae
412 2963 595 3023 sacramentis
610 2962 736 3021 divinam
754 2962 867 3020 insitam
883 2980 947 3020 esse
962 2963 1104 3034 virtutem,
1120 2985 1182 3040 quae
1198 2981 1292 3030 tamen

102 3065 245 3124 frustratur
263 3063 416 3136 aliquando
440 3080 527 3141 prava
549 3062 755 3139 suscipienturu
781 3061 933 3130 voluntate,
957 3062 1068 3123 obicem
1096 3069 1191 3143 gratiae
1217 3071 1287 3148 obji-

105 3161 245 3221 cientium.

602 3336 787 3377 PROPOSITIO·

140 3478 333 3540 Sacramenta
355 3495 438 3536 novae
451 3475 527 3556 legis
547 3474 681 3556 gratiam
704 3476 852 3535 continent
871 3494 961 3554 qaam
976 3477 1161 3558 significant,
1177 3489 1204 3541 et
1216 3502 1287 3561 gra.

107 3576 170 3638 tiam
180 3577 281 3658 ipsam
294 3595 354 3636 non
363 3575 542 3653 ponentibus
563 3574 673 3634 obicem
687 3573 842 3655 conferunt
855 3592 892 3633 ea
906 3593 988 3654 opere
1003 3586 1130 3656 operato.

138 3674 290 3734 Probatur
305 3673 330 3733 I.
348 3692 384 3732 es
402 3673 576 3752 Scriptaris.

136 3778 182 3832 ts.
207 3772 295 3830 Nova
328 3771 458 3828 nativitas
486 3770 627 3846 baptismo
656 3769 794 3837 tribuitur,
820 3769 907 3828 veluti
943 3772 1130 3832 instrumento
1165 3775 1288 3852 Spiritus

106 3873 181 3931 tancti
212 3869 322 3928 efficaci
347 3889 379 3926 ac
404 3877 498 3926 certo:
537 3867 636 3924 “Nisi
657 3868 720 3938 quis
743 3878 854 3925 renatus
875 3868 959 3928 fuerit
980 3888 1016 3928 ex
1037 3889 1110 3944 aqua
1130 3884 1158 3930 et
1179 3874 1287 3948 Spiritu

105 3967 206 4040 Sancto,
226 3986 284 4025 non
300 3976 393 4041 potest
407 3964 521 4022 introire
549 3963 577 4022 in
608 3983 727 4041 regnum
752 3963 855 4022 Dei.¹’⁸
894 3966 1017 4043 Spiritus
1032 3967 1154 4026 Sanctus
1169 3968 1287 4027 collatus

105 4063 192 4126 dicitur
208 4063 394 4140 impositione
410 4079 524 4118 manum
540 4061 573 4118 ab
588 4060 737 4138 Apostolis
751 4061 900 4120 saetacum
914 4080 998 4139 prece
1011 4084 1018 4120 r
1042 4073 1061 4100 ‘⁶
1076 4064 1150 4120 Cum
1169 4062 1288 4122 vidisset

105 4179 181 4224 autem
198 4163 305 4221 Simon
318 4159 383 4231 quia
397 4177 447 4235 per
471 4157 683 4233 impositionem
700 4175 799 4216 manus
815 4157 1015 4234 Apostolorum
1037 4158 1147 4216 daretur
1162 4157 1285 4233 Spiritus

105 4257 263 4322 Sanctus.”⁴
304 4254 401 4312 Gratia
412 4252 482 4310 sacri
499 4253 648 4310 ministerii
664 4272 798 4312 manuum
815 4253 998 4331 impositione
1020 4253 1082 4310 data
1098 4264 1150 4320 est,
1164 4265 1283 4312 testante

499 4411 540 4474 (1)
561 4409 625 4459 Sese.
636 4410 677 4459 vii.
689 4427 742 4460 ean.
754 4415 779 4461 8.

500 4500 537 4556 (2)
556 4497 648 4545 Ibidem
659 4512 706 4546 can
719 4500 743 4547 6.

503 4583 543 4642 (3)
561 4583 632 4631 doun.
643 4583 677 4632 iii.
689 4587 713 4632 5.

510 4666 547 4725 rt)
567 4668 621 4715 Act.
634 4668 682 4716 viii.
698 4671 737 4718 ta.
1266 4526 1324 4793 c
