2812 5092
97 357 156 413 266
509 348 567 411 DE
594 348 876 411 Puueauoltto.

138 515 186 569 53.
211 509 279 589 otj.
297 514 343 568 16.
366 509 531 568 Christus
533 509 655 568 ‘dilexit
668 527 731 577 nos,
744 520 772 568 et
791 509 860 567 lavit
885 526 939 568 nos
952 528 969 566 a
982 508 1112 613 peccatis
1135 507 1247 566 nostris
1264 507 1292 566 in

97 609 235 684 sanguine
250 606 325 668 ιιο.’
328 606 479 683 ”Ergo
467 607 538 683 Justi
552 607 583 665 in
597 617 687 665 morte
695 607 796 665 saltem
807 607 843 664 ab
855 623 934 663 omnt
926 584 1094 664 maculosi
1108 613 1193 663 reatu
1205 622 1291 681 pinne

98 706 270 764 eximuntur.

135 799 224 878 Hesp.
246 800 458 860 Testimonium
472 799 541 859 illud
556 802 655 878 probat
667 810 775 859 tantum
787 797 935 879 Christum
951 816 1004 857 suo
1015 799 1162 877 sanguine
1177 812 1289 875 peocsts

97 908 192 957 nostra
205 899 358 974 expiasser
380 899 448 971 quin
473 907 566 956 tamen
591 898 657 957 inde
680 909 815 972 sequatur
835 915 888 955 nos
910 897 989 956 omni
1003 897 1095 955 eximi
1109 896 1213 973 eulpa,
1234 914 1288 956 orn·

96 1013 198 1053 nemve
210 994 335 1072 effugere
350 1014 474 1072 prunam.
515 997 596 1054 Siout
611 996 694 1073 igitur
708 997 758 1070 qui
772 1003 867 1053 manet
880 993 1034 1070 cupiditate
1048 1012 1139 1071 prava
1154 992 1288 1070 gravique

97 1090 204 1149 scelere
219 1091 378 1158 adstrictus,
390 1102 507 1149 aetemas
523 1091 642 1149 luiturus
656 1100 700 1149 ιιι
721 1109 842 1167 psenss3
864 1090 902 1148 ita
915 1090 965 1164 qui
979 1090 1137 1149 levioribus
1152 1090 1291 1149 detinetur

96 1188 188 1263 culpis
203 1188 314 1247 mitiora
338 1188 462 1264 petitura
484 1188 562 1246 nullo
587 1190 694 1265 quippe
718 1188 882 1247 testimonio
906 1188 1039 1264 probator
1062 1186 1170 1263 culpas
1192 1204 1287 1245 omnes

96 1304 252 1363 poenaeque
267 1286 399 1345 morienti
409 1287 489 1362 justo
503 1287 618 1354 remitti,
638 1303 724 1359 quern
739 1296 850 1344 constat
862 1302 1080 1357 nonnumquam
1093 1286 1151 1343 snb
1173 1296 1288 1343 mortem

31 1433 33 1437 .
100 1381 200 1439 leviter
219 1400 346 1458 peccare.

137 1483 185 1536 54.
204 1477 271 1556 otj.
296 1484 342 1536 11.
366 1482 471 1537 Auctor
493 1477 735 1559 Hypognoatisi:
757 1478 921 1537 “Primum
942 1476 1039 1537 locum
1052 1476 1145 1535 Fides
1164 1476 1289 1535 Catholi-

99 1594 197 1635 eorum
209 1574 306 1633 divina
317 1578 479 1635 auctoritate
494 1595 613 1654 regnum
625 1574 744 1634 credidit
754 1593 820 1633 esse
831 1576 967 1634 emiorum
981 1597 989 1634 ι
1010 1573 1180 1633 secundnm
1193 1576 1291 1653 gelren·

97 1691 173 1739 nam,
189 1672 237 1729 ubi
250 1672 345 1730 omnis
359 1683 494 1748 apostata,
510 1672 555 1730 vel
569 1692 586 1729 a
599 1673 709 1730 Christi
722 1671 779 1730 fide
793 1672 914 1739 alienus,
928 1684 1032 1731 esterna
1047 1671 1201 1747 supplicis
1214 1688 1293 1747 exps-

99 1769 196 1847 rietur.
238 1769 368 1827 Tertium
384 1771 496 1845 penitus
517 1770 700 1845 ignoramus;
723 1770 782 1828 imo
806 1787 938 1827 necesse
952 1770 982 1827 iu
996 1768 1160 1844 Scripturis
1188 1768 1292 1827 Sanctis

98 1864 308 1923 invenimus.¹’²
347 1863 427 1925 Idem
442 1865 554 1924 tradidit
567 1867 743 1943 Augustinus
758 1865 848 1942 ipse.⁸

136 1960 228 2040 Resp.
250 1964 358 2022 Auctor
383 1964 442 2031 ille,
469 1965 543 2023 siout
557 1965 745 2041 Augustinus,
770 1964 807 2021 iis
829 1963 902 2021 locis
926 1981 985 2023 nen
1009 1964 1069 2041 egit
1083 1961 1122 2021 sle
1151 1963 1291 2040 temporali

100 2069 184 2128 statu,
199 2059 249 2118 sed
267 2059 303 2117 de
314 2061 426 2119 aeternis
446 2062 564 2119 statibus
583 2062 727 2119 beatorum
741 2070 771 2118 et
787 2061 991 2139 reproborumr
1013 2060 1171 2139 Pelagiani
1184 2060 1291 2125 sciton,

104 2177 176 2232 quos
208 2160 382 2228 refellebant,
406 2162 613 2219 contendebant
647 2160 779 2237 parvulos
805 2160 911 2232 absque
946 2158 1090 2235 baptismo
1128 2160 1289 2219 decedentes

99 2256 233 2315 fruituros
248 2256 338 2334 gloria
351 2268 380 2315 et
393 2257 535 2324 felicitate,
548 2258 678 2330 quamvis
692 2258 723 2315 in
736 2275 856 2334 regnum
867 2255 983 2315 coeleste
996 2274 1056 2315 uon
1069 2256 1288 2335 ingrederentur.

100 2353 162 2412 Eos
190 2372 310 2431 arguens
340 2367 436 2414 auctor
462 2356 555 2413 statim
584 2355 745 2432 subjungit:
787 2355 922 2431 “Finge,
953 2353 1122 2430 Pelagianos,
1152 2354 1288 2415 loonmcr

100 2450 215 2510 officina
228 2452 354 2528 perversi
367 2450 507 2528 dogmatis
528 2452 578 2518 tui,
593 2452 641 2509 obi
666 2452 751 2509 aliem
764 2471 782 2509 a
796 2450 907 2509 Christi
920 2453 1011 2529 gratia
1024 2452 1117 2511 vitam
1132 2452 1243 2527 requiei
1259 2462 1285 2509 ιι

100 2545 197 2624 gloriae
212 2546 360 2622 possidere
373 2547 483 2622 parvuli
498 2546 642 2623 possint.'’

140 2648 188 2701 55.
213 2642 279 2721 obj.
297 2643 511 2703 leontinus
531 2644 683 2711 Ecclesiae,
700 2645 726 2702 si
744 2644 814 2718 quid
838 2648 967 2723 probent,
982 2644 1144 2718 ostendunt
1167 2662 1205 2705 ex
1220 2644 1282 2721 ipsis

100 2741 200 2800 inferis
227 2740 374 2799 damnatos
399 2743 459 2799 erni
485 2759 592 2819 posser
614 2743 645 2800 in
667 2741 813 2801 offertorio
835 2745 946 2823 quippe
968 2744 1070 2802 Missae
1086 2728 1143 2820 pro
1157 2742 1286 2803 deunce

30 2850 33 2855 ·
103 2837 226 2896 dicitur:
250 2847 270 2875 ‘⁶
281 2838 369 2896 libera
384 2839 494 2896 animes
517 2839 646 2898 omnium
661 2837 788 2898 fidelium
804 2838 1000 2899 defunctorum
1015 2839 1166 2916 dopmnis
1186 2836 1287 2904 inferni,

102 2936 180 2995 etde
194 2937 335 3014 profundo
348 2938 430 2996 iacnt
452 2938 540 2997 libera
554 2955 602 2997 ιιι
616 2936 652 2996 de
666 2955 715 2997 ore
728 2938 833 3007 leonis,
848 2958 885 2997 ne
899 2939 1115 2998 absorbentem
1126 2934 1272 2997 tartarus.”

141 3032 231 3112 Hesp.
252 3035 358 3094 Preces
373 3036 427 3094 ille
447 3036 521 3112 piam
544 3034 684 3094 Ecclesia
705 3034 916 3095 solicitudinem
928 3034 965 3094 de
979 3035 1072 3094 saluts
1091 3053 1215 3095 suorum
1227 3033 1288 3093 tto

103 3149 167 3190 rum
181 3132 354 3209 exprimunt,
364 3150 428 3205 que
443 3142 517 3190 ιιιιι
532 3142 576 3189 ιιι
589 3142 620 3190 ιι
634 3131 818 3191 vehementer
828 3131 970 3192 desideret
978 3131 1128 3193 nemiuem
1142 3132 1176 3192 in
1189 3132 1287 3191 inieras

103 3227 185 3287 tradi.
226 3227 436 3289 Liberationem
462 3248 497 3288 ex
520 3229 618 3287 inseris
640 3229 835 3289 damnatomm
860 3243 935 3289 certe
960 3248 1019 3312 nou
1043 3239 1189 3306 precator,
1212 3246 1286 3303 quun

104 3326 169 3403 ipsa
182 3324 284 3385 doceat
297 3326 439 3404 supplicia
453 3326 501 3384 illa
513 3343 578 3384 esse
599 3336 714 3395 eterna,
729 3328 894 3402 nullamque
908 3345 973 3386 esse
987 3344 1024 3385 ex
1039 3326 1154 3386 inferno
1170 3326 1288 3403 radenp·

105 3423 228 3481 tionem:
250 3423 301 3500 sed
325 3442 390 3481 sese
405 3423 493 3482 veluti
514 3435 683 3500 presentem
705 3425 802 3483 statuit
820 3425 1018 3493 morientibus,
1032 3422 1189 3498 funditque
1205 3438 1289 3501 preest

105 3534 142 3575 ne
156 3518 185 3576 in
200 3518 408 3580 damnationem
424 3531 556 3578 eternam
570 3520 705 3579 incidant.
747 3521 840 3580 Simul
854 3531 948 3581 autem
963 3531 1025 3579 orat
1043 3530 1075 3579 ut
1099 3522 1135 3579 ab
1148 3523 1233 3581 omni
1243 3522 1289 3579 rin·

106 3614 171 3673 culo
198 3612 366 3678 delictorum
388 3618 550 3678 solvantur:
573 3638 636 3693 quae
663 3622 753 3700 oratio
779 3620 851 3698 ipsis
875 3622 936 3698 jam
965 3619 1109 3679 defunctis
1134 3620 1252 3696 prodest
1266 3626 1290 3675 ιι

104 3703 212 3773 leviora
225 3716 429 3793 impedimenta
445 3718 585 3777 tollantur,
627 3696 759 3777 Proiecto
770 3737 807 3777 ex
819 3719 950 3797 precibus
964 3728 993 3776 et
1006 3719 1158 3777 sacrificiis
1174 3736 1238 3794 que
1248 3732 1289 3795 prt

110 3813 230 3870 mortuis
244 3813 328 3873 offert
347 3814 488 3884 Ecclesiae,
505 3816 556 3874 rite
578 3815 755 3874 concluditur
774 3834 825 3874 eos
840 3816 996 3875 viventium
1011 3815 1160 3894 suffragiis
1175 3812 1289 3895 adjurati

109 3926 207 3986 posse,
221 3927 308 3984 quum
324 3911 392 3969 alias
407 3912 470 3971 haec
485 3916 580 3972 omnia
594 3913 686 3972 forent
700 3931 815 3990 prorsus
837 3930 1056 3991 superuacanea,
1160 3932 1169 3945 ··

146 4009 195 4065 56.
214 4004 280 4084 otj.
298 4010 344 4065 13.
378 4009 422 4067 De
446 4011 606 4086 purgatorio
624 4008 726 4068 dubius
745 4010 829 4068 lraesit
846 4010 1048 4087 Augustinus.⁴
1068 4010 1152 4088 Ergo
1176 4029 1233 4070 non
1253 3986 1288 4067 ιιι

107 4103 249 4181 dogmatis
264 4107 425 4164 auctoritate
440 4107 614 4167 donandum.

145 4198 235 4279 Hesp.
257 4202 434 4280 Augustinus
457 4205 574 4261 minime
596 4203 732 4262 dubitavit
754 4204 788 4262 de
812 4206 972 4281 purgatorio
982 4185 1062 4281 ipso,
1091 4222 1144 4262 seu
1170 4205 1205 4264 de
1228 4214 1288 4264 statu

106 4295 229 4368 quodam
244 4297 439 4357 defunctorum
454 4299 502 4372 qui
519 4301 687 4377 temporales
701 4299 784 4357 luunt
800 4319 909 4377 poenas,
924 4300 1030 4373 quique
1044 4299 1208 4381 viventium
1223 4300 1287 4377 adju·

405 4457 447 4522 (1)
466 4456 563 4522 Apocst
556 4473 573 4506 ι
586 4461 610 4508 ι.

402 4542 430 4605 (2
433 4541 444 4606 )
464 4541 581 4607 Hypogu.
590 4542 606 4591 l.
617 4558 639 4589 v.
651 4556 672 4590 c.
683 4555 707 4589 v.

400 4625 539 4691 (mecm.
550 4625 639 4676 xinde
652 4628 797 4691 vennpoe

433 4712 445 4776 )

402 4709 431 4774 (4
464 4710 1057 4767 Euchirc.lxir.etlxxidsoir.1)eicxxvi.
1105 4724 1116 4739 ¹
