2798 5092
476 339 533 401 Du
554 339 695 401 SAGRO
717 342 952 403 COELIBA'I'U.

614 596 800 639 ruorosrulo.

150 734 330 815 Numquam
342 735 428 796 licuit
442 732 555 796 clericis
568 735 622 814 qui
635 736 729 797 socru
738 736 894 798 ordinibus
905 738 1050 818 insigniti
1063 740 1314 804 erontmotrimo·

109 833 198 895 nium
211 833 298 894 inire.

148 931 303 992 Probatur
321 931 347 991 Ι.
362 930 569 992 sanctionibus
589 932 824 1012 antiquissimis.

148 1033 215 1088 138.
238 1028 468 1088 Constitutiones
481 1028 659 1106 Apostolicae
672 1050 736 1104 qun
751 1032 898 1108 pristinam
914 1030 1084 1110 plerumque
1098 1032 1240 1092 exhibent
1254 1032 1313 1093 dis·

105 1126 252 1204 ciplinam‚
267 1125 296 1184 id
306 1127 425 1185 omnino
436 1137 549 1187 vetant:
563 1129 598 1197 μὴ
609 1126 696 1190 ἐξεῖναι
709 1130 734 1182 δε
748 1127 830 1192 baron
840 1145 906 1198 para
921 1132 1072 1200 repertores
1082 1127 1186 1201 ἇγάμοις
1196 1135 1264 1186 bros
1273 1131 1314 1187 ivi

103 1225 143 1279 lev*
155 1245 233 1296 γαμον
243 1227 356 1294 ἕρκεοὲω
369 1243 376 1274 =
400 1234 420 1262 ‘⁶
430 1236 496 1302 post
505 1227 714 1304 ordinationem
723 1239 830 1305 autem,
842 1227 868 1284 si
877 1246 981 1286 uxores
994 1247 1051 1286 non
1062 1228 1177 1296 habent,
1191 1227 1316 1308 (episeo-

98 1339 170 1400 pus,
186 1327 212 1380 et
222 1322 378 1402 presbyter
391 1329 419 1381 et
432 1322 600 1404 diaeonus)
613 1324 806 1402 praecipimus,
818 1334 916 1383 utnon
928 1325 1012 1383 liceat
1025 1325 1148 1403 amplius
1157 1324 1315 1384 ducere.”¹

104 1417 240 1478 Oenones
252 1419 411 1496 Apostolici
421 1422 528 1481 nubere
540 1424 678 1488 volentes,
693 1433 842 1498 postquam
856 1421 884 1479 in
895 1421 1001 1481 clerum
1010 1432 1077 1481 sunt
1085 1423 1221 1499 cooptati,
1238 1423 1313 1483 ultra

103 1516 217 1576 lectoris
229 1518 274 1575 vel
287 1517 390 1576 Psaltis
402 1519 521 1596 gradum
531 1520 649 1598 provehi
663 1525 853 1577 vetant—Tor
864 1522 897 1582 ἐις
910 1522 997 1590 κλῆρον
1009 1521 1191 1590 προσελθόντων
1201 1519 1313 1592 ὀγάμων,

106 1615 234 1683 relicuum
242 1615 395 1682 βουλομένους
400 1617 496 1686 papiro,
505 1616 665 1688 homobonus,
676 1637 720 1670 xor
729 1614 826 1680 ψόλτας
835 1615 927 1683 udonus.
950 1615 1114 1676 Concilium
1126 1617 1155 1675 Ν
1157 1629 1314 1678 eocoeu're·

103 1730 173 1771 ense
195 1731 270 1771 anno
292 1716 361 1782 315,
382 1712 528 1773 decrevit:
564 1724 583 1751 ¹⁶
599 1714 766 1791 Presbyter,
790 1715 815 1771 si
836 1731 956 1772 uxorem
978 1715 1130 1794 acceperit,
1152 1700 1188 1773 ab
1208 1714 1312 1776 ordine

102 1808 308 1888 deponatur.'’⁸

144 1911 209 1966 139.
232 1907 292 1984 lpsi
321 1907 469 1968 'l'rullanae
493 1906 599 1986 synodi
621 1906 769 1984 praesules,
794 1907 843 1980 qui
858 1906 1041 1983 disciplinam
1055 1907 1247 1969 Orientalium
1269 1908 1308 1970 de

100 2004 232 2063 coelibatu
254 2013 371 2062 eatenus
396 2004 552 2073 solverunt,
576 2004 653 2078 quod
679 2003 790 2062 clericis
812 2003 967 2081 majoribus
983 2004 1023 2062 nti
1044 2004 1227 2065 matrimonio
1241 2016 1308 2066 ante

99 2101 214 2161 ordines
227 2111 377 2179 susceptos
389 2102 460 2161 inito
469 2101 660 2179 permiserint,
670 2100 796 2158 districts
807 2110 965 2170 vetuerunt,
975 2119 1012 2159 ne
1024 2112 1090 2178 post
1099 2100 1232 2162 ordinum
1241 2121 1308 2163 sus

100 2203 263 2281 ceptionem
280 2201 344 2274 quis
360 2201 573 2259 matrimonium
588 2200 691 2258 iniret:
715 2199 893 2266 “Quoniam
915 2200 944 2258 in
965 2199 1131 2277 apostolicis
1146 2202 1308 2261 canonibus

99 2299 207 2358 dietum
222 2309 265 2357 est
279 2316 377 2356 eorum
394 2297 443 2370 qui
458 2316 516 2356 non
531 2296 615 2354 ducta
629 2314 718 2354 uxore
740 2297 769 2355 in
784 2297 891 2355 clerum
914 2308 1128 2373 promoventur,
1152 2299 1234 2358 solos
1248 2299 1309 2359 lec·

100 2405 175 2454 tores
189 2404 219 2453 et
232 2405 362 2452 cantores
380 2412 500 2451 uxorem
516 2412 603 2471 posse
624 2391 748 2459 ducere;
771 2403 800 2450 et
813 2412 865 2451 nos
881 2393 935 2450 ho'c
956 2406 1102 2452 servantes
1124 2394 1308 2457 decernimus

98 2499 129 2548 ut
142 2491 278 2568 deinceps
293 2489 364 2548 nulli
391 2490 504 2567 penitus
533 2487 749 2566 hypodiacono,
764 2488 811 2546 vel
834 2488 966 2557 diacono,
983 2490 1027 2548 vel
1040 2492 1212 2569 presbytero
1233 2506 1305 2572 post

98 2590 143 2648 sui
157 2575 365 2649 ordinationem
380 2588 549 2647 contrahere
563 2587 656 2646 liceat.
699 2588 731 2645 Si
746 2600 841 2646 autem
857 2588 940 2649 luerit
957 2589 1013 2648 hoc
1028 2608 1115 2649 ausus
1134 2591 1239 2661 tacere,
1256 2593 1321 2659 de·.

97 2685 265 2765 ponatur.’'⁸

142 2790 205 2845 140.
228 2785 281 2844 Jus
297 2784 525 2844 ecclesiasticum
540 2794 639 2843 vetans
665 2783 833 2842 clericorum
850 2784 992 2863 majorum
1018 2787 1199 2846 matrimonia
1223 2789 1304 2850 civssi

92 2887 157 2963 jure
185 2885 327 2944 munitum
357 2894 420 2943 est:
444 2884 575 2942 “Sacris
603 2882 793 2951 canonibus,”
815 2883 907 2956 inquit
928 2884 1082 2963 imperator
1106 2886 1303 2954 Justinianus.

96 2994 220 3058 “neque
236 2982 301 3042 Deo
315 2982 518 3041 amantissimis
534 2972 720 3060 presbyteris,
736 3000 829 3056 neque
846 2981 1093 3042 reverendissimis
1105 2984 1237 3046 diaconis
1252 2999 1304 3049 aut

95 3080 278 3140 subdiaconis
295 3081 407 3156 nuptias
432 3078 601 3139 contrahere
616 3090 681 3155 post
701 3077 875 3155 hujusmodi
889 3079 1096 3139 ordinationem
1112 3084 1301 3159 permittenti-

94 3179 158 3247 bus,
171 3177 223 3236 sed
238 3177 308 3237 solis
323 3175 570 3235 reverendissimis
584 3176 682 3253 psaltis
696 3194 725 3233 et
738 3176 891 3234 lectoribus
913 3175 1148 3247 concedentibus,
1169 3181 1299 3241 animad-

94 3277 230 3335 vertimus
240 3273 379 3349 quosdam
389 3256 580 3350 despicientes
591 3272 707 3346 quidem
720 3292 816 3331 sacros
831 3272 989 3340 canones,”
1002 3279 1073 3335 ete.⁴
1114 3286 1133 3314 “
1147 3278 1179 3336 Si
1190 3279 1296 3354 aliquis
1315 3291 1317 3294 ‘

93 3375 253 3452 presbyter,
269 3383 317 3453 aut
328 3370 476 3437 diaconus,
492 3380 540 3428 aut
553 3369 745 3427 subdiaconus
767 3379 866 3446 postea
887 3369 972 3429 ducat
985 3390 1104 3431 uxorem
1119 3384 1167 3433 aut
1186 3395 1294 3437 concn-

93 3471 199 3537 biuam,
216 3482 263 3528 aut
277 3468 370 3547 palam
385 3481 434 3526 ant
447 3468 569 3536 occulte,
581 3485 663 3526 sacro
678 3467 771 3525 statim
793 3466 874 3525 cedat
888 3467 998 3535 ordine,
1011 3481 1040 3528 et
1053 3469 1193 3551 deinceps
1208 3474 1304 3535 idiota

93 3568 178 3628 sit.”⁵

131 3665 285 3726 Probatur
299 3663 343 3724 II.
360 3663 571 3724 consuetudine
585 3671 740 3743 perpetuo.
1232 3720 1237 3732 ,

136 3768 203 3823 141.
227 3761 332 3825 Totius
347 3763 491 3822 Ecclesia
507 3773 567 3821 tum
588 3762 735 3820 orientalis
751 3772 810 3820 tum
827 3762 1011 3822 occidentalis
1025 3783 1095 3823 usus
1111 3767 1145 3824 ab
1160 3769 1299 3844 antiquis·

92 3864 173 3924 simis
188 3865 288 3940 vigens
305 3863 502 3939 ¹temporibus,
517 3874 546 3920 et
569 3880 727 3935 numquam
751 3861 938 3938 interruptus,
961 3863 1062 3939 probat
1081 3883 1198 3943 semper
1217 3869 1298 3928 nesus

90 3962 218 4021 habitum
233 3957 400 4036 conjugium
415 3959 487 4017 inire
502 3970 568 4036 post
590 3958 705 4017 ordines
729 3968 891 4036 susceptos.
935 3959 1106 4033 Graecorum
1129 3973 1158 4020 et
1172 3964 1296 4025 orienta-

91 4058 161 4116 lium
183 4056 312 4116 omnium
339 4065 480 4113 sectarum
505 4073 664 4114 consensus
689 4054 743 4112 hac
768 4056 797 4113 in
823 4073 854 4112 re
877 4067 973 4131 aperte
998 4056 1081 4114 nobis
1106 4059 1292 4138 suffragatur.

92 4152 176 4212 Hanc
188 4164 354 4232 perpetuam
367 4153 602 4213 consuetudinem
618 4151 654 4210 ad
666 4151 823 4230 Apostolos
838 4152 942 4212 referre
956 4171 1073 4219 necesse
1086 4157 1206 4217 omnino
1221 4169 1275 4221 est.

398 4346 440 4410 (1)
461 4341 523 4407 Cep.
535 4341 589 4393 xiii.
606 4339 683 4394 Lebb.
693 4350 710 4394 t.
721 4342 738 4393 i.
751 4359 774 4409 p.
786 4345 845 4394 ³92.

388 4431 432 4496 (2)
451 4427 526 4493 Apud
539 4426 616 4476 Labb.
628 4435 644 4477 t.
657 4428 673 4477 i.
685 4443 711 4492 p.
724 4427 798 4478 1484.

390 4519 426 4576 (3)
440 4515 532 4566 Ibidem
544 4522 562 4564 t.
578 4515 611 4564 vi.
621 4528 646 4578 p.
660 4516 734 4564 1144.

391 4603 433 4668 (l)
453 4601 543 4651 L.1lv.
556 4601 608 4650 cod.
620 4600 650 4650 ds
662 4600 735 4665 episc.
745 4607 769 4650 et
780 4599 860 4649 cleric.

387 4688 427 4752 (5)
445 4688 544 4737 Novell.
560 4686 593 4736 vi.
605 4702 658 4752 esp.
670 4702 693 4737 v.
