2798 5092
133 339 194 397 tut
619 337 844 399 APPDNDIX.

136 514 234 557 sorum
262 498 382 557 recessit
402 495 614 565 communione,
635 497 696 570 qni,
715 497 799 575 juxta
819 496 1021 556 Alexandriae
1042 499 1150 576 synodi
1172 498 1330 570 decretum,

134 595 231 674 lapsos
244 596 276 654 iu
290 595 406 672 pmprio
420 594 519 653 ordina
536 595 712 671 recipiebant
733 595 763 653 in
783 595 957 654 Ecclesiam.
999 595 1057 654 Per
1076 596 1201 666 ltaliam,
1217 597 1332 657 Sardin-

135 694 204 762 iam,
219 693 402 771 Hispaniam,
417 693 600 753 Antiochiam
614 703 644 752 et
657 693 821 770 AEgyptum
837 705 994 770 gmssatum
1009 704 1054 752 est
1066 695 1206 754 schisma.
1249 697 1335 756 Αυιιο

136 795 194 850 370
208 800 336 849 mortuus
351 803 395 849 est
408 776 534 859 Lucifer,
549 809 635 864 quem
651 790 791 849 Ecclesia
807 809 906 867 pacem
921 791 1081 850 obtinuisse
1096 794 1264 853 verosimile
1277 812 1335 854 non

134 896 197 957 cst;
217 889 347 960 quamvis
369 887 445 964 apud
466 886 644 945 Galaritanos
670 905 767 946 sacros
788 887 914 945 obtineat
933 887 1057 946 honores
1079 888 1197 962 quidam
1220 889 1338 951 Lucifer

136 983 325 1059 Galaritanus,
340 1002 426 1057 quem
441 995 536 1042 tamen
550 985 585 1042 ab
599 1001 635 1041 eo
649 981 792 1042 diversum
809 983 969 1043 Hunnerici
990 985 1167 1061 temporibus
1189 984 1336 1055 floruisse,

135 1092 163 1143 st
174 1081 353 1140 catholicam
367 1079 454 1141 fidem
467 1080 641 1157 Carthagine
654 1099 861 1158 propugnasse,
877 1099 915 1139 ex
929 1081 1069 1140 Africana
1081 1082 1224 1141 Ecclesiae
1235 1084 1338 1143 notitia

135 1178 286 1257 colligitur.

174 1279 435 1346 Arossmssrsrm,
458 1277 493 1335 ab
503 1275 674 1353 Apollinari,
690 1276 858 1352 presbytero
872 1276 1054 1336 Alexandria
1069 1287 1146 1345 nato,
1163 1276 1337 1338 Laodicena

133 1393 202 1434 voro
213 1374 356 1434 Ecclesia
370 1373 523 1451 adscripto,
538 1373 659 1450 ejusque
673 1373 744 1440 filio,
759 1373 889 1451 ejusdem
908 1374 1044 1440 nominis,
1060 1375 1115 1433 orti
1129 1387 1207 1434 sunt.
1252 1375 1337 1436 Uter

136 1490 193 1546 que
213 1472 249 1529 ab
263 1470 397 1530 Ecclesia
411 1471 520 1548 ejectus
532 1469 622 1528 luerat
642 1488 659 1526 a
679 1469 844 1538 Theodoto,
858 1487 895 1527 so
916 1470 993 1544 quod
1008 1469 1207 1549 Epiphanium
1222 1470 1338 1549 sophis·

135 1583 192 1630 tam
214 1570 381 1637 Ethnicum,
403 1568 512 1626 Bacchi
534 1568 562 1625 in
583 1567 723 1626 honorem
744 1567 886 1644 hymnum
907 1569 1085 1637 recitantem,
1106 1567 1249 1639 audirent,
1272 1589 1339 1648 pos·

136 1678 180 1726 tea
193 1676 289 1725 tamen
302 1676 370 1725 suut
388 1666 522 1725 restituti.
563 1664 668 1724 Junior
687 1664 863 1741 Apollinaris
884 1665 987 1724 itemm
1002 1666 1111 1743 ejectus
1129 1666 1267 1727 heresim
1280 1667 1337 1727 dis-

136 1766 297 1825 seminavit.
314 1764 446 1824 Docebat
457 1763 584 1823 Verbum
598 1782 655 1822 non
668 1763 860 1840 assumpsisse
870 1764 995 1823 animam
1007 1764 1172 1834 humanam,
1186 1766 1339 1838 quosdam·

135 1883 190 1938 que
205 1865 237 1923 in
257 1864 400 1923 Trinitate
413 1863 604 1922 constituebat
613 1861 727 1940 gradus.
761 1861 912 1940 Discipuli
922 1881 1013 1921 novos
1034 1862 1201 1941 adjecerunt
1214 1882 1337 1935 errores,

38 1964 43 1988 ¹
135 1962 263 2022 dicentes
287 1962 414 2022 divinam
428 1962 516 2020 Verbi
545 1961 733 2020 substantiam
756 1960 786 2018 in
814 1979 929 2019 carnem
958 1979 1138 2031 conversam,
1162 1971 1193 2020 et
1222 1964 1255 2022 in
1275 1965 1339 2041 ipsa

136 2081 251 2141 passam
276 2078 358 2130 esse;
379 2059 584 2119 contendentes
609 2059 695 2117 etiam
723 2076 838 2117 earnem
867 2076 926 2116 nou
953 2076 992 2116 ex
1022 2059 1116 2117 Maria
1142 2058 1337 2140 desumptam,

136 2160 188 2219 sed
201 2159 275 2218 coelo
294 2157 426 2217 delatam.
468 2156 552 2215 Mille
574 2174 665 2214 annos
690 2165 755 2232 post
777 2153 919 2233 judicium
944 2153 1094 2214 Christum
1119 2156 1150 2214 in
1175 2169 1251 2217 terra
1272 2177 1338 2219 cum

136 2258 241 2316 sanctis
261 2265 456 2333 regnaturum,
476 2263 506 2312 et
528 2261 749 2311 restauraturum
774 2269 875 2310 omnes
898 2249 1035 2311 Judaicos
1062 2252 1133 2311 ritus
1163 2254 1339 2332 Apollinaris

136 2354 243 2413 docuit.
285 2352 317 2410 S.
343 2351 470 2409 Basilius
493 2349 690 2428 Apollinarem
714 2347 750 2406 ad
770 2348 929 2407 Damasum
953 2349 1125 2408 Pontificem
1154 2348 1265 2423 detulit,
1287 2353 1339 2427 qui

136 2468 211 2509 anno
225 2451 294 2516 ³7³,
309 2447 406 2506 habito
420 2445 543 2504 concilio
559 2446 670 2511 Rome,
685 2445 748 2520 ejus
760 2463 869 2503 errores
880 2444 1058 2503 anathemate
1072 2447 1220 2505 confixit¹
1335 2473 1338 2477 ·

177 2549 301 2611 Asnaus,
314 2561 353 2602 ex
373 2543 545 2600 Ariatmrum
566 2552 654 2609 secta,
677 2541 822 2599 Eustathii
839 2541 1011 2600 Sebastheni
1037 2542 1155 2612 sodalis,
1181 2545 1337 2624 episcopos

138 2641 313 2722 presbyteris
328 2639 491 2717 superiores
506 2656 570 2696 esse
585 2637 714 2715 negabat,
730 2639 873 2696 orationes
888 2656 940 2716 pro
954 2638 1105 2708 defunctis,
1121 2650 1150 2698 et
1162 2640 1238 2701 bona
1252 2662 1338 2721 opera

139 2761 192 2820 pro
205 2741 262 2800 illis
276 2748 411 2816 suscepta
422 2737 609 2814 improbabat,
619 2735 732 2814 jejunia
744 2735 885 2796 Ecclesiae
900 2737 1054 2815 rejiciebat,
1066 2738 1219 2798 Paschatis
1233 2741 1336 2802 lostam

137 2838 267 2899 studebat
281 2837 404 2904 abolere,
419 2836 530 2909 aliaque
545 2835 718 2912 excogitavit
731 2833 798 2893 fidei
813 2844 842 2893 et
854 2834 1013 2913 disciplinas
1024 2835 1152 2895 adversa.
1197 2839 1336 2918 Magnam

138 2948 308 2998 sectatorum
322 2933 533 2995 multitudinem
547 2933 747 3010 comparavit.⁸
1175 2981 1178 2985 .

119 3086 143 3113 s
178 3037 377 3101 Mussssrsrtr,
399 3050 450 3090 seu
473 3031 635 3099 Encarsm,
657 3030 827 3089 Constantio
846 3030 1003 3108 imperante
1024 3033 1078 3090 orti
1102 3040 1181 3092 suut.
1226 3035 1338 3113 Baptis-

138 3154 216 3197 mum
230 3132 303 3192 nihil
324 3129 462 3209 prodesse
476 3129 650 3196 asserebant,
664 3129 772 3206 quippe
787 3129 836 3202 qui
850 3140 966 3206 peccata
974 3129 1103 3206 stirpitus
1119 3150 1178 3190 uon
1193 3133 1337 3193 evelleret.

84 3282 88 3287 .
141 3231 306 3290 Orationem
321 3227 412 3286 solam
422 3225 602 3304 jejuniorum
617 3234 645 3282 et
659 3225 799 3283 bonorum
813 3243 932 3301 operum
945 3235 1040 3284 tenere
1049 3225 1145 3285 locum
1159 3228 1337 3306 jactitabant.

68 3376 75 3409 Ι.
141 3327 353 3390 Eucharistiam
387 3324 459 3385 nihil
488 3323 625 3401 prodesse
655 3322 873 3381 contendebant.
929 3323 1117 3383 Dormiebant
1143 3326 1201 3403 ipsi
1224 3327 1286 3386 viri
1312 3346 1340 3402 e,

138 3428 271 3488 mulieres
286 3427 316 3484 in
330 3422 549 3501 spatiosissimis
564 3420 635 3479 vicis
649 3420 749 3479 aesuvo
765 3431 902 3498 tempore,
919 3434 1056 3498 negantes
1077 3440 1109 3479 se
1125 3423 1288 3498 quidquam
1310 3427 1339 3484 iu

61 3532 66 3583 ἑ
138 3539 211 3586 terra
230 3523 387 3602 possidere.
429 3520 628 3597 Erumpebant
649 3519 679 3578 in
700 3518 793 3577 'saltus
816 3519 991 3596 repentinos,
1007 3532 1036 3578 et
1055 3518 1151 3596 digitis
1171 3521 1297 3599 jaculari
1310 3525 1339 3583 in

63 3598 68 3683 i
139 3628 293 3691 demones,
315 3632 343 3680 et
366 3640 453 3699 snper
480 3638 530 3678 eos
558 3618 659 3677 saltare
678 3618 870 3696 jactitabant.⁸
910 3618 1021 3678 Eomm
1051 3619 1199 3698 principes
1225 3622 1341 3684 suerunt

64 3706 69 3785 ἶ
138 3722 263 3789 Dadocs,
292 3718 411 3786 Sabbas,
438 3726 468 3775 st
493 3714 663 3793 Adelphius.
705 3714 847 3774 Damnata
871 3724 915 3774 est
937 3715 998 3774 hmo
1023 3715 1141 3774 heresis
1164 3717 1195 3777 in
1221 3721 1338 3796 synodo

64 3844 69 3891 ξ
139 3823 226 3900 Sydae
242 3819 426 3878 habitaanno
442 3819 511 3872 383.
1110 3828 1114 3838 ¹

66 3906 75 3925 .
179 3922 417 3981 Pmsormrsrsus,
432 3913 476 3970 vir
495 3911 599 3970 nobilis
615 3911 774 3988 Hispanus,
789 3921 897 3969 sectam
919 3909 1055 3968 conflavit
1069 3911 1277 3974 Gnosticorum
1292 3904 1356 3974 lue·

140 4017 283 4077 loedatam.
332 4009 440 4069 Docuit
455 4009 519 4085 ipso
532 4026 618 4067 uuam
639 4024 706 4064 esse
726 4007 830 4074 Patris,
841 4016 871 4064 et
882 4007 960 4074 Filii,
975 4016 1005 4065 st
1015 4007 1140 4084 Spiritus
1156 4009 1257 4069 Sancti
1280 4031 1382 4089 per‘

138 4130 255 4179 aonam3
278 4108 402 4169 animam
423 4107 576 4164 humanam
592 4122 655 4162 csse
671 4115 778 4180 partem
794 4103 898 4162 divinae
924 4103 1109 4168 substantiam
1132 4107 1245 4167 animas
1260 4111 1382 4186 prin!

140 4214 267 4273 extitisse
293 4226 379 4284 quam
407 4207 438 4265 in
465 4223 586 4281 corpora
614 4203 651 4261 ob
680 4214 795 4280 peccata
821 4204 1056 4271 immitterentur;
1088 4203 1179 4264 stellis
1209 4207 1382 4268 fatalibus

141 4311 271 4370 homines
298 4307 465 4385 subjacere;
487 4300 634 4360 diabolum
657 4311 756 4359 natura
778 4301 894 4370 malum,
915 4318 968 4359 nec
996 4301 1053 4360 Dei
1075 4320 1141 4360 esee
1166 4305 1317 4382 opificium
1366 4313 1382 4363 ἓ.

436 4515 479 4580 (1)
498 4512 562 4562 Vide
573 4510 755 4562 Theodoremm
766 4512 814 4561 iv.
823 4510 881 4561 hist.
892 4511 960 4561 Ecel.
971 4527 994 4561 o.
1006 4525 1031 4562 1.

437 4602 480 4667 (2)
500 4599 564 4649 Vide
575 4599 745 4664 Epiphanium
757 4598 812 4648 her.
824 4594 905 4648 turs

436 4688 478 4751 (³)
498 4685 590 4735 ibidem
602 4685 736 4736 hanlxxx.
