2812 5092
536 1397 841 1412 ——q--n

154 1594 520 1705 HAERESUM
576 1605 666 1684 ΕΤ
724 1600 1221 1691 SCHISMATUM

523 1883 850 1946 RECENSIO.

601 2111 625 2170 1.
648 2113 786 2172 Securo.

138 2294 235 2352 Snron
259 2294 380 2363 Mscns,
400 2295 586 2354 samaritanus
612 2304 707 2371 gente,
731 2287 897 2353 Christiana
912 2290 1073 2372 Religione,
1088 2312 1174 2370 quarn
1190 2295 1290 2375 praedi-

96 2402 178 2449 cante
193 2390 332 2467 Philippo
355 2392 505 2468 amplexus
530 2384 629 2456 suerat,
653 2390 787 2467 abjurata,
811 2403 938 2450 monstra
958 2410 1085 2451 erromm
1107 2396 1289 2471 excogitavit.

96 2489 135 2546 Se
149 2488 277 2546 omnium
291 2499 432 2546 auctorem
444 2489 599 2566 jactitabat,
611 2489 790 2565 primamque
802 2489 909 2546 mentis
925 2508 984 2547 suae
999 2484 1227 2567 conceptionem,
1239 2509 1291 2549 seu

95 2585 260 2654 Eunot'om,
276 2588 303 2645 ei
317 2588 451 2664 genuisse
467 2583 583 2664 angelos
596 2606 605 2656 3
625 2605 688 2645 eam
705 2597 803 2663 postea
819 2588 848 2645 in
864 2584 977 2647 Helena
991 2580 1118 2666 'l'rojana
1132 2582 1233 2656 fuisse,
1259 2603 1288 2648 et

97 2683 219 2757 denique
233 2685 262 2741 in
277 2681 392 2742 Helena
413 2684 558 2742 meretrice
573 2704 589 2740 a
604 2684 697 2758 Tyro,
710 2702 795 2757 quam
811 2702 909 2743 secum
923 2681 1171 2753 circumducebam
1194 2686 1292 2745 dicens

97 2800 128 2840 se
143 2781 178 2840 ad
191 2800 276 2840 ovem
291 2782 367 2839 illam
384 2781 533 2858 perditam,
550 2779 706 2838 Ennciam
720 2800 803 2838 suam
828 2780 946 2850 scilicet,
962 2782 1143 2855 quaerendam
1170 2803 1186 2842 e
1211 2785 1292 2843 coelis

98 2878 307 2938 descendisse.²
348 2877 553 2936 InterJudoeos
574 2895 606 2934 se
628 2888 772 2950 tamquam
794 2878 883 2935 filium
905 2880 1071 2956 apparuisse
1097 2879 1241 2948 tradebam
1264 2882 1293 2940 in

103 2978 389 3056 Samariatamquam
406 2975 520 3034 Patrem
534 2973 738 3043 descendisse;
761 2975 790 3032 in
806 2986 921 3034 caeteras
943 2993 1011 3034 vero
1032 2987 1132 3053 gentes
1148 2990 1293 3051 tamquam

100 3075 238 3152 Spiritum
253 3075 416 3132 Sanctum!
456 3072 620 3130 Secundum
635 3072 726 3149 ipsius
740 3073 860 3149 gratiam
884 3072 986 3132 salvari
1010 3074 1143 3132 homines
1165 3074 1293 3144 docebat,

94 3174 182 3250 justis
196 3172 330 3248 operibus
345 3170 481 3247 rejectisr
504 3170 732 3246 promiscueque
754 3170 980 3246 patmcinabutur
1000 3170 1121 3229 libidini.
1165 3172 1293 3249 Angelos

99 3268 275 3328 idololatrian
303 3270 379 3325 cultu
407 3268 638 3344 prosequebatur,
663 3278 764 3342 putans
785 3267 925 3325 sacrificis
950 3285 1063 3327 summo
1085 3268 1162 3326 Patri
1178 3287 1294 3345 percos

99 3365 270 3426 offerenda.³
310 3365 386 3423 Eum
401 3364 507 3423 obiisse
521 3368 602 3440 lapsu
626 3382 661 3421 ex
676 3382 751 3430 aere,
766 3383 824 3438 quo
840 3364 958 3442 magicis
979 3366 1131 3442 prestigiis
1148 3384 1213 3424 sese
1234 3385 1296 3424 sus·

98 3463 209 3531 tulerat,
223 3463 309 3520 Petro
323 3459 463 3537 Apostolo
477 3460 582 3527 Deum,
594 3471 626 3518 ut
641 3461 799 3527 Neronem,
814 3461 1013 3537 populumque
1028 3461 1192 3520 Romanum
1208 3464 1296 3522 simu-

100 3563 156 3620 lato
188 3559 323 3636 prodigio,
352 3577 410 3617 non
444 3557 598 3634 deciperet,
631 3555 810 3634 deprecante,
844 3570 953 3615 ueteres
987 3558 1111 3617 referunt
1144 3567 1298 3620 auctores.⁴

102 3661 248 3718 Romanos
264 3668 356 3715 tamen
376 3670 496 3715 statuam
511 3657 537 3713 ei
559 3655 708 3715 demortuo
729 3657 855 3714 erexisse
880 3666 996 3715 testatur
1009 3657 1042 3715 S.
1055 3656 1208 3728 ,lustinum
1229 3680 1297 3733 quc*

100 3772 218 3837 propter
233 3757 323 3814 critici
339 3757 368 3814 in
382 3735 605 3813 controversiam
622 3766 723 3813 vocant
738 3755 862 3830 lapsum.

142 3856 321 3914 Munannnn
344 3852 541 3918 samaritanus,
565 3851 693 3910 Simonis
717 3851 886 3928 discipulus,
908 3868 983 3911 anno
1008 3858 1047 3912 74
1068 3854 1177 3913 slmiles
1201 3855 1298 3914 docuit

101 3968 230 4018 errores3
253 3968 285 4006 se
300 3960 394 4008 tamen
408 3948 528 4007 Simone
544 3948 692 4025 majorem,
708 3960 736 4005 et
750 3949 899 4009 hominum
915 3949 1095 4010 servatorem
1109 3952 1296 4029 predicebam

102 4050 271 4126 baptismate
285 4066 339 4105 suo
360 4066 411 4104 eos
436 4064 473 4104 ex
499 4045 665 4122 angelorum
687 4045 833 4104 dominatu
855 4046 1031 4123 eripiendos,
1053 4059 1081 4106 et
1102 4062 1192 4106 morte
1212 4051 1297 4110 etiarn

102 4145 271 4205 eximendos
286 4144 406 4202 fidenter
421 4143 616 4220 promittens.⁵

368 4302 411 4367 (l)
430 4296 495 4351 Vide
506 4300 626 4352 Ireueum
638 4300 654 4352 1.
665 4302 681 4351 i.
694 4318 715 4352 c.
727 4301 799 4352 xxiii.
811 4318 881 4352 nors
892 4303 1015 4354 editionis.

370 4388 413 4453 (2)
433 4387 494 4437 ibid.
506 4403 529 4437 c.
540 4403 583 4437 xx.

369 4474 412 4540 (3)
432 4472 557 4539 Epiphan.
569 4474 626 4524 brer.
638 4472 689 4523 xx'i.
703 4488 725 4524 c.
736 4474 768 4524 iv.

369 4559 411 4624 (4)
433 4561 554 4610 Arnobius
563 4561 579 4609 l.
591 4559 616 4609 ii.
624 4567 707 4608 contra
718 4567 810 4622 gentes.
819 4558 928 4625 cyrillus
940 4556 1104 4625 Hierosolym.
1113 4559 1168 4610 Cat
1178 4561 1209 4610 vi.

370 4645 413 4710 (5)
433 4644 498 4694 Vide
509 4644 603 4696 Tertul.
617 4647 634 4695 l.
646 4645 676 4694 de
687 4646 770 4697 anima
781 4662 802 4697 c.
814 4649 855 4697 50.
867 4646 930 4697 lren.
942 4648 958 4697 l.
969 4646 986 4697 i.
998 4662 1019 4697 c.
1031 4649 1072 4695 21.

144 4733 218 4790 Von.
235 4725 369 4791 ille-27
