2798 5092
97 354 152 410 tut
433 347 489 409 DE
512 348 655 411 CULTU
678 349 951 410 SANCTORUM.

94 510 170 586 quod
193 520 257 569 ante
280 507 480 586 Redemptoris
505 507 657 567 adventum
687 509 792 585 Angeli
819 510 853 566 ab
877 508 1047 568 homiuibus
1075 509 1242 574 adorantur,
1268 519 1300 567 et

93 619 205 676 taeent3
227 608 408 686 postmodum
422 627 490 666 vero
505 607 615 666 adorari
631 607 796 685 refugiunt?
831 608 898 665 Nisi
914 606 992 680 quod
1005 620 1138 665 naturam
1153 619 1297 673 nostram,

93 725 182 780 quam
198 707 275 782 prius
290 705 489 783 despexerant,
503 717 654 781 postquam
670 706 743 762 hano
757 723 844 781 super
858 723 889 761 se
904 715 1079 779 assumptam
1096 704 1296 780 conspiciunt,

94 814 262 882 prostratam
286 804 340 861 sibi
366 803 462 861 videre
487 801 712 880 pertimescunt?
753 802 818 860 Nee
837 803 898 879 jam
924 802 978 859 sub
1002 820 1034 858 se
1050 801 1127 860 velut
1149 801 1300 861 infirmam

92 914 273 962 contemnere
289 904 350 961 ausi
363 915 439 970 sunt,
455 921 540 975 quam
554 919 640 978 super
656 919 698 968 se,
721 900 855 959 videlieet
876 901 903 959 iu
922 900 987 959 eoeli
1009 918 1086 977 rege,
1111 913 1298 960 venerantur.

94 1002 157 1058 Nee
172 999 276 1058 habere
288 999 632 1077 dedignanturhomiuem
648 999 770 1066 sosium,
794 998 844 1070 qui
858 1017 948 1075 super
962 1015 992 1054 se
1010 996 1130 1057 adorant
1144 997 1302 1059 hominem

95 1099 233 1158 Deum.”¹
254 1097 337 1158 Adeo
348 1099 439 1172 liquet
452 1099 591 1157 honorem
604 1118 621 1154 a
634 1097 746 1156 ,loanne
760 1097 917 1175 praestitum
930 1097 1038 1155 licitum
1055 1097 1155 1167 fuisse,
1169 1117 1301 1172 eumque

98 1216 135 1255 ex
149 1198 307 1256 humilitate
321 1207 494 1263 recusatum,
510 1209 541 1255 ut
562 1195 591 1253 id
607 1195 746 1255 fateantur
760 1195 958 1262 Bloomfield,l
975 1206 1002 1253 et
1017 1195 1234 1263 Rosenmiiller,
1246 1198 1301 1270 qui

63 1321 69 1335 ·
91 1294 193 1353 frustra
206 1295 380 1353 contendunt
389 1294 503 1352 civilem
513 1311 578 1351 esse
593 1293 730 1352 honorem
743 1299 829 1366 quem
842 1293 1000 1371 Apostolus
1013 1305 1170 1369 prostratus
1181 1293 1302 1371 Angelo

91 1391 254 1449 exhibebat.
295 1390 504 1449 Animadvertit
525 1389 746 1448 Rosenmidler:
770 1399 788 1426 ‘⁴
803 1389 873 1448 Non
893 1389 964 1446 dicit
977 1387 1136 1458 προσκύνησω
1152 1391 1208 1448 soli
1231 1390 1301 1451 Deo

90 1487 167 1546 licite
191 1487 341 1546 exhiberi:
364 1497 507 1564 repugnat
521 1487 597 1545 enim
614 1498 672 1545 tota
692 1497 774 1544 vetus
789 1486 919 1553 historia,
935 1485 984 1542 sed
1004 1486 1125 1563 benigne
1141 1488 1210 1564 agit,
1227 1500 1260 1545 ut
1273 1491 1302 1547 si

91 1586 156 1658 quis
170 1576 280 1661 collega
293 1585 409 1661 collegae
425 1585 516 1642 dieat:
539 1603 621 1642 serva
636 1584 713 1642 hune
728 1584 872 1642 honorem
884 1582 1007 1660 Regi.’'⁸
1038 1583 1157 1642 Grotius
1173 1603 1301 1661 praeees·

92 1692 184 1738 serat:
208 1689 227 1716 ‘⁴
242 1681 319 1740 Nam
342 1681 418 1754 quod
434 1682 463 1739 in
486 1681 663 1758 Apocalypsi
683 1680 800 1757 angelus
818 1698 883 1739 eum
910 1681 1051 1739 honorem
1072 1701 1088 1738 a
1109 1699 1141 1738 se
1163 1695 1293 1749 amovet,

91 1798 149 1836 non
163 1777 230 1837 inde
245 1779 331 1846 venit,
347 1779 422 1852 quod
439 1779 468 1837 in
490 1798 525 1837 eo
539 1791 616 1836 esset
641 1777 711 1851 quid
734 1778 837 1846 illiciti,
854 1777 904 1835 sed
927 1778 1099 1854 Apostolum
1121 1778 1178 1836 sibi
1200 1790 1299 1852 aequat

91 1876 220 1955 angelus,
236 1875 312 1949 quod
327 1877 410 1934 ambo
425 1876 546 1944 Christi,
564 1877 624 1954 jam
637 1867 803 1953 angelorun‘r
819 1876 931 1953 eapitis,
946 1877 1068 1934 ministri
1083 1888 1191 1944 essent,
1203 1876 1296 1956 (Vide

93 1977 149 2033 loe.
166 1974 233 2034 Col.
249 1975 268 2032 i.
294 1979 341 2034 lu.
359 1973 417 2051 18.)
434 1987 463 2032 et
483 1975 640 2052 apostoliea
653 1974 758 2053 legatio
775 1974 809 2032 ad
824 1974 972 2033 hominum
988 1974 1108 2032 salutem
1121 1988 1299 2052 comparata,

92 2074 170 2132 nulla
185 2086 262 2151 parte
276 2075 405 2152 angelica
418 2086 496 2133 esset
510 2075 637 2134 inferior.
670 2075 699 2134 N
702 2095 739 2134 on
754 2075 848 2133 solent
861 2087 955 2133 autern
971 2075 1088 2152 eollegae
1105 2076 1180 2133 inter
1194 2076 1228 2134 se
1242 2079 1298 2137 ists

92 2173 294 2231 submissionis
309 2173 390 2248 signa
408 2172 595 2248 usurpare.'’⁴

133 2275 181 2328 35.
208 2267 274 2346 Obj.
290 2273 319 2326 3.
343 2267 420 2327 Cum
442 2268 539 2326 Bullo.
580 2269 683 2346 Angeli
710 2269 780 2328 ratio
809 2269 966 2329 “innuitur
990 2269 1020 2326 in
1040 2270 1135 2328 verbis
1157 2270 1237 2329 illis:
1259 2281 1296 2346 eft

93 2369 138 2435 θεῷ
149 2364 318 2436 προσκύνησον,
339 2362 438 2424 Deum
458 2365 561 2434 adura,
579 2386 642 2441 quae
668 2385 706 2424 ex
729 2367 862 2425 mandato
886 2366 983 2425 divino
1008 2366 1121 2426 desumi
1136 2368 1260 2436 videtur,
1284 2389 1301 2427 a

96 2459 247 2519 Servatore
272 2462 410 2537 producto
435 2463 506 2520 Mat.
532 2464 570 2521 iv.
597 2469 643 2522 10.
687 2465 872 2524 Manifestum
888 2464 955 2522 rerd
971 2477 1025 2531 est,
1042 2465 1126 2524 verba
1147 2467 1300 2526 exclusive

96 2555 140 2633 (ut
151 2556 315 2635 loquuntur)
332 2557 452 2634 intelligi
466 2557 580 2627 debere,
596 2561 678 2633 quasi
693 2561 727 2618 ab
743 2561 855 2637 Angelo
869 2559 975 2618 dietum
988 2572 1084 2619 esset:
1110 2561 1219 2622 Cultus
1230 2565 1297 2631 iste,

95 2672 152 2732 quo
167 2672 213 2712 me
227 2653 389 2737 affleturus
410 2674 450 2724 es,
472 2654 536 2715 Deo
555 2656 611 2716 soli
625 2657 770 2726 conuenit,
819 2656 890 2717 Vade
911 2658 1011 2737 itaque
1035 2676 1072 2717 ne
1096 2659 1173 2719 11111ιὶ
1197 2659 1299 2740 ipsum

97 2750 261 2810 tre'dtnrs.”⁶

135 2851 225 2931 Resp.
248 2850 356 2910 Mirum
371 2864 415 2910 est
428 2852 626 2912 doctissimum
648 2853 740 2912 virum
757 2854 828 2912 velle
853 2853 1024 2932 Apostolum
1046 2872 1165 2932 arguere
1181 2859 1297 2918 consilii

96 2953 168 3012 adeo
189 2951 314 3020 nefandi,
339 2951 468 3011 divinum
493 2953 600 3011 cultum
621 2954 722 3030 angelo
737 2952 890 3012 tribuendi.
933 2953 1055 3032 Cogitur
1075 2954 1157 3014 fateri
1173 2971 1298 3034 prostra-

97 3052 205 3110 tionem
219 3050 309 3108 fuisse
322 3048 441 3117 linitam,
456 3049 509 3108 sed
522 3051 610 3110 finem
633 3062 662 3109 et
678 3051 768 3109 animi
788 3051 976 3110 intentionem
992 3070 1077 3125 quant
1092 3052 1193 3111 habuit
1206 3057 1299 3133 Apos-

98 3150 183 3217 tolus,
199 3144 284 3206 audet
302 3148 470 3224 reprobare:
494 3157 516 3186 ‘⁶
527 3148 555 3206 N
559 3168 604 3206 am
619 3147 720 3207 eadere
746 3149 775 3207 in
801 3161 915 3217 terram,
930 3160 1013 3223 atque
1029 3148 1063 3206 ad
1078 3148 1168 3226 pedes
1191 3154 1297 3231 augeli,

100 3268 150 3327 per
164 3267 196 3305 se
211 3265 270 3304 nou
281 3256 340 3303 erat
354 3246 508 3314 vitiosum3
531 3265 596 3304 oum
611 3259 719 3307 eertum
735 3249 782 3317 sit,
798 3247 942 3326 ejusmodi
951 3249 1089 3306 honorem
1104 3249 1192 3309 etiam
1207 3252 1298 3311 honri·

100 3347 194 3413 nibus,
210 3343 324 3420 regibus
339 3343 495 3401 scilicetne
511 3344 669 3421 prophetis,
685 3347 792 3423 saepius
808 3367 824 3404 a
839 3346 907 3405 viris
922 3346 1038 3412 sanetis,
1054 3344 1140 3419 idque
1154 3348 1221 3406 sine
1236 3369 1300 3427 pee-

101 3453 174 3508 eato,
189 3440 347 3498 exhibitum
362 3438 432 3497 olim
448 3439 545 3497 fuisse.
588 3439 646 3498 Sed
667 3443 704 3499 ob
716 3442 743 3500 id
756 3441 1063 3519 culpaturApostolus‚
1075 3442 1200 3515 quodad
1212 3446 1300 3522 pedet

103 3539 194 3615 angeli
210 3557 241 3595 se
263 3548 450 3614 prostraverat
469 3556 504 3595 eo
527 3539 593 3606 fine,
608 3550 640 3597 ut
665 3540 761 3616 ipsum
786 3539 925 3608 adoraret,
942 3540 971 3598 h.
994 3559 1020 3597 e.
1036 3540 1143 3599 cultum
1166 3542 1299 3604 divinum

125 3683 132 3696 .
155 3681 163 3695 .
186 3680 194 3696 .
216 3636 410 3695 errhiberot.’'l
449 3636 522 3703 Quis
537 3637 598 3695 haee
614 3638 648 3696 de
665 3639 888 3716 ApostoloJesu
904 3637 1012 3696 Christi
1026 3641 1164 3714 patienter
1179 3644 1301 3703 audiet?

103 3738 185 3797 Adeo
199 3735 331 3793 homines
355 3754 415 3793 suae
438 3748 522 3794 seetae
537 3735 661 3804 student,
686 3748 718 3795 ut
732 3738 820 3795 velint
844 3737 1014 3814 Apostolum
1041 3737 1187 3808 damnare,
1205 3745 1301 3818 potins

103 3856 189 3912 quam
203 3834 366 3910 exemplum
382 3834 444 3910 ejus
458 3853 517 3892 sure
529 3835 676 3893 sententia
688 3834 838 3894 adversum
851 3855 1016 3913 agnoscere,
1028 3848 1056 3892 et
1065 3836 1180 3895 imitari.
1216 3842 1304 3909 Quod

104 3935 139 3993 ad
154 3931 316 3993 mandatum
340 3928 468 3988 divinum
483 3951 499 3988 a
513 3931 662 3989 Servatore
684 3943 783 3990 eontra
802 3933 936 3990 Satanam
952 3932 1104 3991 adductum
1120 3935 1231 4005 attinet,
1255 3958 1304 3998 es:-

140 4094 183 4160 (1)
202 4089 229 4139 S.
243 4088 316 4151 Greg.
327 4088 363 4138 Μ.
376 4089 392 4138 1.
401 4087 417 4138 ἰ.
427 4088 486 4138 hom
497 4088 547 4139 viii.
558 4089 585 4139 in
596 4089 693 4152 Evmg.
727 4090 853 4155 ipsissima
864 4093 936 4140 verba
947 4090 1024 4141 veluti
1035 4091 1129 4141 Riberre
1142 4109 1157 4143 a
1168 4093 1247 4146 Bulio
1256 4098 1308 4148 lau·

105 4178 200 4230 duntur.
229 4175 355 4226 Primitive
365 4184 390 4226 et
401 4176 543 4240 Apostoliea
553 4177 649 4226 traditio
661 4176 764 4226 dodoau
777 4176 870 4227 Christi
881 4176 1016 4227 Divinitste
1027 4192 1048 4227 e.
1061 4176 1093 4227 vi.
1107 4181 1121 4237 §
1136 4182 1160 4228 7.

140 4267 183 4331 (2)
202 4272 216 4296 ‘⁸
225 4262 282 4313 The
292 4263 374 4326 Augei
386 4262 497 4313 decliued
508 4263 527 4313 it
535 4263 594 4313 with
608 4261 749 4328 humility.’'
782 4263 812 4314 ln
820 4266 865 4314 loe.

141 4352 183 4415 (3)
203 4350 336 4400 Iuloeum.

141 4436 183 4499 (4)
202 4433 232 4482 In
244 4434 331 4498 explic.
344 4431 463 4493 Deeelogi
475 4429 506 4478 ad
518 4433 533 4477 2
545 4446 616 4495 pree.
678 4436 681 4440 ’

140 4517 183 4582 (5)
202 4516 289 4567 Bullus
310 4518 338 4568 in
359 4533 439 4582 opere,
461 4515 588 4565 Primitive
609 4524 634 4566 et
656 4519 798 4582 Apostoliea
817 4517 914 4568 traditio
937 4519 968 4569 de
984 4520 1044 4571 Jesu
1064 4517 1161 4573 Christi
1178 4523 1308 4579 divinitate

105 4605 169 4656 evi.
183 4607 240 4662 §.u

140 4672 182 4733 re)
200 4669 300 4720 niuem.
