2798 5092
1280 176 1288 207 ι

441 351 499 414 ΒΕ
519 352 734 415 ritmorum
755 354 994 417 ssurrmcn.
1082 296 1105 341 ι
1250 365 1311 423 373

111 510 205 586 qussi
224 509 445 591 puniendarum)
465 511 632 573 recordetur
650 514 754 593 ignem
776 513 918 593 gebenna·
937 522 1080 578 eternum
1095 515 1256 598 predicari
1275 520 1309 580 ir

106 629 233 689 pressum
246 610 434 671 ωίιιιιιιιιι.”1

511 789 711 833 omnc‘rlortns
731 790 917 833 SOLVUNTUR·

151 935 203 991 72.
222 927 301 1008 obj.
316 933 342 989 l.
358 929 495 989 Doctrina
508 929 544 989 do
558 930 670 988 aeternis
685 929 839 1007 impiorum
851 930 1000 1008 suppliciis
1009 942 1067 990 tota
1079 932 1176 991 nititur
1189 933 1306 993 vocibus

101 1027 168 1082 dccv
176 1032 204 1080 0⁸
213 1027 314 1091 duum,
324 1046 387 1101 quae
397 1047 500 1098 aevum,
511 1027 557 1086 rel
568 1037 681 1105 tempus
692 1025 856 1087 diuturnum
870 1028 1205 1106 significant-mbram,
1216 1052 1258 1086 err
1269 1048 1309 1087 rec
1379 1030 1382 1035 '

104 1125 212 1186 Exod.
234 1144 283 1185 xv.
308 1130 354 1186 18.
384 1127 460 1186 Dan.
486 1127 535 1186 xii.
560 1131 588 1184 3.
622 1126 694 1185 Mic.
709 1126 748 1184 iv.
764 1130 792 1184 5.
835 1127 978 1185 “Omnes
1005 1126 1103 1204 populi
1127 1128 1311 1188 ambulabunt

100 1214 312 1298 unusquisque
326 1225 356 1283 in
370 1225 485 1284 nomine
501 1222 557 1282 Dei
571 1223 635 1282 sui:
657 1242 710 1282 nos
723 1234 819 1283 autem
833 1224 1039 1282 ambulabimus
1061 1225 1091 1283 in
1112 1226 1226 1283 nornine
1248 1224 1305 1285 Dei

99 1321 203 1381 nostri
222 1322 251 1380 in
273 1331 409 1380 aternum
436 1331 464 1379 et
486 1320 731 1383 altram-teror
746 1320 1034 1386 Μμαιέἐέκεωαθ
1082 1322 1204 1381 Praetera
1225 1322 1306 1396 quin·

100 1420 194 1493 quies
209 1429 317 1479 tantum
332 1418 450 1478 innovo
465 1418 653 1477 Testamento
665 1437 750 1477 voces
771 1417 815 1477 hae
837 1418 873 1477 de
894 1418 1047 1497 impiorum
1067 1420 1216 1496 suppliciis
1230 1418 1309 1479 adhi-

98 1515 233 1574 beatur:
256 1516 304 1574 vix
320 1524 414 1575 autem
429 1514 533 1593 dogma
547 1516 616 1574 tanti
631 1516 768 1575 momenti
783 1514 901 1574 vocibus
922 1515 1062 1594 ambiguis
1084 1534 1146 1575 raro
1167 1516 1309 1595 usurpatis

99 1605 227 1690 probari
240 1615 362 1690 potest.⁸
1087 1630 1090 1637 *

147 1708 240 1789 neap.
263 1710 400 1780 Doctrina
425 1710 487 1768 haec
509 1729 547 1770 ex
572 1710 771 1788 pradications
793 1721 820 1769 et
841 1709 989 1770 traditione
1010 1722 1148 1789 perpetua
1167 1711 1308 1771 Ecclesiae

97 1809 207 1878 claret,
232 1818 261 1867 et
282 1808 412 1886 plurimis
435 1808 549 1866 fulcitur
572 1809 717 1885 scripturn
746 1809 927 1867 testimoniis.
967 1808 1054 1877 Quod
1077 1808 1113 1868 ad
1134 1813 1220 1868 'voces
1246 1810 1309 1869 illas

96 1907 219 1975 attinet,
227 1924 339 1991 ⁴aerum,
360 1905 542 1964 aeternitatem
564 1905 733 1982 plerumque
754 1904 913 1982 designant,
934 1907 1065 1980 quamvis
1088 1925 1305 1981 nonnumquam

99 2004 144 2087 ad
167 2014 281 2083 tempus
303 2003 466 2062 diuturnum
488 2001 668 2061 referantur.⁴
708 2002 852 2061 Caeterum
873 2002 940 2061 dum
968 2003 1060 2079 agitur
1089 2003 1124 2061 de
1152 2004 1307 2081 impiorum

97 2102 272 2180 suppliciis,
284 2120 348 2175 qure
358 2099 549 2178 adjunguntur
556 2100 762 2177 amplissimam
773 2100 917 2178 postulant
927 2098 1157 2177 explicationem.
1181 2109 1203 2136 “
1215 2100 1307 2166 Quale

99 2209 163 2269 est,
179 2209 317 2258 reteruum
332 2198 506 2276 supplicium
526 2217 578 2276 pro
593 2199 659 2275 igne
684 2198 808 2257 diuturni
829 2197 965 2274 temporis
986 2196 1160 2265 existimare,
1175 2207 1204 2257 et
1218 2199 1307 2258 vitam

104 2306 245 2354 aeternam
255 2290 370 2353 credere
379 2295 442 2352 sine
453 2295 510 2352 fine
522 2295 533 2352 1
555 2312 620 2353 cum
629 2294 762 2353 Christus
774 2295 803 2353 in
812 2293 914 2354 eodem
928 2294 993 2371 ipso
1003 2294 1078 2362 loco,
1088 2294 1119 2352 in
1132 2293 1309 2356 unaeadem·

103 2410 167 2467 que
182 2382 324 2452 sententia
337 2391 451 2460 dixerit,
468 2400 618 2464 utrumque
633 2392 822 2469 complexus:
859 2391 922 2449 ‘sic
935 2391 1017 2450 ibunt
1030 2391 1077 2449 isti
1091 2391 1121 2449 in
1135 2391 1309 2469 supplicium

98 2503 259 2558 aeternum,
270 2492 342 2568 justi
364 2501 456 2550 antem
469 2476 508 2548 ‘in
523 2490 609 2548 vitam
627 2489 781 2551 uternam!
792 2488 827 2525 ”⁵
866 2489 952 2556 Quod
967 2488 1002 2548 ad
1014 2498 1144 2548 textuum
1158 2491 1309 2552 numerum

99 2597 229 2666 spectat,
245 2587 313 2646 satis
325 2597 370 2647 eat
383 2597 414 2645 ut
429 2585 473 2645 vel
487 2587 578 2646 semel
591 2584 715 2646 tradatur
727 2587 855 2646 veritas.l
893 2587 1038 2647 Caeterum
1049 2603 1108 2647 non
1117 2587 1179 2647 sola
1191 2586 1308 2649 nitimur

101 2687 278 2765 Scriptum
301 2685 351 2745 sed
366 2696 504 2764 perpetua
517 2683 574 2744 fide
588 2686 623 2743 ab
637 2685 842 2763 Apostolorum
862 2687 1039 2764 temporibus
1061 2687 1165 2761 ubique
1183 2687 1306 2765 vigente,

98 2785 192 2864 eujus
207 2794 294 2844 testes
308 2784 436 2863 insignes
456 2782 638 2842 adduximus.

138 2887 198 2944 73.
224 2878 291 2959 obj.
306 2885 336 2939 2.
359 2880 406 2940 Ex
416 2899 450 2939 eo
461 2880 540 2954 qnod
551 2881 608 2937 vita
622 2888 726 2937 aeterna
739 2877 849 2937 dicatur
859 2887 887 2937 et
897 2878 1073 2957 supplicium
1086 2888 1233 2950 aternum,
1248 2898 1307 2943 oon

100 2981 239 3056 sequitur
252 2979 352 3039 eadem
366 2977 552 3057 amplitudine
566 2995 667 3037 vocem
681 2977 758 3037 illam
767 2988 887 3050 utroque
900 2977 965 3037 loco
980 2978 1137 3055 praedicari,
1154 2999 1221 3040 nam
1235 2980 1307 3040 alias

100 3078 234 3138 dicitur.
258 3078 405 3138 “contriti
421 3088 489 3137 sunt
507 3090 618 3137 montes
638 3069 745 3135 soe'culi.
787 3074 929 3135 Incurvati
945 3087 1012 3134 sunt
1036 3076 1125 3135 colles
1146 3077 1255 3146 mundi,
1271 3077 1306 3135 ab

99 3176 256 3237 itineribus
271 3175 433 3235 aeternitatis
453 3175 540 3251 el⁰⁹·⁷
563 3157 604 3257 ἸἸ
627 3160 741 3278 ubit
770 3154 920 3295 ΠἸΞἸἸΠ
944 3156 1057 3279 ΕΙἸἸἸἸ
1079 3175 1204 3293 illim,
1225 3187 1307 3280 W

106 3293 274 3367 -ἐιάκησαν
284 3295 364 3361 tmesi
376 3311 406 3350 ra
418 3292 501 3357 ἀιώνος
510 3291 536 3347 ἀι
547 3291 623 3349 ὀδοι’
610 3294 704 3354 αιωνωιι
716 3309 787 3351 cora
788 3265 928 3354 -Colles
942 3313 1001 3354 non
1014 3302 1081 3354 sunt
1094 3296 1191 3353 aeterni
1205 3295 1305 3356 eadem
1331 3319 1333 3324 ·

99 3390 217 3451 ratione
231 3409 288 3464 qua
296 3388 392 3448 Dei
365 3408 429 3448 vrae.
471 3387 612 3448 Praeteroa
624 3403 721 3456 socors
733 3409 847 3468 poenam
862 3388 918 3465 qua
929 3390 1084 3470 corrigatur
1096 3401 1125 3450 et
1138 3390 1304 3451 emendetur

100 3488 174 3563 quis
188 3486 323 3556 denotat;
345 3497 374 3545 et
387 3486 505 3565 proinde
519 3498 624 3547 aeterna
637 3506 701 3546 esse
715 3507 774 3547 non
787 3498 891 3566 potest.

146 3585 237 3664 Ideep.
259 3585 381 3665 Objecto
394 3585 459 3645 loco
472 3587 529 3664 ipsi
553 3596 664 3646 montes
689 3586 787 3644 saeculi
814 3585 944 3646 dicuntur
964 3588 1065 3647 itinera
1087 3587 1154 3658 Dei,
1181 3588 1303 3665 ideoque

101 3682 212 3745 eodem
226 3703 342 3763 prorsus
356 3702 444 3744 sensu
459 3704 516 3744 vox
537 3684 678 3744 Hebraico
692 3667 860 3774 0519,ss
874 3685 1000 3745 Graeoa’
988 3711 1045 3748 coer
1065 3687 1095 3746 in
1109 3696 1226 3762 utraque
1240 3706 1305 3748 sen·

99 3784 204 3842 tentiae
225 3795 304 3861 parte
319 3795 488 3862 usurpatur.
511 3796 589 3842 vates
604 3785 714 3844 scilicet
734 3796 860 3844 vetustos
881 3795 994 3845 montes
1014 3785 1102 3845 veluti
1121 3786 1179 3846 Dei
1203 3786 1305 3846 itinera

101 3881 212 3960 pingit,
224 3892 372 3975 poetarum
387 3900 476 3942 more.
507 3860 681 3943 Caeterum
673 3902 703 3943 ιιι
719 3883 784 3944 loco
799 3882 950 3942 Matthaei
938 3894 1082 3963 justornm
1100 3896 1129 3944 st
1149 3883 1305 3961 impiorum

145 4096 187 4162 (l)
207 4051 344 4147 Dellesur.
355 4111 422 4147 carn.
433 4112 454 4147 c.
466 4098 507 4146 ³5.

142 4183 181 4249 (2)
202 4181 346 4248 Channcy’s
358 4182 485 4234 Salvatios
495 4183 532 4232 for
543 4183 576 4234 all
587 4198 645 4234 men
653 4199 678 4249 p.
689 4185 748 4235 263.

92 4263 101 4315 i
145 4268 187 4335 (3)
207 4267 338 4320 Unitarian
348 4268 493 4336 Miscellany
503 4261 559 4320 Vol.
570 4273 594 4320 2.
605 4284 629 4334 p.
641 4267 682 4322 31.
692 4269 760 4321 Note
770 4277 796 4321 et
805 4269 864 4322 Vol.
876 4271 907 4323 ri.
917 4286 942 4337 p.
955 4272 1011 4320 lau.

145 4356 187 4421 (c)
206 4355 279 4408 roan.
290 4355 341 4417 aar
352 4359 393 4406 oe.
410 4357 542 4408 osana
554 4361 578 4407 s.
594 4356 675 4408 nrm.
685 4357 720 4408 ιι.
732 4357 772 4408 ra.
893 4341 895 4344 ’

146 4438 188 4506 (5)
207 4438 275 4503 Aug.
285 4440 365 4491 lxxi.
373 4440 436 4492 dc
415 4457 461 4492 cir.
478 4441 534 4494 Dei.
545 4458 567 4493 c.
575 4441 645 4493 xxiii.

144 4524 171 4589 (6
174 4536 185 4591 J
205 4525 275 4576 Alias
291 4533 465 4577 enumerantur
479 4527 601 4590 tredecim,
609 4543 714 4594 quarum
730 4526 862 4581 undecim
854 4542 882 4578 ιιι
896 4540 961 4579 novo
974 4524 1134 4582 Testamento
1143 4529 1305 4635 mpsrimturr

119 4605 250 4661 Uuitorion
260 4609 407 4679 Mioceduop
417 4610 509 4663 Vol.
485 4628 518 4664 m.
529 4629 554 4681 p.
565 4613 620 4665 125.

148 4696 189 4762 (7)
207 4694 299 4748 ch.''
283 4712 317 4748 ιιι.
331 4700 355 4749 6
