2812 5092
128 350 167 408 60
463 346 520 407 DE
542 346 741 408 ORDINUM
762 344 981 409 ttttttsttto.

127 508 237 567 centius
262 508 302 566 ΙΙ.
327 509 356 566 in
380 508 502 566 concilio
526 507 649 585 generali
674 506 859 566 Lateranensi
882 527 957 567 anuo
982 511 1083 577 11³9st
1095 507 1289 568 ordinationes
1311 529 1330 568 s

127 602 298 681 quibusdam
315 605 453 663 haercticis
469 616 497 662 et
510 604 701 663 schismaticis
715 603 801 662 lactas
811 605 902 663 irritas
914 606 1123 683 pronuntiarim
1139 605 1215 679 quod
1227 616 1326 666 tamen

124 702 339 782 intelligendum
367 714 411 760 cst
435 702 469 762 de
496 704 651 761 honoribus
678 713 707 760 et
734 704 898 761 muneribus
926 704 955 762 in
985 722 1099 780 poeuam
1122 705 1327 784 denegandis3

123 821 191 862 nam
215 801 348 860 Urbanus
375 801 415 860 II.
441 801 571 877 permisit
590 812 622 858 ut
650 802 819 876 poenitentes
849 802 1061 877 susciperentur
1088 804 1138 876 qui
1167 803 1206 861 ita
1225 822 1328 862 susce-

124 912 225 977 perant
244 897 369 966 ordines,
397 906 426 956 et
445 883 536 976 gradu
558 897 733 974 gaudereut3
768 910 797 955 et
825 898 1010 957 Innocentius
1038 898 1077 959 11.
1106 902 1148 958 sic
1175 900 1326 971 ordinetis,

123 1000 155 1058 in
190 996 290 1057 eodem
319 996 406 1073 gradu
445 997 607 1073 perenniter
640 995 851 1063 demorantibus
885 996 919 1054 ad
954 999 1132 1074 superiorem
1166 998 1324 1058 escendere

126 1098 238 1156 vetuit.²
276 1095 322 1154 Ea
335 1096 388 1154 luit
401 1095 470 1154 clim
487 1096 566 1172 justa
581 1095 727 1163 severitas,
743 1114 800 1168 qua
813 1094 928 1153 ordines
940 1096 975 1154 ab
986 1096 1127 1154 haereticis
1143 1097 1327 1174 suscipienti·

124 1196 177 1254 hus
192 1194 336 1252 vetabatur
350 1211 399 1269 eos
415 1211 539 1266 unquam
555 1210 688 1250 exercere
699 1196 721 1260 ;⁸
740 1192 791 1251 sed
813 1193 993 1270 mitigabatur
1014 1195 1192 1271 plerumque,
1208 1195 1327 1269 quaudo

123 1291 273 1368 poenitcnti
287 1290 384 1348 animo
408 1288 547 1346 Ecclesiae
570 1290 687 1365 gratiam
711 1301 844 1365 expetere
870 1289 1045 1348 videbuntur.
1087 1291 1264 1368 Augustinus
1288 1309 1325 1350 ea

125 1408 177 1467 spe
193 1389 282 1447 venie
309 1388 473 1447 Donatistae
495 1385 530 1444 ad
552 1385 673 1444 reditum
699 1386 857 1446 alliciebat:
881 1387 1126 1447 “Detrahendum
1149 1400 1194 1447 est
1213 1390 1324 1464 aliquid

124 1487 277 1554 severitati,
293 1495 324 1542 ut
340 1485 492 1561 majoribus
508 1484 589 1543 malis
611 1484 743 1542 sanandis
759 1485 859 1542 caritas
880 1485 992 1544 sincera
1005 1487 1173 1544 subveniat:
1195 1487 1322 1546 habeant

123 1602 191 1662 ergo
205 1583 253 1673 isti
275 1580 310 1639 de
335 1581 476 1658 praeterito
499 1579 656 1638 detestabili
672 1599 776 1647 errore,
791 1582 865 1639 sicut
889 1582 991 1640 Petrus
1016 1582 1116 1641 habuit
1137 1582 1172 1641 de
1187 1582 1322 1644 mendaci

122 1680 224 1738 timore
238 1696 366 1737 amarum
382 1676 530 1734 dolorem:
547 1688 575 1733 et
592 1677 704 1735 veniant
717 1676 752 1734 ad
767 1676 929 1735 Ecclesiam
946 1677 1056 1736 Christi
1077 1697 1184 1748 veram,
1199 1679 1255 1740 hoc
1274 1692 1324 1738 est

123 1790 240 1837 matrem
266 1776 454 1849 catholicam:
477 1775 578 1833 sintin
603 1774 652 1832 illa
672 1774 778 1843 clerici,
800 1776 858 1833 sint
879 1777 1008 1852 episcopi
1023 1777 1138 1845 utiliter,
1153 1778 1202 1851 qui
1223 1791 1325 1838 contra

122 1876 201 1936 illam
215 1876 329 1934 suerunt
342 1872 530 1933 hostiliter.”⁴

432 2053 459 2117 1)
479 2048 542 2100 Oen.
559 2065 638 2100 xxxx.

451 2136 462 2201 )
482 2135 546 2185 Vide
557 2135 754 2185 Meuriniecsnss
772 2135 921 2187 Chronicon.

450 2224 459 2280 )
477 2219 541 2269 Vide
552 2219 713 2284 epist..lnnoc.
727 2218 745 2268 Ι.
757 2220 869 2286 adspice.
881 2221 1025 2272 Macedonii.

434 2305 460 2365 4)
478 2303 527 2368 Ep.
538 2305 556 2353 l.
566 2303 597 2354 sd
609 2303 771 2354 Bonifscium.
