2798 5092
84 368 132 423 “68
522 362 579 422 DE
602 363 873 424 ORDINANDIS.

85 556 88 562 ·
136 525 200 581 129.
222 521 365 600 Bigami,
381 523 430 596 qui
453 523 564 582 seilicet
577 523 642 600 plur
663 523 755 582 semel
778 524 892 601 nuptiae
915 523 1050 593 inierunt,
1065 523 1181 584 ordines
1203 525 1296 584 eueni·

91 638 160 697 pere
173 638 232 679 non
246 629 377 696 possunt,
392 619 533 696 Apostolo
556 620 700 697 exigente,
716 630 748 678 ut
760 621 846 679 unius
860 621 959 679 uxoris
971 621 1014 680 vir
1028 621 1064 680 ed
1078 639 1159 680 sacre
1172 630 1296 680 ntnnere

89 717 252 776 evehatur.¹
283 727 303 754 “
313 716 479 795 impudicos
491 717 642 794 castiget,”
657 717 753 791 inquit
765 717 1008 795 Chryeoetomus.
1025 728 1115 778 “non
1130 720 1231 778 sinens
1242 736 1296 778 eor

92 828 158 894 post
168 814 307 874 secundae
323 816 436 894 nuptias
451 816 486 874 ad
502 816 643 875 Eeclesiae
658 817 786 895 regimen
801 816 954 876 aenumi.”⁸
1001 816 1075 878 Vera
1086 817 1215 895 bigamia
1229 819 1293 877 hee

91 923 226 973 voeatnr:
248 912 459 990 interpretativa
473 923 517 970 est
530 931 614 986 quam
633 913 683 990 jus
704 913 873 973 canonicum
895 915 1002 983 statuit,
1017 934 1083 974 enm
1097 915 1148 988 qui
1164 914 1295 983 viduam,

92 1012 137 1070 vel
153 1012 275 1069 vitiatam
291 1010 374 1069 duxit
387 1012 416 1068 in
428 1013 548 1068 uxerem
564 1029 616 1087 pro
630 1011 744 1088 bigamo
759 1011 892 1070 habene·
912 1011 1153 1072 similitudinarie
1167 1012 1298 1090 bigamia

89 1118 135 1167 eet
148 1107 224 1166 illiue
239 1106 288 1181 qui
302 1106 425 1164 solemni
439 1106 575 1164 eastitatis
597 1115 663 1165 roto
679 1105 827 1165 devinctae
848 1107 931 1167 duxit
944 1120 972 1168 et
992 1109 1129 1187 cognovit
1142 1113 1296 1168 uxorem.⁴

325 1313 368 1380 (l)
387 1312 408 1363 Ι.
420 1312 486 1362 Tim.
497 1311 531 1362 iii.
543 1316 568 1363 2.
584 1312 635 1363 Tit
646 1313 663 1363 i.
675 1316 699 1365 6.

323 1401 366 1466 (2)
386 1398 462 1449 Hom.
473 1399 500 1449 ii.
511 1399 546 1450 in.
557 1416 595 1465 ep.
608 1400 639 1450 ed
650 1400 702 1452 Tit.

323 1488 366 1553 (3)
385 1485 449 1536 Dirt.
460 1486 537 1535 xxxii
549 1502 570 1536 e.
584 1489 623 1536 12.
652 1485 715 1537 Dirt.
727 1487 818 1539 xxxiii.
829 1505 852 1539 e.
864 1492 889 1540 ἵ.

326 1571 368 1638 (4)
389 1569 450 1637 Cep.
462 1571 505 1623 ult
516 1570 546 1621 de
556 1570 652 1634 Bigem.
663 1588 714 1622 non
731 1572 809 1623 ordin.
