2798 5092
149 414 207 473 854
634 412 857 474 APPENDIX.

151 589 237 646 quarn
260 569 370 629 radunt.
412 570 572 630 Hominum
597 571 806 644 mulierumque
834 568 943 629 nullum
969 568 1135 646 permittunt
1156 562 1339 633 consortium,

152 677 340 747 preterquam
370 669 400 727 in
420 669 598 727 solemnibus
623 669 794 742 quibusdam
818 667 1026 733 occasionibus,
1041 665 1071 722 in
1092 664 1199 736 quibus
1213 663 1244 720 in
1259 675 1342 718 unum

153 764 336 833 conveniunt,
350 775 380 823 et
392 765 523 823 carnibus
544 765 652 832 ovium,
674 784 731 824 non
747 762 812 822 verb
836 763 956 821 aliorum
978 761 1166 820 animantium
1181 769 1340 816 vescuntur.

152 860 226 920 Aliis
240 861 416 936 temporibus
430 881 447 918 a
460 861 591 918 carnibus
610 861 728 919 omnino
749 860 900 926 abstinent,
914 859 1038 916 oleribus
1059 866 1170 914 tantum
1186 861 1340 911 vescentes.

154 957 274 1016 Nullum
287 976 410 1016 sexuum
425 960 639 1025 commercium,
651 959 735 1016 etiam
749 958 864 1015 nomine
876 955 1058 1023 matrimonii,
1073 953 1235 1030 indulgent.
1277 951 1342 1009 Peo-

152 1067 246 1113 catum
271 1053 565 1133 originisldenegant,
584 1055 657 1111 sicut
684 1063 713 1110 ot
734 1065 852 1111 oetemas
874 1053 1027 1128 impiorum
1050 1068 1162 1127 poenas,
1188 1065 1292 1107 omues
1313 1042 1344 1103 ad

152 1152 272 1211 salutem
286 1151 437 1224 aliquando
452 1150 647 1228 perducendos
662 1149 876 1207 contendentes.

193 1249 419 1314 Marsonrsrm,
442 1250 484 1304 sio
499 1246 565 1304 dieti
581 1265 597 1303 a
611 1244 746 1305 methodo
771 1265 856 1318 quam
872 1246 900 1302 in
916 1245 1059 1302 exercitiis
1075 1242 1240 1320 Religionis
1254 1259 1345 1298 serra·

152 1359 204 1410 ret,
220 1344 273 1400 orti
288 1353 354 1400 stunt
368 1361 443 1401 anno
461 1345 546 1409 1729,
562 1341 722 1399 auctoribus
736 1341 848 1400 Joanne
863 1353 891 1398 et
905 1341 1010 1398 Catulo
1028 1339 1160 1415 Wesley,
1177 1337 1342 1415 Anglicaue

152 1440 293 1500 Ecclesiae
308 1441 455 1498 ministris.
500 1438 541 1496 Hi
556 1439 684 1516 plerique
698 1448 857 1515 agnoscunt
877 1449 996 1495 mortem
1019 1436 1130 1494 Christi
1145 1453 1196 1511 pro
1217 1434 1344 1491 omnium

151 1536 269 1595 omnino
284 1535 384 1603 salute,
408 1536 529 1609 ideoque
545 1534 721 1594 Arminioni
743 1535 817 1611 apud
839 1535 909 1592 alios
926 1533 1096 1591 calviniana
1112 1549 1208 1589 errore
1223 1531 1344 1589 iniectos

152 1632 280 1691 audiunt.
322 1633 560 1692 iustificationem
582 1632 638 1690 lide
660 1635 823 1709 contingere
838 1631 935 1690 docuit
948 1631 1076 1689 loannes
1096 1629 1232 1706 Wesley‚
1247 1646 1283 1686 ea
1296 1628 1346 1686 sci·

151 1729 218 1788 licet
232 1731 319 1788 animi
334 1732 516 1806 persuasione
530 1748 587 1803 qua
600 1729 721 1803 quisque
734 1728 881 1786 Christum
898 1747 948 1804 pro
962 1746 994 1784 se
1009 1739 1153 1784 mortuum
1164 1725 1276 1783 credit:
1291 1742 1344 1797 quo

152 1827 289 1902 temporis
305 1837 450 1885 momento
465 1826 559 1884 Deum
575 1827 602 1884 ei
617 1837 732 1903 peccata
752 1825 913 1883 condonare
934 1825 1064 1881 asseruit.
1108 1822 1194 1881 Hunc
1211 1821 1298 1880 fidem
1313 1823 1347 1879 ait

153 1924 248 1983 Deum
264 1924 419 1983 concedere
434 1925 513 1982 nullo
528 1934 625 1982 nostro
647 1924 758 1990 merito,
773 1923 823 1980 sed
838 1922 900 1980 sola
914 1941 973 1980 sua
986 1919 1195 1988 misericordia,
1208 1921 1245 1978 iis
1260 1920 1347 1978 omni·

152 2024 205 2080 bus
229 2024 276 2097 qui
294 2036 409 2100 peccata
433 2038 461 2080 et
486 2024 652 2100 pravitatem
667 2042 749 2080 suam
776 2022 858 2097 plene
884 2022 1019 2079 sentiunt.
1062 2019 1249 2087 Poenitcutia,
1269 2020 1348 2096 juxte

153 2122 260 2197 ipsum,
285 2121 370 2180 fidem
398 2121 553 2197 praecedit:
585 2123 660 2179 bona
684 2139 770 2196 opera
796 2129 962 2193 sequuntur.
1003 2118 1156 2178 Rationem
1187 2137 1246 2191 qua
1270 2123 1347 2175 suam

154 2219 335 2296 adoptionem
351 2240 367 2275 a
382 2217 446 2276 Deo
467 2221 588 2293 quisquc
610 2238 647 2276 ex
668 2219 792 2294 Spiritus
813 2217 940 2274 interiori
960 2217 1124 2274 testimonio
1147 2219 1238 2284 novit,
1261 2215 1349 2293 expli·

154 2334 219 2374 care
235 2335 292 2374 non
307 2327 351 2373 est
365 2315 594 2394 aggressus,{sed
609 2335 672 2374 eam
687 2316 758 2374 adeo
772 2314 850 2373 fideli
869 2314 1024 2392 justificato
1039 2314 1231 2383 manifestam,
1247 2327 1277 2373 ut
1288 2315 1349 2373 luce

155 2411 312 2469 meridiana
325 2413 362 2468 sit
376 2400 486 2478 clarior,
512 2411 666 2470 contendit.
704 2411 911 2472 Perfeotionem
936 2422 1040 2470 tantam
1068 2430 1100 2469 se
1123 2413 1240 2486 assequi
1264 2429 1349 2489 posse

149 2509 259 2585 jactant
282 2507 465 2566 Methodistae
489 2520 520 2565 ut
544 2509 652 2584 peccati
673 2509 752 2566 nullo
774 2527 869 2566 amore
887 2508 1010 2584 amplius
1036 2510 1219 2578 irretiantur3
1241 2509 1293 2568 sed
1313 2507 1347 2567 ud

151 2622 237 2662 suum
252 2605 426 2662 consortium
442 2606 581 2682 recipiunt
593 2624 694 2664 omnes
708 2607 758 2678 qui
769 2607 837 2663 iram
848 2618 993 2665 venturam
1009 2626 1039 2664 se
1054 2607 1152 2684 lugere
1169 2607 1243 2665 velle
1258 2607 1347 2666 decla·

159 2709 240 2761 rent:
264 2719 336 2773 quos
359 2713 452 2760 tumen
467 2702 493 2759 si
508 2702 536 2778 in
549 2703 678 2778 graviora
692 2701 793 2760 delicta
807 2702 945 2770 labantur,
961 2722 998 2760 ex
1012 2703 1072 2761 suis
1087 2703 1210 2761 coetibus
1228 2705 1344 2780 pellunt.

152 2797 202 2857 Ex
216 2816 335 2856 numero
350 2798 472 2872 quodem
490 2814 613 2858 ooetuum
628 2800 660 2858 fit
677 2799 839 2868 Circuitus,
854 2809 885 2857 ut
899 2801 987 2869 aiunt,
1002 2819 1088 2873 quem
1103 2801 1217 2859 scilicet
1231 2800 1289 2859 duo
1303 2812 1348 2859 sut

154 2907 210 2952 tres
247 2914 402 2971 praecones,
427 2915 547 2969 quorum
571 2917 643 2956 unus
667 2897 907 2976 superintendens
933 2897 1044 2966 dicitur,
1069 2917 1118 2975 per
1138 2910 1298 2957 annumaut
1316 2897 1348 2956 ad

152 3011 298 3051 summum
323 3011 373 3069 per
389 2991 460 3050 duos
482 3013 583 3068 annos,
598 2995 720 3053 visitant.
763 2996 810 3055 Ex
837 3013 956 3054 numero
981 2995 1105 3068 quodam
1121 2996 1301 3055 circuituum
1323 2997 1353 3054 fit

154 3102 174 3128 “
187 3089 387 3160 Districtus,”
404 3109 455 3148 seu
485 3093 654 3151 territorium
670 3093 746 3166 quod
761 3093 897 3170 peculiari
922 3093 1104 3152 solicitudine
1127 3095 1202 3170 regit
1225 3113 1320 3171 preco
1337 3116 1352 3153 a

152 3196 227 3248 coetu
248 3206 348 3247 annuo
373 3188 503 3265 (annual
522 3188 698 3271 conserence)
721 3189 884 3268 designatus
898 3191 980 3248 titulo
1003 3201 1022 3227 “
1036 3191 1167 3252 Senioris
1194 3191 1353 3259 Praesiden·

152 3284 219 3344 tis’'
243 3284 422 3364 (Presiding
447 3285 563 3364 Elder.)
606 3288 734 3364 Singulis
763 3289 952 3347 trimestribus
981 3289 1029 3346 hic
1054 3291 1152 3350 invisit
1182 3310 1275 3355 emtus
1296 3316 1351 3356 sua

155 3401 230 3441 curae
245 3382 432 3449 concreditos,
450 3384 673 3458 collationesque
693 3384 779 3443 habet
796 3403 861 3442 cum
876 3385 986 3442 cemus
1012 3389 1193 3461 praeconibus
1208 3393 1352 3452 hortatori·

157 3479 223 3545 bue,
245 3481 364 3552 aliisque
385 3481 526 3539 minorum
553 3482 691 3558 graduum
717 3482 896 3541 officialibus.
939 3483 1049 3541 Praeter
1063 3505 1171 3546 annuas
1187 3492 1350 3552 collationes

152 3584 243 3633 octus
260 3576 376 3646 quidam
392 3577 550 3636 solemnior
565 3580 685 3656 siugulis
700 3578 894 3653 quadrienniis
916 3593 1114 3657 congregetur,
1130 3585 1224 3645 dictus
1240 3599 1259 3625 ‘⁸
1268 3609 1351 3666 gene·

153 3671 221 3729 ralis
237 3671 349 3729 collatio
359 3672 377 3699 ”
399 3673 435 3752 (⁶⁶
448 3675 571 3751 general
592 3675 805 3757 conferente,’‘)
822 3678 852 3733 in
873 3695 930 3749 quo
955 3677 1076 3755 delegati
1091 3698 1128 3739 ex
1149 3687 1255 3744 annuis
1270 3689 1352 3748 colla-

112 3791 113 3794 *
154 3769 280 3828 tionibus
306 3773 487 3829 conveniunt.
529 3774 603 3831 Tres
629 3776 783 3852 episeopus
808 3776 838 3831 in
866 3773 1008 3832 loederatis
1029 3779 1201 3851 provinciis,
1229 3804 1349 3858 quorum

155 3882 230 3924 unus
245 3863 441 3923 collationibus
457 3868 598 3941 presidet,
613 3869 727 3927 habent.
771 3870 871 3927 Coetus
884 3870 954 3926 alins
969 3871 1074 3930 habent
1086 3876 1182 3934 minus
1194 3882 1350 3946 solemnes,

156 3979 228 4034 quos
245 3971 263 3996 “
280 3958 559 4039 Closs-Mescings,”
583 3975 602 4000 “
616 3963 907 4042 Bond·Meetiugs‚'’
925 3976 945 4000 ‘⁴
961 3965 1221 4048 Wotclr·nights‚’'
1239 3976 1350 4036 “Loue-

155 4058 293 4127 Feosts‚’'
305 4072 333 4117 et
350 4069 370 4095 “
381 4059 691 4141 Proper-Meetingsss’
705 4065 824 4142 Anglice
840 4076 950 4121 vocent.
974 4063 1086 4125 Classis
1103 4088 1228 4146 quaequn
1238 4076 1348 4135 arduo·

156 4156 249 4216 decim
264 4169 311 4214 aut
338 4157 465 4234 pluribus
489 4159 561 4216 iusra
582 4163 683 4238 viginti
697 4163 836 4240 gpersonis
860 4161 1007 4234 utriusque
1030 4182 1118 4224 sexus
1141 4183 1264 4240 constat,
1290 4189 1348 4246 que

159 4256 248 4312 semel
276 4257 305 4312 in
334 4256 510 4314 hebdomade
539 4261 722 4329 conveniunt,
748 4257 869 4336 praeside
898 4258 1022 4331 quodam
1052 4281 1089 4320 ex
1116 4266 1175 4324 illis
1204 4269 1391 4348 designato-

157 4359 176 4386 “
189 4350 432 4422 Closs-Leoder‚”
448 4355 572 4433 hymnos
588 4369 701 4422 canunt,
724 4377 822 4434 preces
843 4354 1003 4424 effundunt,
1026 4363 1190 4437 monitaque
1206 4369 1312 4446 singuli
1333 4386 1391 4424 n

159 4450 278 4524 praeside
291 4454 442 4528 accipiunt.
487 4453 641 4514 Sociorum
660 4455 756 4514 Ooetus
771 4453 1055 4536 (Banu-ellectings)
1069 4463 1159 4521 trihus
1176 4467 1220 4524 vel
1235 4477 1391 4541 quatu01

160 4546 290 4623 ejusdem
305 4568 402 4617 sexus,
415 4553 514 4619 estatis,
524 4563 552 4611 et
564 4553 745 4621 conditionis,
756 4568 875 4623 constat,
885 4559 934 4630 qui
943 4559 1048 4616 similia
1059 4563 1196 4621 exercitia
1207 4573 1391 4643 peragunt.

150 4638 286 4721 ,Vegiliee
299 4641 470 4714 Nocturnae,
493 4646 615 4723 (Watch
629 4649 759 4728 Nights)
776 4652 848 4710 fiunt
861 4653 952 4720 semel
965 4655 994 4712 in
1010 4673 1095 4723 auno,
1118 4659 1209 4718 tribus
1223 4672 1273 4720 aut
1284 4678 1382 4735 qna-

148 4749 215 4802 tuor
233 4739 422 4823 preconibus
447 4763 514 4804 cum
539 4765 643 4827 magna
655 4748 738 4807 turba
755 4751 988 4809 conuenientibus
1009 4769 1130 4830 vespere
1154 4755 1230 4817 intra
1249 4757 1363 4818 horem
