2798 5092
158 278 216 337 tae
497 274 554 346 DE
575 274 720 335 CULTU
742 272 1016 341 stNouoRun.

111 399 149 519 ‘If
157 443 243 501 retur,
259 431 305 492 vel
318 442 349 491 ut
363 432 447 492 altare
462 452 550 512 super
564 433 633 491 illud
654 434 763 511 erigere
783 434 901 492 licerett
923 431 975 490 sed
984 449 1142 510 processus
1154 447 1241 504 quem
1256 423 1353 484 dicunt

104 540 112 605 l
159 529 396 590 canonizationis
410 549 468 588 non
481 540 541 588 erat
562 529 654 587 adhuc
679 531 833 596 institutus,
854 547 907 588 uec
929 529 1110 606 privilegium
1124 524 1273 585 sanciendi
1296 519 1353 581 cul·

100 614 106 715 l
159 637 220 687 tum
245 646 358 688 summo
383 628 517 687 Pontifici
544 639 730 686 reservatum.
773 628 921 686 “Primus
946 645 1032 699 quern
1059 627 1211 703 perhibent
1239 624 1356 695 antiqua

100 732 103 797 ξ
159 724 363 794 documenta,”
378 726 417 783 ait
430 725 572 792 Morinus,
590 725 787 783 “solemniter
801 744 817 782 a
831 724 1020 782 Pontificibus
1035 724 1238 782 canonizatum
1255 720 1358 786 suisse,

99 800 104 835 ²
161 833 206 880 est
221 822 308 899 Hugo
334 821 554 891 carthusianus,
581 832 609 879 et
632 821 913 898 Gradiuopolitanus
929 819 1126 896 Episcopus.'’
1151 861 1159 877 .
1183 861 1192 878 .
1216 860 1224 876 .
1247 827 1267 854 ‘⁶
1284 818 1359 875 Ante

161 917 360 976 Innocentium
383 917 423 976 ΙΙ.
446 929 475 976 et
498 901 691 976 Alexandrian
717 916 773 975 ΙΙΙ.
799 916 925 994 simplex
947 915 1101 974 admodum
1123 925 1183 974 erat
1203 912 1358 971 canoniza-

160 1013 246 1072 tionis
260 1013 340 1082 ritus,
355 1023 386 1072 ut
406 1031 443 1071 ex
468 1014 554 1072 Petro
577 1014 719 1077 Damiano
734 1024 845 1075 constat
870 1013 899 1073 iu
913 1013 970 1089 line
987 1012 1053 1077 vitae
1076 1011 1174 1070 Sancti
1191 1007 1357 1074 Romualdi,

106 1092 115 1104 ’
161 1119 336 1183 testaturque
358 1110 521 1169 cardinalis
542 1110 683 1169 Batonius
699 1109 733 1167 ad
749 1128 855 1168 annum
870 1109 981 1167 Christi
1002 1108 1122 1167 mxxvii.
1167 1107 1361 1166 Obtinebatur

162 1209 197 1266 ab
212 1208 248 1266 iis
263 1208 366 1281 quibus
380 1225 454 1265 curae
476 1219 537 1266 erat
557 1208 605 1265 illa
618 1208 808 1274 canonizatio,
824 1226 840 1264 a
854 1206 930 1264 Sede
945 1205 1112 1284 Apostolica
1133 1204 1252 1264 facultas
1274 1203 1362 1260 altare

160 1321 250 1381 supra
262 1320 367 1380 corpus
381 1303 508 1363 defuncti
522 1303 698 1381 erigendi.’'²

203 1405 251 1460 to.
273 1400 376 1460 Cultus
398 1421 484 1476 quern
509 1402 642 1462 Ecclesia
657 1403 752 1462 tribuit
774 1403 889 1462 Sanctis
905 1403 935 1462 in
950 1421 987 1461 eo
1014 1401 1159 1479 precipue
1175 1400 1289 1478 positus
1304 1406 1359 1466 est,

153 1499 242 1583 xquod
253 1518 352 1558 eorum
366 1501 494 1568 virtutes,
513 1511 542 1558 et
555 1519 619 1574 qun
635 1501 713 1579 passi
727 1511 794 1560 suut
807 1500 970 1578 Religionis
984 1518 1072 1558 causa
1084 1497 1200 1567 recolat,
1214 1494 1365 1556 offerendo

161 1589 227 1657 Deo
250 1596 432 1654 sacrificium.
473 1597 579 1656 Preces
604 1596 639 1655 ad
664 1598 745 1674 ipsos
772 1599 800 1654 in
823 1597 954 1674 Liturgia
974 1614 1033 1654 non
1053 1594 1204 1654 consuerit
1226 1592 1362 1670 dirigere,

161 1693 293 1767 quamvis
308 1693 402 1752 Deum
417 1705 517 1757 exoret
530 1704 560 1753 ut
578 1713 677 1754 eornm
693 1695 826 1772 precibus
847 1705 876 1753 et
901 1692 1108 1752 intercessione
1122 1691 1284 1770 adjuvetur.
1325 1689 1360 1749 In

163 1789 284 1849 Litaniis
299 1809 364 1865 quae
386 1792 513 1851 Sabbato
535 1792 642 1850 Sancto
666 1793 828 1860 recitantur,
844 1802 910 1869 post
932 1791 988 1849 Dei
1003 1790 1183 1868 imploratam
1199 1788 1363 1847 misericor·

162 1886 250 1956 diam,
273 1897 433 1948 sanctorum
456 1890 564 1966 expetit
589 1908 706 1962 preces3
728 1890 803 1947 sicut
826 1899 855 1948 et
877 1889 1059 1947 beatissimae
1083 1887 1213 1964 Virginis
1236 1885 1360 1944 Litauiis

161 1983 340 2053 laurencio,
355 2004 418 2060 qua
432 1995 527 2045 tamen
542 1986 577 2044 ad
593 1986 750 2064 Liturgiam
765 2005 823 2045 non
838 1986 991 2063 pertinent.
1032 1984 1156 2042 Oaetsroe
1170 1999 1363 2056 quoecumque

165 2102 265 2161 preces
279 2083 314 2143 ad
328 2085 448 2143 Sanctae
471 2084 585 2143 directe
600 2103 638 2143 ex
651 2085 803 2143 devotione
825 2096 855 2142 et
878 2083 982 2143 affectu
1004 2083 1179 2160 privatorum
1210 2081 1363 2140 bominum

167 2181 317 2258 prodeunt,
349 2181 426 2239 nulla
455 2181 623 2257 plerumque
658 2181 771 2258 publica
802 2181 917 2238 sancitae
944 2180 1120 2239 auctoritate.
1162 2177 1268 2236 Cultus
1298 2194 1363 2256 spe-

170 2277 277 2335 cimina
303 2276 402 2335 haberi
435 2276 519 2334 etiam
556 2288 679 2353 possunt
710 2296 773 2349 quae
807 2277 981 2354 imaginibus
1009 2287 1173 2335 sanctorum
1202 2274 1366 2334 tribuuntur

168 2374 358 2433 venerationis
387 2373 502 2442 iudicia,
537 2374 647 2432 scilicet
675 2375 752 2447 quod
780 2374 825 2457 in·
845 2375 988 2434 Ecclesiis
1009 2362 1128 2451 publice⁸
1159 2382 1363 2449 exponantur3

170 2484 200 2528 et
227 2489 280 2548 pro
314 2471 471 2544 aliquarum
507 2471 657 2547 regionum
691 2471 898 2530 consuetudine
931 2471 1093 2530 deserantur
1126 2469 1287 2543 aliquoties·
1314 2489 1366 2548 per

168 2566 248 2624 vicos
262 2566 430 2626 honorifice.
472 2566 531 2624 Sed
545 2568 594 2639 qni
606 2567 734 2640 reliquiis
749 2586 848 2626 eornm
864 2578 1013 2645 praestatur
1026 2568 1129 2635 honor,
1143 2566 1178 2624 ad
1193 2568 1275 2644 ipsos
1295 2584 1367 2645 psas·

166 2665 266 2723 sertim
279 2664 419 2742 dirigitur.

211 2766 261 2820 20.
302 2763 452 2823 Moderato
465 2762 619 2822 admodo
642 2764 797 2822 concilium
810 2762 1012 2823 Tridentiuum
1027 2763 1080 2822 hac
1101 2763 1132 2822 in
1158 2782 1187 2821 re
1210 2782 1242 2822 ss
1264 2765 1366 2842 gessit,

163 2863 272 2938 ‘jubens
286 2863 442 2939 episcopis,
463 2871 522 2919 “ut
542 2863 627 2939 juxta
649 2861 807 2920 Catholicae
824 2876 853 2920 et
875 2860 1050 2938 Apostolicoe
1073 2859 1215 2919 Ecclesia
1229 2879 1327 2930 usum,
1350 2880 1367 2918 a

168 2959 311 3036 primarie
332 2959 492 3018 christianas
507 2959 667 3037 Religionis
688 2959 864 3036 temporibus
885 2968 1044 3035 receptum,
1066 2967 1292 3030 sanctorumque
1311 2959 1367 3018 Pa·

169 3070 244 3114 trum
255 3056 491 3124 consensionem,
504 3068 534 3114 et
548 3075 695 3115 sacrorum
707 3055 893 3114 conciliorum
908 3054 1031 3121 decreta,
1041 3053 1072 3112 in
1084 3054 1184 3131 primis
1199 3053 1235 3112 de
1248 3054 1369 3113 Sancto-

168 3171 232 3213 rum
246 3154 464 3221 intercessione,
479 3154 672 3221 inrocatione,
688 3152 882 3223 Reliquiarum
893 3151 1012 3219 bonore,
1027 3162 1056 3208 et
1065 3150 1194 3229 legitimo
1207 3151 1369 3228 imaginum

166 3268 220 3308 usu
235 3249 334 3309 fideles
355 3249 504 3327 diligenter
527 3249 677 3318 instruant,
691 3249 828 3308 docentes
852 3267 913 3316 eos,
935 3257 1050 3307 sanctos
1072 3267 1130 3306 una
1151 3266 1217 3306 cum
1240 3246 1365 3309 Christo

169 3356 331 3423 regnantes,
353 3348 496 3404 orationes
510 3365 576 3404 suas
592 3364 644 3422 pro
659 3347 823 3405 hominibus
839 3345 904 3404 Deo
923 3344 1050 3413 offerret
1072 3345 1180 3404 bonum
1194 3359 1282 3418 atquc
1297 3348 1368 3407 utile

167 3457 231 3499 esse
245 3445 410 3522 suppliciter
423 3461 474 3503 eos
488 3443 630 3510 invocare,
646 3453 675 3500 et
686 3445 723 3502 ob
738 3442 878 3501 beneficia
890 3440 1099 3518 impetrandas
1115 3441 1179 3500 Deo
1194 3461 1245 3518 per
1268 3443 1364 3504 liliam

167 3538 231 3615 ejus
246 3539 346 3600 iesum
360 3541 518 3608 Christum,
539 3540 696 3600 Dominum
721 3550 860 3608 nostrum,
880 3541 930 3613 qui
953 3539 1033 3597 solus
1058 3548 1156 3597 noster
1170 3539 1365 3619 Redemptor,

168 3647 198 3694 et
211 3635 341 3696 Salvator
353 3637 465 3706 estad
487 3656 586 3698 eorum
610 3638 762 3706 orationes,
784 3655 881 3714 opem,
896 3636 1092 3710 auxiliumque
1113 3636 1280 3714 oousugers,
1297 3638 1365 3699 illos

169 3735 246 3804 vero,
262 3736 311 3809 qui
335 3747 448 3814 negant,
463 3737 585 3794 Sanctos
606 3748 711 3796 esterna
732 3729 866 3794 felicitato
887 3737 918 3794 in
936 3735 1009 3793 cralo
1031 3735 1156 3793 fruentes
1179 3736 1363 3796 invocandos

59 3894 64 3904 ,
170 3855 256 3904 essc;
280 3845 327 3893 aut
340 3836 389 3907 qni
405 3847 545 3902 asserunt,
561 3834 608 3892 vel
623 3834 686 3892 illos
710 3853 762 3917 pro
783 3834 948 3897 horninibus
963 3852 1020 3892 non
1035 3852 1134 3902 orare;
1151 3834 1194 3891 sel
1210 3853 1322 3905 eorum,
1338 3848 1372 3896 ut

171 3955 223 4013 pro
237 3935 320 3995 nobis
334 3935 420 3993 etiarn
441 3933 561 4011 singulis
576 3944 667 4011 orent,
682 3926 893 4005 invocationem
918 3950 983 3990 csse
1005 3916 1207 4005 idololatriam,
1223 3933 1270 3995 vel
1293 3953 1368 4017 pug·

127 4028 145 4079 i·
170 4053 236 4094 nare
250 4053 315 4093 cum
327 4031 414 4091 verbo
429 4030 495 4099 Dei,
508 4030 707 4105 edversarique
719 4030 820 4104 honori
832 4029 917 4089 unius
928 4029 1092 4095 mediatoris
1105 4029 1160 4087 Dei
1173 4029 1368 4109 othoninum

170 4129 240 4191 Jesu
255 4129 381 4198 Christi,
404 4131 449 4189 sel
462 4127 581 4188 stultum
594 4146 670 4197 esse,
685 4129 715 4187 in
729 4127 799 4203 caelo
820 4127 1002 4205 regnantibus
1018 4145 1098 4195 voce,
1114 4125 1159 4184 vel
1181 4138 1278 4196 ments
1299 4148 1369 4210 sup·

59 4259 80 4300 ,2
99 4246 147 4297 ε..
172 4227 287 4302 plicare,
301 4227 392 4305 impie
404 4223 558 4285 sentire.”l

59 4335 143 4425 ὼ
204 4403 247 4468 (l)
266 4401 385 4463 Morinos,
397 4398 576 4456 commeando
595 4402 659 4451 adm.
670 4402 736 4451 Sacr.
747 4399 815 4453 Poen.
827 4401 843 4451 l.
855 4414 881 4450 x.
891 4416 913 4451 c.
924 4416 966 4453 xx.
983 4400 1048 4452 Vide
1063 4399 1138 4453 etiarn
1159 4397 1207 4453 rol.
1225 4398 1241 4450 i.
1262 4414 1288 4466 p.
1311 4405 1371 4456 lar.

77 4500 125 4533 r·
170 4490 247 4556 hujus
257 4487 343 4554 operis.
414 4529 416 4535 ,
706 4502 709 4507 ’

59 4530 159 4620 fif}
206 4578 244 4637 (t)
262 4573 340 4626 Cone.
351 4575 419 4627 Trid
430 4576 495 4627 Sese.
506 4592 564 4629 xxv.
575 4575 648 4628 Decr.
659 4573 691 4624 de
698 4573 859 4635 invocatione,
871 4574 919 4624 &c

59 4750 137 4885 p'r's
166 4804 197 4839 ³·
214 4816 236 4865 ⁰⁸.
259 4831 279 4852 α
306 4760 382 4871 'vd
398 4796 442 4889 3

59 4890 251 5003 ἱ-ΆωΝί
286 4933 296 5001 ,ἶ
352 4909 432 5018 ῨᾸι
476 4923 649 5025 fusoni,
678 4986 689 5006 .
714 4953 837 5006 ΑΝ
894 4926 981 4985 *³*
1042 4926 1095 5005 Ἴ)
1121 4926 1226 5031 U,
1257 4900 1340 5019 ἶ.

1275 5024 1305 5071 'x
