2798 5092
450 1267 454 1271 ι
495 1144 785 1229 arrasum
821 1142 874 1226 ιι.

524 1446 829 1465 Ἣ

77 1675 621 1762 OONOILIORUM
659 1666 1286 1754 OEOUMENIOORUM

549 1970 829 2032 NOTITIA.

126 2201 340 2261 cosummatus
356 2194 577 2256 OEcuuumous
591 2197 616 2256 l.
641 2196 769 2268 urens,
793 2197 823 2257 iu
849 2193 998 2274 Bithynia,
1024 2196 1101 2255 haia
1130 2195 1287 2273 prouincia,

91 2297 215 2356 hobitum
230 2308 276 2354 est
290 2314 365 2354 anno
379 2299 453 2364 325,v
464 2294 614 2373 sylvestro
628 2293 726 2353 sedem
742 2292 831 2364 Petri,
845 2292 1035 2353 Constantino
1048 2294 1157 2371 Magno
1169 2292 1285 2370 imperii

90 2395 224 2463 habenas,
240 2403 366 2453 tenente.
395 2390 430 2450 ln
444 2410 479 2451 eo
491 2391 563 2461 Arii,
579 2392 739 2469 presbyteri
753 2391 950 2460 Alexandrini,
960 2390 1077 2450 haeresis
1089 2390 1220 2449 damnata
1231 2398 1287 2457 est,

89 2493 244 2567 etantiqua
259 2491 330 2549 fides
345 2491 380 2550 de
395 2489 514 2549 Christo
536 2490 601 2550 Deo
626 2490 744 2567 speciali
767 2508 837 2549 rone
859 2489 1015 2568 designata,
1038 2509 1095 2564 qua
1107 2493 1214 2559 ὅμοισιος
1234 2504 1287 2570 seu

91 2588 353 2652 consubstantialis
368 2590 445 2648 Patri
460 2588 617 2647 deelarams
640 2600 703 2647 est:
728 2589 897 2667 Apostolieo
918 2590 1052 2666 symbolo
1066 2595 1210 2653 nonnullis
1225 2595 1290 2654 aliis

88 2688 280 2748 additionibus
303 2687 478 2746 enucleatius
499 2686 659 2764 proposito.
705 2683 968 2756 Quartodecimum
988 2688 1072 2746 etiam
1095 2692 1144 2763 qui
1166 2692 1288 2761 Pascha,

88 2782 255 2847 Judaeorum
282 2804 371 2852 more,
396 2784 425 2843 in
448 2783 494 2842 die
516 2782 738 2856 quartadecima,
760 2801 811 2841 seu
841 2782 870 2840 iu
898 2783 1057 2860 plenilunio
1084 2800 1290 2863 postremum

88 2880 292 2956 aequinoctium
314 2879 502 2947 celebrabant,
523 2877 665 2955 reprobati
693 2889 769 2939 sunt.
791 2876 905 2935 decreto
934 2877 1011 2936 edita
1034 2888 1064 2937 ut
1085 2882 1114 2939 in
1136 2880 1291 2941 Dominies

90 2975 278 3055 plenilunium
292 2984 429 3048 sequente
444 2991 560 3051 semper
573 2983 601 3032 et
615 2972 720 3046 ubique
735 2972 933 3031 celebraretur.
975 2969 1092 3034 Materia·
1106 2977 1290 3055 Lycopoleos

89 3073 119 3131 iu
134 3072 267 3150 AEgypto
282 3071 412 3148 episcopi
426 3071 562 3139 schisma,
577 3079 674 3128 eontra
685 3069 717 3126 S.
732 3067 851 3127 Petrum
868 3069 1093 3131 Alexandrinum
1109 3075 1158 3146 qui
1173 3093 1239 3132 enm
1254 3076 1292 3133 ob

90 3167 199 3227 seelera
212 3166 301 3245 gradu
316 3177 470 3236 amoverat,
485 3179 529 3225 est
545 3183 718 3244 repressum.
760 3166 845 3224 huno
866 3168 925 3225 347
947 3167 1115 3227 Sardicanse
1136 3170 1292 3230 concilium

90 3247 220 3325 habiturn
233 3273 287 3332 eat,
308 3262 385 3336 quod
408 3273 503 3322 tamen
524 3261 631 3321 Niceni
651 3261 797 3339 appendix
818 3272 961 3331 censetur,
977 3281 1065 3337 quum
1081 3266 1176 3327 nullus
1198 3284 1291 3325 novus

91 3380 168 3423 error
180 3363 210 3423 in
225 3381 260 3422 eo
275 3363 359 3422 suerit
373 3362 531 3430 damatus,
547 3360 597 3420 sed
612 3359 729 3434 quidam
744 3360 907 3438 discipline
923 3380 1047 3421 canones
1060 3364 1141 3424 editi.
1183 3366 1290 3424 Sasur-

94 3478 186 3520 ususe
202 3460 354 3519 concilium
377 3460 433 3518 hoo
454 3460 507 3517 sub
527 3459 607 3518 Julio
632 3457 657 3517 l.
679 3459 851 3517 celebratum
872 3470 926 3528 est,
949 3459 1108 3520 Constante
1133 3463 1287 3540 imperium

94 3567 218 3636 regente.
261 3555 369 3615 Sedulo
383 3554 615 3634 distinguendum
630 3563 674 3613 est
693 3555 728 3612 ab
749 3555 804 3612 alio
828 3555 884 3614 hoo
904 3556 1021 3615 nomine
1042 3557 1188 3637 insignito,
1211 3559 1287 3634 quod

96 3661 187 3714 temen
212 3653 420 3731 philippopoli,
448 3653 527 3729 (quta
554 3653 621 3713 urbs
643 3638 791 3729 interjectu
813 3654 918 3711 mentis
950 3673 967 3712 a
991 3654 1108 3714 Serdica
1127 3643 1287 3736 separatur)

99 3752 265 3812 oelebmtum
280 3760 333 3819 est,
349 3751 463 3809 Arianis
478 3751 624 3828 episcopis
639 3751 669 3809 in
684 3769 772 3809 unum
788 3751 1034 3811 convenientibus.

128 3848 305 3907 Conamen
315 3848 534 3907 OEcuuemottu
547 3847 586 3906 ΙΙ.
596 3857 761 3906 numeratur
770 3847 1160 3910 Coususuaruoroamnuuu
1172 3852 1207 3919 1.,
1217 3868 1293 3909 anno

91 3942 160 4013 381,
184 3943 354 4002 Theodosio
375 3944 488 4001 seniore
515 3944 665 4020 imperium
694 3953 816 4000 tenente.
859 3943 894 4002 ln
916 3964 950 4003 eo
973 3947 1135 4006 Macedonii
1157 3947 1286 4024 episcopi

79 4034 413 4117 donsantmopoliuni,
429 4040 477 4112 qui
493 4040 631 4117 Spiritum
647 4038 782 4097 Senatum
806 4038 900 4099 Deum
927 4059 993 4100 esse
1007 4038 1139 4120 negabat,
1155 4061 1233 4101 error
1247 4054 1294 4100 est

78 4129 252 4198 damonum
295 4135 392 4194 Coetui
416 4135 484 4194 huie
505 4137 707 4213 episcoporum
734 4135 923 4195 Orientalium
941 4139 1147 4206 tusscorum
1168 4138 1292 4197 Romani

77 4235 204 4296 aoncilii
215 4234 273 4293 snb
287 4233 414 4292 Damaso
429 4237 591 4301 auotoritas,
605 4232 680 4290 unde
695 4233 869 4292 oeeumeniei
885 4235 1000 4294 aorioilii
1015 4237 1072 4294 vim
1085 4236 1217 4294 obtinuit.

125 4334 306 4393 Cossutius
320 4330 375 4390 llI.
391 4331 622 4435 OEouuaurcus‚
638 4330 755 4388 Eanum
775 4330 946 4391 celebratum
961 4343 1005 4390 est
1019 4352 1092 4390 auno
1109 4336 1163 4391 431
1182 4334 1214 4390 S.
1232 4334 1297 4392 Cae·

77 4431 188 4490 esum
212 4428 362 4489 Pontifieis
385 4446 515 4496 assensu,
537 4398 596 4486 200
618 4427 803 4504 Episcopis
796 4446 824 4486 m
847 4447 935 4489 unum
950 4429 1196 4499 convenientibus,
1210 4431 1296 4508 juxta

77 4512 277 4588 ¹'heodosii
265 4526 390 4604 junioris
412 4526 558 4602 placitum.
601 4524 753 4585 Nestorius
775 4528 929 4603 episeopus
946 4502 1292 4606 constantinopolitanus,

77 4624 259 4687 {uiduae
250 4644 283 4685 m
303 4623 422 4683 Christo
447 4623 639 4702 distinguebat
661 4642 814 4700 personas,
836 4634 865 4683 et
886 4625 1046 4703 Virginem
1058 4626 1212 4705 Deiparam
1234 4646 1298 4687 esse

77 4724 224 4800 ¹‘gabat
243 4722 358 4784 Christi
378 4731 497 4783 matrem
518 4738 583 4782 eam
604 4733 712 4782 tantum
733 4721 934 4802 appellandam
954 4724 1145 4804 contendeus,
1159 4726 1234 4786 Sede
1249 4726 1296 4786 de·
