2798 5092
555 352 778 415 APPENDIX.

571 590 699 652 Securo
719 591 759 651 X.

109 747 178 804 118.
200 744 394 805 Bnnsorcrus
408 745 462 807 lv.
478 751 516 807 30
530 747 653 827 Augusti
666 749 712 808 die
724 767 798 809 anno
807 751 866 808 900
877 748 976 810 sedere
990 751 1096 830 coepit,
1109 751 1145 811 ad
1155 772 1261 814 annum

68 847 138 913 903,
164 863 265 904 mense
291 844 434 915 Octobris,
456 847 599 926 pontifex.
648 846 693 908 De
722 867 757 908 ee
781 847 857 927 apud
881 848 1071 930 Flodoardnm
1099 852 1267 931 scriptorem

66 939 175 1002 decimi
189 941 298 1010 saecnli,
313 941 437 1020 legitur:
585 946 588 951 ’

270 1110 290 1137 “
301 1100 430 1162 Praetulit
442 1101 491 1160 hic
504 1102 636 1180 generale
650 1103 757 1162 bonum
771 1103 852 1163 lucro
866 1093 995 1182 speciali,

181 1242 185 1255 ,
267 1199 426 1278 Despectas
440 1201 550 1271 viduas,
565 1203 678 1279 inopes,
693 1221 862 1276 vacuosque·
870 1203 1006 1280 patronis,

251 1298 392 1383 ¹Assidua
406 1307 438 1359 ut
450 1311 531 1360 natos
545 1301 677 1379 proprios
692 1301 815 1360 bonitate
826 1300 972 1361 lovebat.”

109 1456 178 1513 119.
201 1453 266 1513 1.οο
294 1455 334 1515 V.
355 1475 407 1534 per
428 1476 557 1517 mensem
578 1477 666 1518 unum
687 1468 715 1517 et
734 1459 796 1518 dies
814 1459 919 1538 viginti
939 1477 992 1519 sex
1012 1458 1109 1520 sedem
1132 1461 1265 1526 tenuits

64 1550 284 1630 christophoro
298 1555 476 1632 presbytero,
492 1556 542 1630 qui
556 1555 654 1616 sedem
669 1557 782 1625 invasit,
797 1557 828 1615 in
842 1576 983 1617 carcerem
998 1557 1101 1618 deinde
1117 1558 1260 1618 detrusus.

64 1648 130 1709 Hie
145 1659 213 1728 post
234 1660 345 1728 septem
362 1671 476 1712 menses
491 1655 679 1713 monasticum
694 1654 821 1716 habitum
837 1654 929 1714 induit
943 1666 1062 1733 cogente
1076 1657 1177 1734 Sergio
1192 1656 1259 1727 ΙΙΙ..

63 1736 120 1821 qui
135 1746 261 1807 Alberici
275 1748 447 1810 marchionis
461 1769 558 1829 opera,
573 1749 671 1811 sedem
686 1752 846 1829 occupavit,
859 1771 955 1826 quam,
970 1754 1112 1814 Formoso
1133 1754 1264 1824 sedente,

54 1843 143 1930 ¹olim
157 1843 313 1903 invaserat.

113 1943 183 2001 120.
206 1930 336 2000 Senarus
349 1940 416 2012 ΠΙ.,
430 1963 505 2004 anno
520 1948 589 2015 904,
601 1944 677 2005 sedit
689 1945 799 2005 aemulis
813 1945 954 2024 depulsis.
981 1967 983 1971 ⁴
1002 1947 1080 2026 Ejus
1102 1951 1272 2011 memoriam

63 2035 278 2115 Luitprandus,
293 2037 457 2100 Ticinensis
472 2041 596 2119 primum
608 2042 756 2110 diaconus,
766 2056 867 2120 postea
877 2042 1033 2120 episcopus
1047 2043 1270 2111 Cremonensis,

64 2129 243 2212 denigravit,
258 2153 345 2208 quem
358 2139 449 2197 secuti
463 2148 530 2198 sunt
542 2139 671 2216 plerique
686 2140 868 2199 recentiores.
902 2138 981 2198 Huic
997 2152 1095 2199 tamen
1109 2140 1199 2199 fidem
1212 2158 1272 2200 non

64 2231 159 2290 facile
174 2227 352 2293 tribuendam
365 2234 396 2294 in
409 2235 445 2293 iis
461 2237 696 2314 qure'respiciunt
710 2237 874 2314 pontifices,
889 2256 979 2311 quum
992 2256 1009 2297 e
1024 2239 1152 2316 partibus
1163 2233 1280 2297 Leonis¹

63 2331 162 2393 VIII.
178 2334 318 2412 antipapae
332 2336 451 2410 steterit,
465 2337 781 2413 monet-Muratorius.1
820 2336 999 2396 Flodoardus
1014 2338 1149 2414 Sergium
1166 2337 1275 2415 populo

63 2439 224 2510 acceptum
239 2424 303 2491 esse
317 2441 404 2502 notat,
419 2433 458 2492 ait
472 2435 549 2493 enim
564 2453 677 2493 coaevus
691 2434 739 2493 ille
753 2435 895 2511 scriptore
917 2444 938 2471 “
950 2434 1096 2511 Prolugus
1110 2435 1193 2494 latuit
1206 2453 1271 2511 sep·

63 2540 132 2589 tem
154 2528 333 2589 solventibus
358 2531 458 2590 annis:
481 2539 548 2590 tunc
571 2532 670 2609 populi
695 2549 825 2591 remeans
851 2532 983 2610 precibus
1009 2542 1137 2592 sacratur
1162 2533 1272 2592 honore

68 2624 193 2705 pridem
208 2627 363 2705 assignato,
379 2646 437 2703 quo
452 2630 570 2689 nomine
585 2635 683 2689 tertius
698 2631 790 2689 extitit
804 2629 967 2690 antistes.”³
986 2629 1176 2707 Epitaphium
1191 2632 1218 2688 ei
1238 2631 1269 2689 in

65 2724 227 2783 Vaticanis
241 2724 350 2785 aedibus
372 2726 442 2785 olim
457 2727 594 2804 positum,
610 2726 687 2809 quod
702 2726 821 2785 refertur
835 2728 865 2785 in
886 2727 1010 2786 Romani
1032 2726 1172 2786 Canonici
1189 2727 1274 2795 libro,

67 2823 127 2899 qui
144 2821 239 2882 Mnllii
253 2823 369 2883 nomine
384 2834 510 2893 secatum
525 2823 632 2883 saecnlo
646 2823 816 2883 duodecimo
831 2825 947 2908 scripto,
961 2824 1023 2882 hacc
1037 2824 1154 2883 habuit:
1171 2835 1190 2862 ‘⁶
1205 2825 1276 2882 Sus·

61 2920 184 2998 cipitur
199 2918 286 2998 Papa,
301 2932 409 2981 sacrata
430 2921 514 2999 plebe
528 2931 641 2999 recepta
666 2921 779 2999 gaudet.
822 2921 909 2980 Amat
930 2933 1027 2998 pastor
1041 2923 1155 2998 agmina
1175 2937 1277 2980 cuncte

64 3015 200 3078 simul.’'
235 3017 318 3076 Sedit
331 3017 366 3076 ad
381 3037 473 3092 usque
487 3037 592 3077 annum
608 3022 677 3077 911.
703 3017 814 3076 Dicitur
825 3019 993 3096 praedixisse
1006 3019 1038 3077 S.
1052 3018 1191 3078 Uldarico
1205 3018 1277 3076 elec·

64 3120 188 3178 tionem
203 3117 266 3194 ejus
281 3115 316 3174 ad
330 3117 529 3195 episcopatum
544 3119 755 3194 Augustanum.

117 3196 396 3273 serumserum
419 3215 639 3283 lII.snccessit,
661 3215 817 3290 sedemque
832 3213 922 3273 tenuit
942 3232 1034 3272 annos
1054 3212 1129 3272 dnos
1156 3225 1184 3271 et
1206 3211 1278 3270 duos

66 3329 207 3374 menses.
224 3314 351 3370 mortuus
366 3331 441 3372 anno
455 3315 525 3371 913.
568 3312 614 3371 Eo
636 3313 771 3390 pontifice
795 3311 957 3371 Normanni
971 3311 1004 3370 ad
1020 3311 1107 3370 fidem
1122 3321 1189 3369 sunt
1210 3329 1278 3369 con·

66 3409 167 3471 versi.
294 3461 295 3464 ,

85 3544 88 3551 ·
120 3508 330 3590 19310000,
348 3514 385 3569 16
399 3510 531 3570 Octobris
546 3514 604 3569 913
619 3521 739 3578 creatus,
754 3513 794 3568 96
808 3508 916 3586 Aprilis
929 3512 988 3566 914
1001 3507 1137 3566 decessit.

124 3611 196 3691 123.
213 3607 349 3667 Josnnns
364 3608 403 3667 X.
419 3610 513 3667 statim
526 3609 676 3667 successit.
697 3608 855 3665 Saracenos
867 3606 968 3666 Romae
983 3606 1164 3665 imminentes
1179 3603 1283 3681 repulit

64 3717 106 3767 et
121 3705 250 3764 devicit:
274 3705 478 3785 Berengarium
492 3707 639 3765 coronavit
652 3706 861 3782 imperatorem,
877 3715 906 3762 et
926 3705 1007 3781 plura
1028 3700 1083 3761 alia
1105 3703 1164 3780 egit
1179 3704 1208 3760 in
1225 3701 1283 3759 Ec·

66 3802 181 3864 clesiae
196 3801 354 3861 utilitatem.
396 3802 509 3861 Dicitur
529 3812 624 3860 tamen
639 3801 793 3878 Hugonem
810 3818 927 3876 puerum
944 3799 1170 3874 quinquennem,
1198 3795 1284 3853 Heri·

70 3900 160 3962 berti
189 3900 303 3958 comitis
325 3901 427 3968 filium,
456 3899 705 3977 archiepiscopum
734 3899 930 3957 themensem
952 3899 1129 3976 designasse,
1155 3908 1186 3952 ut
1210 3883 1283 3971 patri

64 4000 332 4076 morem'gereret.
354 3998 388 4057 ln
403 4016 545 4057 carcerem
560 3996 691 4056 detrusus
708 4014 782 4055 anno
798 3999 868 4063 928,
884 4005 904 4032 “
917 3996 962 4053 vel
973 3995 1011 4060 vi,
1025 3995 1069 4052 vel
1084 4005 1163 4051 actus
1179 4007 1284 4066 angore
1384 4070 1386 4075 Ι

62 4098 236 4158 defunctus
258 4096 331 4166 est,'’
355 4116 430 4156 anno
445 4098 585 4169 sequenti,
607 4105 638 4153 ut
658 4094 744 4152 refert
759 4092 948 4153 Flodoardus.
991 4093 1068 4151 Eum
1084 4091 1174 4146 “sive
1192 4106 1284 4146 sacro·
1380 4094 1385 4137 t

60 4207 191 4258 sanctae
206 4214 326 4255 summae
340 4197 483 4274 dignitatis
498 4195 684 4273 majestatem,
700 4193 745 4252 vel
766 4194 829 4270 ejus
851 4192 985 4270 praeclare
1011 4204 1074 4249 acta
1094 4190 1172 4249 omni
1193 4187 1284 4247 lt'aliae

83 4336 89 4343 ”
116 4357 158 4420 (1)
179 4352 352 4405 Insainlelici
363 4370 444 4406 rerum
454 4352 594 4405 conditione
606 4351 794 4417 quispartihus
805 4351 979 4416 imperatorum
996 4350 1153 4412 stabuntpro
1165 4345 1286 4413 pontilici-
1378 4362 1381 4367 ’

66 4439 133 4496 bns
144 4443 176 4492 ab
187 4441 249 4506 ipsis
257 4441 390 4504 designatis
400 4448 546 4507 pugnantes,
562 4447 647 4490 contre
658 4454 727 4488 veros
744 4437 882 4504 pontifices,
893 4437 961 4487 omni
978 4443 1028 4486 erte
1044 4435 1174 4486 studebant
1190 4433 1289 4485 emulo-

61 4539 141 4584 l'um
151 4537 177 4581 et
188 4529 297 4582 eliorum
307 4529 461 4581 adversarum
472 4529 578 4596 pertinm
589 4528 716 4592 denigrare
727 4527 828 4577 lumem.
845 4524 961 4576 Eminuit
971 4522 1139 4589 Luitprandns
1156 4522 1221 4574 inter
1232 4536 1288 4572 suo·

69 4625 153 4674 tores
162 4621 219 4672 illos
229 4618 368 4671 melodicos.

122 4711 161 4773 (2)
178 4707 264 4760 Germ.
275 4704 307 4756 ds
317 4704 387 4756 Rom.
399 4703 492 4755 Pontii.
503 4701 569 4769 opud
580 4700 742 4755 Muratorium
754 4700 847 4752 Annei.
858 4698 912 4750 Ital.
923 4704 940 4750 t.
953 4712 978 4749 v.
987 4695 1019 4748 sd
1030 4711 1124 4748 annum
1136 4696 1193 4747 904.
