<?xml version="1.0" encoding="UTF-8"?>
<!DOCTYPE html PUBLIC "-//W3C//DTD XHTML 1.0 Transitional//EN"
    "http://www.w3.org/TR/xhtml1/DTD/xhtml1-transitional.dtd">
<html xmlns="http://www.w3.org/1999/xhtml" xml:lang="en" lang="en">
 <head>
  <title>
</title>
<meta http-equiv="Content-Type" content="text/html;charset=utf-8" />
  <meta name='ocr-system' content='tesseract 3.04.00' />
  <meta name='ocr-capabilities' content='ocr_page ocr_carea ocr_par ocr_line ocrx_word'/>
</head>
<body>
  <div class='ocr_page' id='page_1' title='image "./theologidogmati02kenrgoog_0248.png"; bbox 0 0 2798 5092; ppageno 0'>
   <div class='ocr_carea' id='block_1_1' title="bbox 346 767 969 855">
    <p class='ocr_par' dir='ltr' id='par_1_1' title="bbox 346 767 969 855">
     <span class='ocr_line' id='line_1_1' title="bbox 346 767 969 855; baseline 0.014 -10"><span class='ocrx_word' id='word_1_1' title='bbox 346 767 787 853; x_wconf 73' lang='lat' dir='ltr'><strong>TRAOTATUS</strong></span> <span class='ocrx_word' id='word_1_2' title='bbox 834 773 969 855; x_wconf 89' lang='lat' dir='ltr'>XIX.</span> 
     </span>
    </p>
   </div>
   <div class='ocr_carea' id='block_1_2' title="bbox 172 1177 1153 1317">
    <p class='ocr_par' dir='ltr' id='par_1_2' title="bbox 140 1177 1153 1317">
     <span class='ocr_line' id='line_1_2' title="bbox 172 1177 1153 1317; baseline 0.017 -19.463"><span class='ocrx_word' id='word_1_3' title='bbox 172 1177 304 1301; x_wconf 83' lang='lat' dir='ltr'><strong>DE</strong></span> <span class='ocrx_word' id='word_1_4' title='bbox 373 1185 624 1309; x_wconf 82' lang='lat' dir='ltr'>VITA</span> <span class='ocrx_word' id='word_1_5' title='bbox 689 1186 1153 1317; x_wconf 82' lang='lat' dir='ltr'><strong>FUTURA.·</strong></span> 
     </span>
    </p>
   </div>
   <div class='ocr_carea' id='block_1_3' title="bbox 556 1910 745 1973">
    <p class='ocr_par' dir='ltr' id='par_1_3' title="bbox 556 1910 745 1973">
     <span class='ocr_line' id='line_1_3' title="bbox 556 1910 745 1973; baseline 0 -3"><span class='ocrx_word' id='word_1_6' title='bbox 556 1910 699 1973; x_wconf 81' lang='lat' dir='ltr'>CAPUT</span> <span class='ocrx_word' id='word_1_7' title='bbox 720 1912 745 1971; x_wconf 93' lang='grc' dir='ltr'><strong>Ι.</strong></span> 
     </span>
    </p>
   </div>
   <div class='ocr_carea' id='block_1_4' title="bbox 300 2218 1006 2280">
    <p class='ocr_par' dir='ltr' id='par_1_4' title="bbox 300 2218 1006 2280">
     <span class='ocr_line' id='line_1_4' title="bbox 300 2218 1006 2280; baseline -0.017 1"><span class='ocrx_word' id='word_1_8' title='bbox 300 2226 356 2279; x_wconf 80' lang='lat' dir='ltr'><strong>DE</strong></span> <span class='ocrx_word' id='word_1_9' title='bbox 392 2220 739 2280; x_wconf 71' lang='lat' dir='ltr'><strong>nunuwuuruu</strong></span> <span class='ocrx_word' id='word_1_10' title='bbox 775 2218 1006 2271; x_wconf 78' lang='lat' dir='ltr'><strong>AE&#39;I&#39;ERNA.</strong></span> 
     </span>
    </p>
   </div>
   <div class='ocr_carea' id='block_1_5' title="bbox 62 2442 1281 4376">
    <p class='ocr_par' dir='ltr' id='par_1_5' title="bbox 62 2442 1281 4376">
     <span class='ocr_line' id='line_1_5' title="bbox 103 2442 1246 2513; baseline -0.009 -1"><span class='ocrx_word' id='word_1_11' title='bbox 103 2450 125 2507; x_wconf 86' lang='lat' dir='ltr'><strong>l·</strong></span> <span class='ocrx_word' id='word_1_12' title='bbox 145 2451 299 2513; x_wconf 76' lang='lat' dir='ltr'><strong>Hominem</strong></span> <span class='ocrx_word' id='word_1_13' title='bbox 315 2472 352 2512; x_wconf 87' lang='lat' dir='ltr'><strong>ex</strong></span> <span class='ocrx_word' id='word_1_14' title='bbox 367 2471 426 2511; x_wconf 80' lang='lat' dir='ltr'><strong>suae</strong></span> <span class='ocrx_word' id='word_1_15' title='bbox 440 2461 546 2511; x_wconf 80' lang='lat' dir='ltr'><strong>naluroe</strong></span> <span class='ocrx_word' id='word_1_16' title='bbox 561 2449 726 2510; x_wconf 83' lang='lat' dir='ltr'><strong>conditione</strong></span> <span class='ocrx_word' id='word_1_17' title='bbox 739 2447 902 2507; x_wconf 78' lang='lat' dir='ltr'><strong>necessario</strong></span> <span class='ocrx_word' id='word_1_18' title='bbox 917 2447 947 2506; x_wconf 91' lang='lat' dir='ltr'><strong>in</strong></span> <span class='ocrx_word' id='word_1_19' title='bbox 961 2443 1166 2507; x_wconf 77' lang='lat' dir='ltr'><strong>beatitudinem</strong></span> <span class='ocrx_word' id='word_1_20' title='bbox 1180 2442 1246 2502; x_wconf 81' lang='lat' dir='ltr'><strong>sorni</strong></span> 
     </span>
     <span class='ocr_line' id='line_1_6' title="bbox 71 2541 1245 2628; baseline -0.014 -12"><span class='ocrx_word' id='word_1_21' title='bbox 71 2541 157 2621; x_wconf 54' lang='lat' dir='ltr'><strong>lique„</strong></span> <span class='ocrx_word' id='word_1_22' title='bbox 177 2570 301 2627; x_wconf 81' lang='lat' dir='ltr'><strong>eumque</strong></span> <span class='ocrx_word' id='word_1_23' title='bbox 316 2553 345 2610; x_wconf 91' lang='lat' dir='ltr'><strong>in</strong></span> <span class='ocrx_word' id='word_1_24' title='bbox 359 2552 414 2610; x_wconf 81' lang='lat' dir='ltr'><strong>hoc</strong></span> <span class='ocrx_word' id='word_1_25' title='bbox 427 2551 486 2609; x_wconf 82' lang='lat' dir='ltr'><strong>vita</strong></span> <span class='ocrx_word' id='word_1_26' title='bbox 497 2551 604 2628; x_wconf 78' lang='lat' dir='ltr'><strong>cuspius</strong></span> <span class='ocrx_word' id='word_1_27' title='bbox 619 2548 768 2618; x_wconf 82' lang='lat' dir='ltr'><strong>miserum,</strong></span> <span class='ocrx_word' id='word_1_28' title='bbox 778 2557 932 2625; x_wconf 80' lang='lat' dir='ltr'><strong>postquam</strong></span> <span class='ocrx_word' id='word_1_29' title='bbox 942 2546 1071 2623; x_wconf 86' lang='lat' dir='ltr'><strong>corporis</strong></span> <span class='ocrx_word' id='word_1_30' title='bbox 1086 2545 1245 2616; x_wconf 74' lang='lat' dir='ltr'><strong>animaeque</strong></span> 
     </span>
     <span class='ocr_line' id='line_1_7' title="bbox 71 2639 1246 2719; baseline -0.007 -13"><span class='ocrx_word' id='word_1_31' title='bbox 71 2658 143 2707; x_wconf 72' lang='lat' dir='ltr'><strong>nexus</strong></span> <span class='ocrx_word' id='word_1_32' title='bbox 156 2660 247 2710; x_wconf 83' lang='lat' dir='ltr'><strong>morto</strong></span> <span class='ocrx_word' id='word_1_33' title='bbox 261 2650 345 2709; x_wconf 85' lang='lat' dir='ltr'><strong>fuerit</strong></span> <span class='ocrx_word' id='word_1_34' title='bbox 365 2649 485 2719; x_wconf 77' lang='lat' dir='ltr'><strong>solutus,</strong></span> <span class='ocrx_word' id='word_1_35' title='bbox 501 2650 612 2708; x_wconf 77' lang='lat' dir='ltr'><strong>boatum</strong></span> <span class='ocrx_word' id='word_1_36' title='bbox 635 2646 748 2706; x_wconf 79' lang='lat' dir='ltr'><strong>tandem</strong></span> <span class='ocrx_word' id='word_1_37' title='bbox 769 2646 841 2714; x_wconf 83' lang='lat' dir='ltr'><strong>sors,</strong></span> <span class='ocrx_word' id='word_1_38' title='bbox 856 2646 881 2703; x_wconf 94' lang='lat' dir='ltr'><strong>si</strong></span> <span class='ocrx_word' id='word_1_39' title='bbox 896 2645 960 2705; x_wconf 86' lang='lat' dir='ltr'><strong>Doo</strong></span> <span class='ocrx_word' id='word_1_40' title='bbox 974 2643 1096 2702; x_wconf 83' lang='lat' dir='ltr'><strong>fideliler</strong></span> <span class='ocrx_word' id='word_1_41' title='bbox 1108 2641 1193 2701; x_wconf 79' lang='lat' dir='ltr'><strong>luerit</strong></span> <span class='ocrx_word' id='word_1_42' title='bbox 1207 2639 1246 2698; x_wconf 83' lang='lat' dir='ltr'><strong>la·</strong></span> 
     </span>
     <span class='ocr_line' id='line_1_8' title="bbox 71 2740 1247 2824; baseline -0.006 -21"><span class='ocrx_word' id='word_1_43' title='bbox 71 2742 182 2817; x_wconf 73' lang='lat' dir='ltr'><strong>orlatus,</strong></span> <span class='ocrx_word' id='word_1_44' title='bbox 197 2746 269 2806; x_wconf 82' lang='lat' dir='ltr'><strong>fides</strong></span> <span class='ocrx_word' id='word_1_45' title='bbox 291 2746 383 2807; x_wconf 84' lang='lat' dir='ltr'><strong>docet.</strong></span> <span class='ocrx_word' id='word_1_46' title='bbox 425 2746 499 2805; x_wconf 78' lang='lat' dir='ltr'><strong>Hac</strong></span> <span class='ocrx_word' id='word_1_47' title='bbox 513 2744 579 2805; x_wconf 77' lang='lat' dir='ltr'><strong>sord</strong></span> <span class='ocrx_word' id='word_1_48' title='bbox 602 2747 745 2824; x_wconf 84' lang='lat' dir='ltr'><strong>justorum</strong></span> <span class='ocrx_word' id='word_1_49' title='bbox 768 2742 887 2801; x_wconf 75' lang='lat' dir='ltr'><strong>felicitas</strong></span> <span class='ocrx_word' id='word_1_50' title='bbox 910 2743 941 2800; x_wconf 93' lang='lat' dir='ltr'><strong>in</strong></span> <span class='ocrx_word' id='word_1_51' title='bbox 954 2740 1033 2800; x_wconf 88' lang='lat' dir='ltr'><strong>nulla</strong></span> <span class='ocrx_word' id='word_1_52' title='bbox 1046 2756 1183 2798; x_wconf 81' lang='lat' dir='ltr'><strong>sensuum</strong></span> <span class='ocrx_word' id='word_1_53' title='bbox 1199 2755 1247 2796; x_wconf 86' lang='lat' dir='ltr'><strong>vo·</strong></span> 
     </span>
     <span class='ocr_line' id='line_1_9' title="bbox 70 2830 1249 2920; baseline -0.007 -18"><span class='ocrx_word' id='word_1_54' title='bbox 70 2833 165 2916; x_wconf 73' lang='lat' dir='ltr'><strong>lupulo,</strong></span> <span class='ocrx_word' id='word_1_55' title='bbox 180 2844 260 2920; x_wconf 89' lang='lat' dir='ltr'><strong>quali</strong></span> <span class='ocrx_word' id='word_1_56' title='bbox 275 2844 324 2903; x_wconf 91' lang='lat' dir='ltr'><strong>hic</strong></span> <span class='ocrx_word' id='word_1_57' title='bbox 337 2844 467 2912; x_wconf 81' lang='lat' dir='ltr'><strong>fruimur,</strong></span> <span class='ocrx_word' id='word_1_58' title='bbox 483 2843 539 2901; x_wconf 85' lang='lat' dir='ltr'><strong>sita</strong></span> <span class='ocrx_word' id='word_1_59' title='bbox 553 2830 607 2911; x_wconf 81' lang='lat' dir='ltr'><strong>cst,</strong></span> <span class='ocrx_word' id='word_1_60' title='bbox 623 2840 674 2899; x_wconf 83' lang='lat' dir='ltr'><strong>ssd</strong></span> <span class='ocrx_word' id='word_1_61' title='bbox 689 2849 710 2879; x_wconf 78' lang='lat'><strong>‘⁸</strong></span> <span class='ocrx_word' id='word_1_62' title='bbox 722 2839 858 2918; x_wconf 89' lang='lat' dir='ltr'><strong>gaudium</strong></span> <span class='ocrx_word' id='word_1_63' title='bbox 873 2836 1020 2897; x_wconf 89' lang='lat' dir='ltr'><strong>Domini”</strong></span> <span class='ocrx_word' id='word_1_64' title='bbox 1033 2846 1087 2906; x_wconf 88' lang='lat' dir='ltr'><strong>est,</strong></span> <span class='ocrx_word' id='word_1_65' title='bbox 1102 2835 1181 2910; x_wconf 90' lang='lat' dir='ltr'><strong>quod</strong></span> <span class='ocrx_word' id='word_1_66' title='bbox 1194 2834 1249 2894; x_wconf 87' lang='lat' dir='ltr'><strong>soi·</strong></span> 
     </span>
     <span class='ocr_line' id='line_1_10' title="bbox 69 2936 1245 3024; baseline 0.005 -27"><span class='ocrx_word' id='word_1_67' title='bbox 69 2936 118 3004; x_wconf 82' lang='lat' dir='ltr'><strong>licet</strong></span> <span class='ocrx_word' id='word_1_68' title='bbox 130 2945 209 3007; x_wconf 83' lang='lat' dir='ltr'><strong>Deus</strong></span> <span class='ocrx_word' id='word_1_69' title='bbox 223 2946 280 3007; x_wconf 88' lang='lat' dir='ltr'><strong>illis</strong></span> <span class='ocrx_word' id='word_1_70' title='bbox 294 2948 420 3024; x_wconf 78' lang='lat' dir='ltr'><strong>largitur,</strong></span> <span class='ocrx_word' id='word_1_71' title='bbox 436 2957 558 3006; x_wconf 81' lang='lat' dir='ltr'><strong>torrento</strong></span> <span class='ocrx_word' id='word_1_72' title='bbox 573 2945 725 3023; x_wconf 82' lang='lat' dir='ltr'><strong>voluptatis</strong></span> <span class='ocrx_word' id='word_1_73' title='bbox 746 2962 805 3002; x_wconf 78' lang='lat' dir='ltr'><strong>suae</strong></span> <span class='ocrx_word' id='word_1_74' title='bbox 820 2951 922 3021; x_wconf 86' lang='lat' dir='ltr'><strong>potans</strong></span> <span class='ocrx_word' id='word_1_75' title='bbox 936 2962 998 3002; x_wconf 85' lang='lat' dir='ltr'><strong>cos.</strong></span> <span class='ocrx_word' id='word_1_76' title='bbox 1038 2943 1073 3002; x_wconf 92' lang='lat' dir='ltr'><strong>Iu</strong></span> <span class='ocrx_word' id='word_1_77' title='bbox 1088 2944 1180 3021; x_wconf 91' lang='lat' dir='ltr'><strong>ipsius</strong></span> <span class='ocrx_word' id='word_1_78' title='bbox 1195 2963 1245 3003; x_wconf 91' lang='lat' dir='ltr'><strong>no·</strong></span> 
     </span>
     <span class='ocr_line' id='line_1_11' title="bbox 68 3037 1243 3122; baseline -0.003 -19"><span class='ocrx_word' id='word_1_79' title='bbox 68 3037 120 3113; x_wconf 76' lang='lat' dir='ltr'><strong>litia,</strong></span> <span class='ocrx_word' id='word_1_80' title='bbox 146 3055 175 3105; x_wconf 87' lang='lat' dir='ltr'><strong>et</strong></span> <span class='ocrx_word' id='word_1_81' title='bbox 202 3046 357 3113; x_wconf 76' lang='lat' dir='ltr'><strong>manifesta¹</strong></span> <span class='ocrx_word' id='word_1_82' title='bbox 378 3045 618 3122; x_wconf 81' lang='lat' dir='ltr'>contemplatione</span> <span class='ocrx_word' id='word_1_83' title='bbox 646 3062 700 3102; x_wconf 89' lang='lat' dir='ltr'><strong>seu</strong></span> <span class='ocrx_word' id='word_1_84' title='bbox 727 3042 849 3110; x_wconf 80' lang='lat' dir='ltr'><strong>visione,</strong></span> <span class='ocrx_word' id='word_1_85' title='bbox 877 3050 936 3101; x_wconf 87' lang='lat' dir='ltr'><strong>tota</strong></span> <span class='ocrx_word' id='word_1_86' title='bbox 960 3043 1128 3120; x_wconf 86' lang='lat' dir='ltr'><strong>rsponitur;</strong></span> <span class='ocrx_word' id='word_1_87' title='bbox 1151 3062 1243 3111; x_wconf 88' lang='lat' dir='ltr'><strong>mens,</strong></span> 
     </span>
     <span class='ocr_line' id='line_1_12' title="bbox 67 3139 1245 3221; baseline 0.001 -22"><span class='ocrx_word' id='word_1_88' title='bbox 67 3140 166 3212; x_wconf 75' lang='lat' dir='ltr'><strong>scilicet,</strong></span> <span class='ocrx_word' id='word_1_89' title='bbox 181 3143 280 3204; x_wconf 76' lang='lat' dir='ltr'><strong>divium</strong></span> <span class='ocrx_word' id='word_1_90' title='bbox 306 3145 443 3205; x_wconf 75' lang='lat' dir='ltr'><strong>illustrata</strong></span> <span class='ocrx_word' id='word_1_91' title='bbox 463 3143 582 3212; x_wconf 88' lang='lat' dir='ltr'><strong>lumine,</strong></span> <span class='ocrx_word' id='word_1_92' title='bbox 610 3141 715 3201; x_wconf 82' lang='lat' dir='ltr'><strong>claram</strong></span> <span class='ocrx_word' id='word_1_93' title='bbox 737 3139 875 3200; x_wconf 75' lang='lat' dir='ltr'>Numinis</span> <span class='ocrx_word' id='word_1_94' title='bbox 896 3140 1089 3221; x_wconf 79' lang='lat' dir='ltr'><strong>cognitionem</strong></span> <span class='ocrx_word' id='word_1_95' title='bbox 1112 3140 1245 3218; x_wconf 82' lang='lat' dir='ltr'><strong>adipisci·</strong></span> 
     </span>
     <span class='ocr_line' id='line_1_13' title="bbox 66 3238 1244 3319; baseline 0.003 -24"><span class='ocrx_word' id='word_1_96' title='bbox 66 3244 107 3308; x_wconf 75' lang='lat' dir='ltr'><strong>tur,</strong></span> <span class='ocrx_word' id='word_1_97' title='bbox 119 3261 173 3316; x_wconf 89' lang='lat' dir='ltr'><strong>qna</strong></span> <span class='ocrx_word' id='word_1_98' title='bbox 187 3242 220 3300; x_wconf 77' lang='lat' dir='ltr'><strong>fit</strong></span> <span class='ocrx_word' id='word_1_99' title='bbox 233 3261 345 3302; x_wconf 89' lang='lat' dir='ltr'><strong>summe</strong></span> <span class='ocrx_word' id='word_1_100' title='bbox 359 3244 450 3311; x_wconf 79' lang='lat' dir='ltr'><strong>beata,</strong></span> <span class='ocrx_word' id='word_1_101' title='bbox 472 3242 535 3319; x_wconf 84' lang='lat' dir='ltr'><strong>ejus</strong></span> <span class='ocrx_word' id='word_1_102' title='bbox 561 3240 716 3318; x_wconf 87' lang='lat' dir='ltr'><strong>purissimo</strong></span> <span class='ocrx_word' id='word_1_103' title='bbox 739 3258 835 3299; x_wconf 88' lang='lat' dir='ltr'><strong>amors</strong></span> <span class='ocrx_word' id='word_1_104' title='bbox 859 3238 993 3318; x_wconf 86' lang='lat' dir='ltr'><strong>flagrans,</strong></span> <span class='ocrx_word' id='word_1_105' title='bbox 1008 3248 1037 3298; x_wconf 78' lang='lat' dir='ltr'><strong>ct</strong></span> <span class='ocrx_word' id='word_1_106' title='bbox 1049 3240 1079 3299; x_wconf 93' lang='lat' dir='ltr'><strong>in</strong></span> <span class='ocrx_word' id='word_1_107' title='bbox 1094 3258 1159 3299; x_wconf 88' lang='lat' dir='ltr'><strong>sum</strong></span> <span class='ocrx_word' id='word_1_108' title='bbox 1175 3257 1244 3314; x_wconf 90' lang='lat' dir='ltr'><strong>quo-</strong></span> 
     </span>
     <span class='ocr_line' id='line_1_14' title="bbox 66 3326 1281 3417; baseline 0.001 -20"><span class='ocrx_word' id='word_1_109' title='bbox 66 3327 304 3416; x_wconf 35' lang='lat' dir='ltr'><strong>dammodo‘rapla,</strong></span> <span class='ocrx_word' id='word_1_110' title='bbox 320 3340 390 3399; x_wconf 87' lang='lat' dir='ltr'><strong>adso</strong></span> <span class='ocrx_word' id='word_1_111' title='bbox 405 3341 477 3399; x_wconf 87' lang='lat' dir='ltr'><strong>otei</strong></span> <span class='ocrx_word' id='word_1_112' title='bbox 492 3326 596 3399; x_wconf 91' lang='lat' dir='ltr'><strong>similis</strong></span> <span class='ocrx_word' id='word_1_113' title='bbox 618 3339 664 3397; x_wconf 89' lang='lat' dir='ltr'><strong>sit.</strong></span> <span class='ocrx_word' id='word_1_114' title='bbox 707 3336 878 3396; x_wconf 84' lang='lat' dir='ltr'><strong>“Videmus</strong></span> <span class='ocrx_word' id='word_1_115' title='bbox 891 3356 966 3397; x_wconf 89' lang='lat' dir='ltr'><strong>nunc</strong></span> <span class='ocrx_word' id='word_1_116' title='bbox 981 3358 1032 3417; x_wconf 86' lang='lat' dir='ltr'><strong>por</strong></span> <span class='ocrx_word' id='word_1_117' title='bbox 1046 3339 1195 3417; x_wconf 81' lang='lat' dir='ltr'><strong>speculum</strong></span> <span class='ocrx_word' id='word_1_118' title='bbox 1213 3339 1244 3398; x_wconf 91' lang='lat' dir='ltr'><strong>in</strong></span> <span class='ocrx_word' id='word_1_119' title='bbox 1277 3402 1281 3409; x_wconf 53' lang='grc'>,</span> 
     </span>
     <span class='ocr_line' id='line_1_15' title="bbox 66 3436 1244 3516; baseline 0.003 -22"><span class='ocrx_word' id='word_1_120' title='bbox 66 3437 216 3516; x_wconf 77' lang='lat' dir='ltr'><strong>aeuigmate:</strong></span> <span class='ocrx_word' id='word_1_121' title='bbox 239 3449 307 3497; x_wconf 85' lang='lat' dir='ltr'><strong>tunc</strong></span> <span class='ocrx_word' id='word_1_122' title='bbox 322 3450 415 3498; x_wconf 84' lang='lat' dir='ltr'><strong>autem</strong></span> <span class='ocrx_word' id='word_1_123' title='bbox 430 3438 501 3497; x_wconf 80' lang='lat' dir='ltr'><strong>lucie</strong></span> <span class='ocrx_word' id='word_1_124' title='bbox 527 3437 562 3497; x_wconf 88' lang='lat' dir='ltr'><strong>ad</strong></span> <span class='ocrx_word' id='word_1_125' title='bbox 584 3438 697 3497; x_wconf 87' lang='lat' dir='ltr'><strong>facicm.</strong></span> <span class='ocrx_word' id='word_1_126' title='bbox 739 3436 827 3495; x_wconf 91' lang='lat' dir='ltr'><strong>Nunc</strong></span> <span class='ocrx_word' id='word_1_127' title='bbox 846 3455 990 3515; x_wconf 79' lang='lat' dir='ltr'><strong>cognosco</strong></span> <span class='ocrx_word' id='word_1_128' title='bbox 1004 3457 1041 3496; x_wconf 85' lang='lat' dir='ltr'><strong>ex</strong></span> <span class='ocrx_word' id='word_1_129' title='bbox 1056 3449 1154 3515; x_wconf 79' lang='lat' dir='ltr'><strong>parte:</strong></span> <span class='ocrx_word' id='word_1_130' title='bbox 1177 3451 1244 3499; x_wconf 80' lang='lat' dir='ltr'><strong>tuuc</strong></span> 
     </span>
     <span class='ocr_line' id='line_1_16' title="bbox 65 3522 1247 3615; baseline 0.006 -23"><span class='ocrx_word' id='word_1_131' title='bbox 65 3543 143 3596; x_wconf 79' lang='lat' dir='ltr'><strong>autem</strong></span> <span class='ocrx_word' id='word_1_132' title='bbox 156 3556 342 3615; x_wconf 79' lang='lat' dir='ltr'><strong>cognoscam,</strong></span> <span class='ocrx_word' id='word_1_133' title='bbox 357 3537 432 3595; x_wconf 86' lang='lat' dir='ltr'><strong>sicut</strong></span> <span class='ocrx_word' id='word_1_134' title='bbox 445 3547 475 3596; x_wconf 82' lang='lat' dir='ltr'><strong>cl</strong></span> <span class='ocrx_word' id='word_1_135' title='bbox 487 3537 618 3614; x_wconf 85' lang='lat' dir='ltr'><strong>cognitus</strong></span> <span class='ocrx_word' id='word_1_136' title='bbox 636 3533 749 3595; x_wconf 84' lang='lat' dir='ltr'><strong>sum.&#39;’¹</strong></span> <span class='ocrx_word' id='word_1_137' title='bbox 791 3543 810 3571; x_wconf 77' lang='lat'><strong>‘⁶</strong></span> <span class='ocrx_word' id='word_1_138' title='bbox 824 3533 912 3594; x_wconf 90' lang='lat' dir='ltr'><strong>Nunc</strong></span> <span class='ocrx_word' id='word_1_139' title='bbox 935 3535 987 3595; x_wconf 90' lang='lat' dir='ltr'><strong>filii</strong></span> <span class='ocrx_word' id='word_1_140' title='bbox 1001 3536 1058 3594; x_wconf 89' lang='lat' dir='ltr'><strong>Dei</strong></span> <span class='ocrx_word' id='word_1_141' title='bbox 1072 3522 1194 3608; x_wconf 77' lang='lat' dir='ltr'><strong>sumus;</strong></span> <span class='ocrx_word' id='word_1_142' title='bbox 1216 3546 1247 3599; x_wconf 80' lang='lat' dir='ltr'><strong>et</strong></span> 
     </span>
     <span class='ocr_line' id='line_1_17' title="bbox 62 3621 1243 3714; baseline 0.011 -29"><span class='ocrx_word' id='word_1_143' title='bbox 62 3632 172 3694; x_wconf 91' lang='lat' dir='ltr'><strong>nondum</strong></span> <span class='ocrx_word' id='word_1_144' title='bbox 187 3621 318 3714; x_wconf 75' lang='lat' dir='ltr'><strong>apparuit</strong></span> <span class='ocrx_word' id='word_1_145' title='bbox 338 3634 406 3708; x_wconf 89' lang='lat' dir='ltr'><strong>quid</strong></span> <span class='ocrx_word' id='word_1_146' title='bbox 427 3635 545 3694; x_wconf 90' lang='lat' dir='ltr'><strong>crimus.</strong></span> <span class='ocrx_word' id='word_1_147' title='bbox 587 3634 703 3692; x_wconf 81' lang='lat' dir='ltr'><strong>Scimus</strong></span> <span class='ocrx_word' id='word_1_148' title='bbox 715 3633 929 3707; x_wconf 88' lang='lat' dir='ltr'><strong>quoniamcum</strong></span> <span class='ocrx_word' id='word_1_149' title='bbox 946 3638 1119 3712; x_wconf 81' lang='lat' dir='ltr'><strong>apparuerit,</strong></span> <span class='ocrx_word' id='word_1_150' title='bbox 1133 3638 1243 3698; x_wconf 88' lang='lat' dir='ltr'><strong>similos</strong></span> 
     </span>
     <span class='ocr_line' id='line_1_18' title="bbox 64 3727 1245 3805; baseline 0.006 -19"><span class='ocrx_word' id='word_1_151' title='bbox 64 3727 85 3782; x_wconf 79' lang='lat' dir='ltr'><strong>ei</strong></span> <span class='ocrx_word' id='word_1_152' title='bbox 96 3732 215 3790; x_wconf 85' lang='lat' dir='ltr'><strong>crimus:</strong></span> <span class='ocrx_word' id='word_1_153' title='bbox 239 3731 374 3805; x_wconf 92' lang='lat' dir='ltr'><strong>quoniam</strong></span> <span class='ocrx_word' id='word_1_154' title='bbox 390 3731 549 3790; x_wconf 83' lang='lat' dir='ltr'><strong>videbimus</strong></span> <span class='ocrx_word' id='word_1_155' title='bbox 563 3748 630 3789; x_wconf 83' lang='lat' dir='ltr'><strong>cum</strong></span> <span class='ocrx_word' id='word_1_156' title='bbox 642 3731 726 3789; x_wconf 85' lang='lat' dir='ltr'><strong>sicuti</strong></span> <span class='ocrx_word' id='word_1_157' title='bbox 736 3729 825 3788; x_wconf 75' lang='lat' dir='ltr'><strong>esl.&#39;’⁹</strong></span> <span class='ocrx_word' id='word_1_158' title='bbox 865 3740 885 3768; x_wconf 77' lang='lat'><strong>‘⁶</strong></span> <span class='ocrx_word' id='word_1_159' title='bbox 899 3732 1012 3799; x_wconf 84' lang='lat' dir='ltr'><strong>Quanta</strong></span> <span class='ocrx_word' id='word_1_160' title='bbox 1025 3734 1079 3793; x_wconf 82' lang='lat' dir='ltr'><strong>crit</strong></span> <span class='ocrx_word' id='word_1_161' title='bbox 1094 3735 1144 3794; x_wconf 83' lang='lat' dir='ltr'><strong>illc</strong></span> <span class='ocrx_word' id='word_1_162' title='bbox 1155 3736 1245 3795; x_wconf 84' lang='lat' dir='ltr'><strong>fclici-</strong></span> 
     </span>
     <span class='ocr_line' id='line_1_19' title="bbox 65 3827 1244 3907; baseline 0.008 -26"><span class='ocrx_word' id='word_1_163' title='bbox 65 3827 125 3893; x_wconf 79' lang='lat' dir='ltr'><strong>las‚’&#39;</strong></span> <span class='ocrx_word' id='word_1_164' title='bbox 145 3830 246 3888; x_wconf 73' lang='lat' dir='ltr'><strong>merito</strong></span> <span class='ocrx_word' id='word_1_165' title='bbox 260 3829 401 3887; x_wconf 81' lang='lat' dir='ltr'><strong>exclamat</strong></span> <span class='ocrx_word' id='word_1_166' title='bbox 415 3828 602 3907; x_wconf 82' lang='lat' dir='ltr'><strong>Augustinus,</strong></span> <span class='ocrx_word' id='word_1_167' title='bbox 624 3837 644 3866; x_wconf 78' lang='lat'><strong>‘⁴</strong></span> <span class='ocrx_word' id='word_1_168' title='bbox 657 3828 705 3887; x_wconf 92' lang='lat' dir='ltr'><strong>ubi</strong></span> <span class='ocrx_word' id='word_1_169' title='bbox 720 3828 831 3887; x_wconf 89' lang='lat' dir='ltr'><strong>nullum</strong></span> <span class='ocrx_word' id='word_1_170' title='bbox 853 3829 906 3888; x_wconf 80' lang='lat' dir='ltr'><strong>crit</strong></span> <span class='ocrx_word' id='word_1_171' title='bbox 920 3830 1037 3899; x_wconf 85' lang='lat' dir='ltr'><strong>malum,</strong></span> <span class='ocrx_word' id='word_1_172' title='bbox 1052 3832 1162 3893; x_wconf 87' lang='lat' dir='ltr'><strong>nullum</strong></span> <span class='ocrx_word' id='word_1_173' title='bbox 1176 3832 1244 3891; x_wconf 83' lang='lat' dir='ltr'><strong>late·</strong></span> 
     </span>
     <span class='ocr_line' id='line_1_20' title="bbox 64 3919 1241 4010; baseline 0.008 -30"><span class='ocrx_word' id='word_1_174' title='bbox 64 3919 216 3996; x_wconf 76' lang='lat' dir='ltr'><strong>bubonum,</strong></span> <span class='ocrx_word' id='word_1_175' title='bbox 232 3927 376 3985; x_wconf 85' lang='lat' dir='ltr'><strong>vacabitur</strong></span> <span class='ocrx_word' id='word_1_176' title='bbox 391 3927 446 3985; x_wconf 86' lang='lat' dir='ltr'><strong>Dei</strong></span> <span class='ocrx_word' id='word_1_177' title='bbox 460 3926 603 3996; x_wconf 84' lang='lat' dir='ltr'><strong>laudibus,</strong></span> <span class='ocrx_word' id='word_1_178' title='bbox 619 3928 668 4002; x_wconf 92' lang='lat' dir='ltr'><strong>qui</strong></span> <span class='ocrx_word' id='word_1_179' title='bbox 683 3927 736 3985; x_wconf 86' lang='lat' dir='ltr'><strong>erit</strong></span> <span class='ocrx_word' id='word_1_180' title='bbox 749 3927 846 3985; x_wconf 87' lang='lat' dir='ltr'><strong>omnia</strong></span> <span class='ocrx_word' id='word_1_181' title='bbox 859 3928 889 3986; x_wconf 91' lang='lat' dir='ltr'><strong>in</strong></span> <span class='ocrx_word' id='word_1_182' title='bbox 904 3930 1057 3990; x_wconf 88' lang='lat' dir='ltr'><strong>omnibus!</strong></span> <span class='ocrx_word' id='word_1_183' title='bbox 1080 3973 1088 3990; x_wconf 90' lang='lat'><strong>.</strong></span> <span class='ocrx_word' id='word_1_184' title='bbox 1110 3974 1118 3990; x_wconf 88' lang='lat'><strong>.</strong></span> <span class='ocrx_word' id='word_1_185' title='bbox 1143 3973 1150 3990; x_wconf 89' lang='lat'><strong>.</strong></span> <span class='ocrx_word' id='word_1_186' title='bbox 1173 3932 1241 4010; x_wconf 89' lang='lat' dir='ltr'><strong>lpse</strong></span> 
     </span>
     <span class='ocr_line' id='line_1_21' title="bbox 66 4016 1242 4098; baseline 0.013 -23"><span class='ocrx_word' id='word_1_187' title='bbox 66 4016 117 4078; x_wconf 84' lang='lat' dir='ltr'><strong>luis</strong></span> <span class='ocrx_word' id='word_1_188' title='bbox 130 4024 181 4082; x_wconf 85' lang='lat' dir='ltr'><strong>erit</strong></span> <span class='ocrx_word' id='word_1_189' title='bbox 208 4023 415 4083; x_wconf 86' lang='lat' dir='ltr'><strong>desideriorum</strong></span> <span class='ocrx_word' id='word_1_190' title='bbox 443 4035 616 4094; x_wconf 87' lang='lat' dir='ltr'><strong>nostrorum,</strong></span> <span class='ocrx_word' id='word_1_191' title='bbox 641 4024 691 4098; x_wconf 90' lang='lat' dir='ltr'><strong>qui</strong></span> <span class='ocrx_word' id='word_1_192' title='bbox 714 4025 777 4082; x_wconf 83' lang='lat' dir='ltr'><strong>sius</strong></span> <span class='ocrx_word' id='word_1_193' title='bbox 802 4023 1024 4094; x_wconf 81' lang='lat' dir='ltr'><strong>finovidcbitur,</strong></span> <span class='ocrx_word' id='word_1_194' title='bbox 1047 4028 1109 4086; x_wconf 84' lang='lat' dir='ltr'><strong>sine</strong></span> <span class='ocrx_word' id='word_1_195' title='bbox 1130 4028 1242 4091; x_wconf 78' lang='lat' dir='ltr'><strong>fastidio</strong></span> 
     </span>
     <span class='ocr_line' id='line_1_22' title="bbox 66 4118 1241 4197; baseline 0.011 -25"><span class='ocrx_word' id='word_1_196' title='bbox 66 4118 193 4190; x_wconf 80' lang='lat' dir='ltr'><strong>amabitur,</strong></span> <span class='ocrx_word' id='word_1_197' title='bbox 204 4121 268 4180; x_wconf 84' lang='lat' dir='ltr'><strong>sine</strong></span> <span class='ocrx_word' id='word_1_198' title='bbox 278 4119 442 4197; x_wconf 82' lang='lat' dir='ltr'><strong>fatigatione</strong></span> <span class='ocrx_word' id='word_1_199' title='bbox 451 4119 643 4180; x_wconf 82' lang='lat' dir='ltr'><strong>laudabitur.”</strong></span> <span class='ocrx_word' id='word_1_200' title='bbox 668 4163 676 4178; x_wconf 94' lang='lat'><em>.</em></span> <span class='ocrx_word' id='word_1_201' title='bbox 699 4162 707 4180; x_wconf 86' lang='lat'><strong>.</strong></span> <span class='ocrx_word' id='word_1_202' title='bbox 731 4161 738 4179; x_wconf 90' lang='lat'><strong><em>.</em></strong></span> <span class='ocrx_word' id='word_1_203' title='bbox 762 4129 782 4158; x_wconf 80' lang='lat'><strong>‘⁴</strong></span> <span class='ocrx_word' id='word_1_204' title='bbox 792 4119 836 4181; x_wconf 91' lang='lat' dir='ltr'><strong>Ibi</strong></span> <span class='ocrx_word' id='word_1_205' title='bbox 846 4122 1009 4181; x_wconf 77' lang='lat' dir='ltr'><strong>vacabimus</strong></span> <span class='ocrx_word' id='word_1_206' title='bbox 1019 4133 1047 4181; x_wconf 87' lang='lat' dir='ltr'><strong>et</strong></span> <span class='ocrx_word' id='word_1_207' title='bbox 1059 4122 1241 4185; x_wconf 85' lang='lat' dir='ltr'><strong>videbimus:</strong></span> 
     </span>
     <span class='ocr_line' id='line_1_23' title="bbox 67 4211 1243 4295; baseline 0.013 -24"><span class='ocrx_word' id='word_1_208' title='bbox 67 4211 205 4278; x_wconf 78' lang='lat' dir='ltr'><strong>videbimus</strong></span> <span class='ocrx_word' id='word_1_209' title='bbox 220 4219 438 4278; x_wconf 83' lang='lat' dir='ltr'><strong>clamabimus:</strong></span> <span class='ocrx_word' id='word_1_210' title='bbox 460 4220 618 4278; x_wconf 88' lang='lat' dir='ltr'><strong>amabimus</strong></span> <span class='ocrx_word' id='word_1_211' title='bbox 630 4229 658 4276; x_wconf 78' lang='lat' dir='ltr'><strong>et</strong></span> <span class='ocrx_word' id='word_1_212' title='bbox 668 4217 858 4279; x_wconf 82' lang='lat' dir='ltr'><strong>laudabimus.</strong></span> <span class='ocrx_word' id='word_1_213' title='bbox 900 4219 979 4279; x_wconf 84' lang='lat' dir='ltr'><strong>Ecce</strong></span> <span class='ocrx_word' id='word_1_214' title='bbox 990 4220 1067 4295; x_wconf 90' lang='lat' dir='ltr'><strong>quod</strong></span> <span class='ocrx_word' id='word_1_215' title='bbox 1078 4223 1132 4281; x_wconf 82' lang='lat' dir='ltr'><strong>orit</strong></span> <span class='ocrx_word' id='word_1_216' title='bbox 1143 4223 1174 4283; x_wconf 93' lang='lat' dir='ltr'><strong>in</strong></span> <span class='ocrx_word' id='word_1_217' title='bbox 1185 4226 1243 4287; x_wconf 83' lang='lat' dir='ltr'><strong>fine</strong></span> 
     </span>
     <span class='ocr_line' id='line_1_24' title="bbox 70 4309 234 4376; baseline 0.055 -8"><span class='ocrx_word' id='word_1_218' title='bbox 70 4309 118 4371; x_wconf 78' lang='lat' dir='ltr'><strong>sine</strong></span> <span class='ocrx_word' id='word_1_219' title='bbox 131 4316 234 4376; x_wconf 78' lang='lat' dir='ltr'><strong>fine.&#39;’³</strong></span> 
     </span>
    </p>
   </div>
   <div class='ocr_carea' id='block_1_6' title="bbox 377 4474 649 4629">
    <p class='ocr_par' dir='ltr' id='par_1_6' title="bbox 377 4474 649 4629">
     <span class='ocr_line' id='line_1_25' title="bbox 380 4474 649 4542; baseline 0 -16"><span class='ocrx_word' id='word_1_220' title='bbox 380 4476 422 4542; x_wconf 89' lang='lat'><strong>(1)</strong></span> <span class='ocrx_word' id='word_1_221' title='bbox 444 4477 465 4526; x_wconf 92' lang='lat' dir='ltr'><strong>l.</strong></span> <span class='ocrx_word' id='word_1_222' title='bbox 477 4474 595 4527; x_wconf 73' lang='lat' dir='ltr'><strong>(lunxiii.</strong></span> <span class='ocrx_word' id='word_1_223' title='bbox 609 4477 649 4526; x_wconf 76' lang='lat'><strong>12.</strong></span> 
     </span>
     <span class='ocr_line' id='line_1_26' title="bbox 377 4562 618 4629; baseline 0.008 -18"><span class='ocrx_word' id='word_1_224' title='bbox 377 4564 421 4629; x_wconf 66' lang='lat'><strong>(2)</strong></span> <span class='ocrx_word' id='word_1_225' title='bbox 442 4562 581 4616; x_wconf 82' lang='lat' dir='ltr'><strong>lJoan.iii.</strong></span> <span class='ocrx_word' id='word_1_226' title='bbox 593 4565 618 4612; x_wconf 76' lang='lat'><strong>2.</strong></span> 
     </span>
    </p>
   </div>
   <div class='ocr_carea' id='block_1_7' title="bbox 380 4644 865 4774">
    <p class='ocr_par' dir='ltr' id='par_1_7' title="bbox 380 4644 865 4774">
     <span class='ocr_line' id='line_1_27' title="bbox 380 4644 865 4774; baseline 0.008 -79"><span class='ocrx_word' id='word_1_227' title='bbox 380 4648 423 4714; x_wconf 79' lang='lat'><strong>(3)</strong></span> <span class='ocrx_word' id='word_1_228' title='bbox 443 4649 508 4710; x_wconf 73' lang='lat' dir='ltr'><strong>Aug.</strong></span> <span class='ocrx_word' id='word_1_229' title='bbox 521 4649 538 4699; x_wconf 92' lang='lat' dir='ltr'><strong>l.</strong></span> <span class='ocrx_word' id='word_1_230' title='bbox 550 4648 609 4699; x_wconf 81' lang='lat' dir='ltr'><strong>xxii.</strong></span> <span class='ocrx_word' id='word_1_231' title='bbox 621 4646 711 4774; x_wconf 47' lang='lat' dir='ltr'><strong>rlzslcgv.</strong></span> <span class='ocrx_word' id='word_1_232' title='bbox 723 4644 779 4699; x_wconf 77' lang='lat' dir='ltr'><strong>usi.</strong></span> <span class='ocrx_word' id='word_1_233' title='bbox 790 4659 813 4699; x_wconf 76' lang='lat' dir='ltr'><strong>e.</strong></span> <span class='ocrx_word' id='word_1_234' title='bbox 824 4648 865 4699; x_wconf 75' lang='lat'><strong>³0.</strong></span> 
     </span>
    </p>
   </div>
   <div class='ocr_carea' id='block_1_8' title="bbox 0 0 1404 5092">
    <p class='ocr_par' dir='ltr' id='par_1_8' title="bbox 0 0 1404 5092">
     <span class='ocr_line' id='line_1_28' title="bbox 0 0 1404 5092; baseline 0 2"><span class='ocrx_word' id='word_1_235' title='bbox 0 0 1404 5092; x_wconf 95' lang='lat' dir='ltr'><strong> </strong></span> 
     </span>
    </p>
   </div>
  </div>
 </body>
</html>
