2798 5092
144 342 203 400 988
617 336 843 402 APPENDIX.

55 553 58 563 ,
143 516 234 575 copus
248 497 424 567 Parmensis,
440 497 564 558 Houorii
578 499 618 560 11.
632 503 749 560 nomine
764 512 922 579 assumpto,
938 503 1029 576 quiet
1042 505 1259 564 suorumarmie
1274 523 1338 565 suas

143 596 284 656 sustinere
298 607 402 674 partes,
418 615 521 674 magua
534 596 609 656 edita
622 607 727 676 strage,
742 600 868 667 mutavit,
884 599 934 658 sed
949 600 1082 677 repulsus
1096 615 1125 661 et
1137 601 1268 661 devictus
1284 613 1337 672 est,

144 691 305 755 Gottofredi
330 693 411 752 ducis
436 693 599 754 Tuscorum
624 714 720 773 opera.
763 697 845 754 Sedit
858 696 1021 756 Alexander
1043 718 1134 758 annos
1159 699 1272 769 decem,
1287 718 1339 760 sex

143 808 269 858 menses,
279 789 341 849 dies
354 791 456 868 viginti
470 810 569 860 unum,
584 791 734 852 defunctus
751 797 787 852 12
802 794 910 870 Aprilis
928 799 1014 854 1073.
1025 795 1174 864 Doctrina,
1185 798 1338 873 sapientia,

144 889 290 948 sanctitate
304 888 414 957 claruit,
429 898 458 947 et
470 887 647 966 diligentiam
658 908 773 949 omnem
786 892 815 950 in
828 892 953 950 moribus
965 892 1135 952 clericorum
1147 893 1339 954 emendandis

143 986 281 1046 adhibuit.

186 1089 253 1144 155.
275 1085 308 1144 S.
324 1085 499 1144 Gerounion
513 1084 594 1153 Vll„
607 1084 819 1146 Hildebrandus
832 1086 1025 1156 anteadictus,
1034 1092 1071 1146 21
1085 1080 1195 1166 Aprilis
1206 1089 1254 1148 die
1265 1109 1340 1150 anno

146 1186 221 1244 1073
235 1183 342 1242 electus
356 1195 410 1242 est.
452 1183 547 1241 Oelsis
569 1182 677 1242 effulsit
700 1184 788 1243 animi
809 1183 933 1252 dotibus,
948 1198 976 1243 et
996 1185 1025 1243 vi
1047 1187 1160 1261 penitus
1182 1187 1290 1247 invicta
1310 1189 1338 1247 in

143 1279 320 1360 extirpandis
336 1281 424 1348 vitiis,
440 1280 596 1359 prasertim
611 1281 752 1349 simoniae,
768 1292 796 1339 et
809 1276 1021 1340 incontinentia
1035 1282 1218 1352 clericorum,
1233 1285 1341 1345 labora·

144 1379 194 1438 vit
237 1379 381 1439 Haeresim
403 1379 570 1456 Bereugarii
590 1378 675 1437 stiam
698 1377 853 1457 damnavit.
895 1378 1012 1438 insidiis
1033 1380 1137 1458 petitus
1152 1381 1225 1442 etin
1241 1385 1340 1443 turrim

144 1477 273 1556 captivus
288 1478 436 1544 adductus,
448 1488 531 1537 nocte
546 1479 609 1555 ipsa
622 1477 748 1537 natalitia
762 1478 880 1537 Domini
898 1478 1010 1547 Nostri,
1025 1479 1075 1538 sed
1091 1498 1107 1537 a
1121 1481 1230 1558 populo
1240 1481 1340 1541 libera·

143 1582 199 1643 tus,
214 1574 330 1634 sceleris
358 1574 486 1652 pepercit
506 1574 666 1642 austorici
686 1584 794 1632 tantum
816 1574 951 1651 imposita
977 1574 1151 1644 conditione,
1177 1585 1209 1634 ut
1238 1577 1338 1641 itinere

145 1671 366 1751 Hierosolymas
380 1683 525 1749 suscepto,
538 1672 607 1732 illud
621 1673 758 1749 expiaret.
801 1672 958 1732 Henricum
973 1673 1027 1732 IV.
1042 1692 1138 1752 regem
1155 1675 1335 1745 Germaniae,

143 1768 199 1828 111.
214 1769 300 1848 hujus
316 1771 440 1830 nominis
447 1770 657 1847 imperatorem,
668 1769 797 1847 plurimis
809 1781 927 1828 conatus
942 1780 986 1828 est
999 1790 1015 1827 a
1026 1770 1188 1847 tyrannide,
1201 1772 1230 1829 in
1246 1771 1340 1831 subdi·

143 1876 199 1934 tos,
219 1866 352 1936 simonia,
367 1878 395 1927 et
411 1868 520 1944 jurium
543 1867 684 1927 Ecclesia
710 1866 863 1926 violatione
889 1867 1040 1926 deducere.
1081 1867 1338 1929 Investiturarum

142 1965 335 2024 controversia
349 1965 469 2023 eminuit
482 1983 515 2023 ea
529 1966 690 2032 occasione,
701 1964 793 2023 noluit
805 1965 882 2024 enim
895 1965 1025 2043 pontifex
1034 1965 1238 2044 imperatorem
1250 1985 1338 2025 annu-

140 2059 201 2120 lum
215 2072 244 2119 et
257 2061 390 2121 baculum
404 2061 573 2140 pastoralem
595 2061 741 2139 episcopis
762 2061 881 2129 tradere,
897 2079 985 2135 quum
1007 2080 1094 2119 sacrae
1109 2063 1261 2139 potestatis
1282 2064 1339 2122 sint

141 2157 265 2217 iudicia:
287 2159 476 2236 imperatore
498 2171 596 2217 contra
610 2159 745 2236 pergebat
760 2159 810 2237 jus
833 2158 868 2216 ad
890 2177 934 2216 res
956 2157 1127 2236 temporales
1148 2160 1335 2236 episcopatus

141 2274 176 2316 ea
189 2259 296 2317 ratione
310 2256 419 2317 tradere
432 2275 464 2315 se
478 2257 615 2335 profiteri.
656 2257 788 2316 Saxones
804 2256 923 2329 rebelles
964 2256 1094 2316 Henrico
1112 2256 1268 2316 conciliare
1280 2267 1337 2318 stu·

140 2353 203 2413 duit
217 2354 374 2433 Gregorius
387 2373 395 2424 3
417 2353 468 2413 sed
482 2373 571 2428 quum
586 2367 704 2414 conatus
719 2354 782 2432 ejus
797 2372 899 2414 omnes
913 2352 949 2413 ad
964 2354 1167 2431 imperatorem
1182 2354 1337 2436 emendan-

139 2453 209 2513 dum
229 2453 331 2512 frustra
344 2453 513 2520 evasissent,
528 2464 594 2529 post
605 2453 714 2512 monita
734 2463 762 2511 st
784 2453 888 2528 minas,
903 2469 970 2511 eum
986 2453 1077 2530 plexit
1098 2453 1291 2525 anathemate,
1309 2465 1338 2513 et

139 2566 228 2628 reguo
249 2561 278 2608 et
297 2549 419 2625 imperio
438 2546 582 2624 deposuit,
598 2549 687 2606 missa
707 2549 741 2605 ad
763 2548 961 2624 Rodulphum,
977 2549 1090 2608 Sueviae
1117 2549 1234 2618 ducem,
1250 2570 1336 2626 quem

139 2647 271 2706 Saxones
285 2646 439 2724 elegerant,
454 2663 568 2705 corona.
610 2645 656 2704 De
666 2646 732 2724 jure
753 2665 812 2719 quo
825 2646 916 2724 egerit
930 2645 1070 2706 videndus
1084 2661 1130 2707 est
1143 2649 1186 2708 Le
1202 2651 1334 2718 Maiam,

138 2745 170 2804 in
190 2762 296 2822 opere:
320 2740 399 2801 “Du
414 2740 527 2819 Pape.’'
569 2741 704 2816 Plerique
722 2743 782 2820 jam
798 2742 929 2803 videntur
942 2743 1012 2803 illud
1028 2745 1079 2823 jus
1093 2746 1239 2822 publicum
1255 2747 1331 2804 illius

28 2907 29 2910 ¹
140 2842 229 2901 atatis
244 2858 409 2918 agnoscere.
450 2837 483 2896 ld
505 2839 683 2915 exploratum
695 2848 740 2897 est
760 2840 975 2899 sanctissimum
996 2841 1163 2918 pontificem
1180 2843 1334 2919 purissimo

139 2939 235 2998 studio
256 2941 361 3017 egisse,
377 2938 461 3015 cujus
481 2936 621 2997 vindicias
636 2936 735 3014 Voigt,
747 2938 869 3015 scriptur
882 2938 1119 3008 Protestanticus,
1134 2934 1211 3000 haud
1227 2942 1266 3001 ita
1281 2941 1334 3018 pri·

137 3039 202 3099 dem
225 3038 377 3115 pertexuit,
400 3037 457 3095 vita
477 3037 539 3115 ejus
568 3035 739 3113 conscripta.
780 3036 868 3095 Plura
888 3037 988 3099 habuit
1011 3038 1134 3098 concilia
1157 3040 1328 3119 Gregorius,

137 3137 316 3216 plurimaque
331 3137 362 3194 in
387 3153 498 3194 morum
513 3134 740 3193 emendationem
755 3136 860 3203 sanxit,
872 3137 909 3195 ob
924 3136 1106 3214 disciplinam
1124 3140 1199 3198 sacri
1214 3140 1326 3198 coeliba-

137 3245 182 3295 tus
198 3234 366 3293 vindicatam
381 3242 410 3291 et
422 3233 587 3300 restitutam,
600 3232 703 3290 atalia
722 3232 836 3310 egregia
850 3233 986 3304 facinora,
1001 3244 1107 3293 aeterna
1122 3238 1262 3295 memoria
1276 3238 1332 3314 dig·

137 3344 203 3392 uus.
245 3330 374 3391 0111125
396 3330 469 3408 Maji
487 3334 573 3389 1085.
615 3328 723 3389 Contra
744 3349 809 3389 eum
826 3329 893 3389 lecit
913 3331 1075 3410 antipapam
1092 3332 1265 3395 Guibertum
1281 3337 1330 3394 im·

137 3430 204 3506 pius
217 3430 380 3504 imperator.

182 3530 248 3585 150.
271 3524 854 3594 1111101111,ιι1ιιῦθεὶὀειίιιε,1ι11ιε
869 3525 1055 3586 cassinensis
1068 3481 1177 3587 electus
1203 3544 1248 3590 est
1263 3551 1328 3609 pon·

138 3623 219 3691 tifex,
234 3623 285 3681 sed
299 3642 351 3700 per
365 3641 470 3681 annum
492 3624 583 3681 renuit
603 3641 676 3681 onus
698 3624 855 3700 suscipere.
897 3625 1047 3684 Victoria
1040 3625 1147 3704 rusigni
1161 3626 1198 3685 de
1215 3629 1327 3687 Sarace-

137 3725 183 3781 nis
204 3731 344 3799 reportata
365 3720 465 3780 claruit
488 3721 551 3796 ejus
577 3722 772 3781 pontificatus.
815 3721 947 3782 0111116
969 3723 1016 3781 die
1030 3723 1211 3802 Septembris
1237 3732 1322 3841 1087,

138 3832 255 3880 sanctus
266 3820 441 3895 humilisque
451 3820 529 3879 Petri
544 3838 703 3879 successor.

172 3924 247 3980 157.
270 3920 414 3980 Unsnuus
443 3918 592 3988 limantes
617 3920 696 3987 Otto,
690 3920 866 3997 episcopus
895 3922 1050 3989 Ostiensis,
1073 3925 1190 3984 natione
1219 3927 1327 3993 Gallus,

138 3997 246 4076 electus
256 4028 310 4086 est,
325 4017 368 4075 vir
382 3994 571 4074 sanctificum
584 4030 613 4074 at
627 4017 755 4075 doctrina
769 4030 917 4094 praestans,
932 4038 1007 4078 anno
1024 4024 1099 4079 1088
1120 4032 1149 4079 et
1173 4043 1265 4082 annos
1286 4040 1330 4102 per

136 4115 281 4184 undecim,
309 4133 424 4175 menses
453 4123 583 4188 quatuor,
612 4113 674 4173 dies
694 4117 853 4175 octodecim
879 4118 1013 4194 praeclare
1039 4119 1209 4196 gubernavit
1234 4123 1330 4182 Eccle-

136 4213 219 4274 siam.
260 4214 389 4274 Plurima
411 4212 499 4273 tonuit
524 4214 655 4280 coucilia,
671 4215 744 4272 inter
766 4234 829 4289 quae
855 4215 926 4274 illud
949 4217 1091 4294 imprimis
1116 4219 1243 4291 celebre,
1258 4216 1328 4295 quod

137 4308 173 4366 ad
188 4310 304 4370 Olarum
321 4311 451 4370 Mentem
472 4311 500 4367 in
516 4309 622 4370 Galliis.
635 4310 761 4369 habitum
777 4322 822 4369 est
835 4331 910 4370 anno
927 4315 1013 4382 1095,
1029 4313 1177 4391 episcopis
1192 4322 1328 4377 2251011·

136 4406 325 4466 venientibus.
368 4407 412 4466 De
433 4407 615 4484 expeditione
631 4407 1009 4486 Hierosolymitanaactum
1041 4421 1096 4479 ast,
1113 4415 1329 4490 pontificeanc·

136 4512 216 4564 tore:
238 4504 361 4577 indeque
378 4500 452 4563 bella
479 4506 781 4582 cruce-signatorum
809 4505 967 4567 habueruut
996 4509 1124 4570 initium.
1183 4513 1265 4573 Obiit
1293 4514 1328 4574 29

134 4601 206 4662 Julii
220 4603 307 4659 1099.
