2798 5092
553 330 609 392 DE
632 331 776 393 CULTU
798 333 880 395 DEI.

619 1021 760 1083 CAPUT
781 1021 806 1082 1.

569 1271 624 1327 DE
655 1273 806 1328 cUL'ru
834 1272 927 1327 DEI.

157 1511 186 1565 3.
208 1505 302 1564 Deum
318 1501 471 1563 colendum
485 1522 550 1562 esse
565 1513 624 1563 turn
639 1504 729 1563 animi
741 1504 893 1578 obsequio,
907 1512 967 1562 tum
990 1522 1122 1583 corpore,
1145 1504 1176 1562 in
1197 1515 1322 1564 tractatu

53 1592 55 1597 ⁵
116 1604 152 1664 de
174 1605 358 1664 Revelatione
373 1601 561 1661 ostendimus.
604 1603 724 1661 Sectarii
739 1621 840 1661 ornnes
861 1621 928 1660 eum
949 1603 1043 1661 colere
1065 1603 1246 1680 profitentur,
1271 1623 1325 1680 pu·

20 1656 85 2028 Q
118 1721 240 1777 rumque
254 1720 353 1760 eorum
368 1701 475 1760 cultum
491 1702 609 1778 jactant,
625 1719 713 1776 quem
728 1701 857 1778 plerique
872 1700 903 1758 in
923 1701 1050 1759 oratione
1066 1702 1212 1778 precipue
1235 1721 1324 1779 repo·

117 1809 199 1866 nunt,
214 1816 271 1871 qua
284 1796 364 1855 Deus
379 1797 509 1855 omnium
522 1798 663 1857 bonorum
680 1798 743 1856 sons
755 1796 931 1873 agnoscitur.
973 1796 1192 1873 Episcopaliani
1211 1800 1325 1857 sacriti-
1363 1829 1366 1834 ¹

117 1896 206 1964 cium,
220 1897 502 1954 commemorativum
518 1905 624 1964 tamen,
639 1914 671 1953 se
684 1894 748 1953 Deo
762 1893 867 1953 offerre
881 1893 1046 1971 gloriantur,
1061 1904 1090 1950 et
1109 1904 1196 1952 statas
1212 1913 1319 1972 preces

20 1958 44 2053 i*
118 1991 250 2050 fundunt.
287 1990 478 2050 Methodistae
499 2009 645 2068 promere
667 2009 719 2049 eos
743 1990 899 2049 imitantur.
941 1989 1156 2065 Presbyteriani
1179 1991 1321 2049 sacrificii

117 2107 222 2149 nomen
237 2099 405 2166 respuentes
420 2099 448 2147 et
469 2099 560 2147 certas
574 2088 673 2147 orandi
688 2086 835 2154 formulas,
854 2104 954 2164 preces
980 2104 1033 2162 pro
1047 2086 1167 2144 arbitrio
1180 2087 1322 2150 ministri.

119 2206 176 2247 nnn
189 2207 254 2247 cum
270 2188 388 2265 hymnis
402 2197 431 2246 et
444 2188 564 2265 psalmis
577 2187 684 2246 cultum
696 2185 810 2245 habent.
833 2185 969 2262 Baptistae
982 2185 1035 2243 hos
1046 2196 1205 2259 sequuntur
1217 2185 1322 2245 duces.

26 2342 29 2347 ,
123 2282 253 2355 Quclrcri
267 2282 461 2342 meditabundi
475 2284 659 2351 conveniunt,
673 2283 826 2355 animoque
841 2281 936 2339 Deum
948 2279 1086 2348 colentes,
1099 2282 1248 2341 silentium
1260 2302 1322 2342 non

20 2382 33 2453 ξ
116 2391 265 2458 rumpunt,
281 2380 338 2439 nisi
362 2399 399 2439 ex
414 2381 538 2458 Spiritus
564 2381 726 2440 instinctn.²
770 2376 897 2438 Shahcri
911 2379 1022 2446 saltum,
1045 2376 1111 2437 leta
1124 2379 1216 2441 enimi
1230 2397 1322 2438 sensa

120 2479 248 2554 eorporis
263 2487 341 2537 motu
356 2478 532 2551 vocibusque
547 2476 726 2554 prodentes!¹

20 2168 26 2203 l

20 2208 26 2241 l

547 2636 554 2646 ’
617 2670 799 2717 ruorosrrm.
894 2727 896 2729 ,

158 2811 297 2872 'Divinus
312 2809 409 2870 cultus
423 2809 521 2890 qualis
534 2811 568 2871 in
581 2809 719 2879 Ecclesia
741 2809 894 2872 Catholicis
911 2811 1074 2890 peragitur
1094 2829 1194 2891 purus
1210 2819 1238 2871 ct
1255 2830 1327 2892 per·

113 2911 216 2994 sectus
231 2917 284 2979 est,
300 2909 364 2969 Deo
379 2910 492 2989 dignus
507 2918 535 2970 et
547 2909 705 2970 hominurn
717 2908 813 2970 indoli
829 2910 1016 2970 couveniens.

20 3042 33 3085 3
161 3008 324 3068 Probatur.

161 3113 191 3168 4.
213 3108 294 3167 Dens
309 3124 445 3185 supremo
458 3107 598 3180 obsequio
612 3104 716 3165 colitur
735 3107 765 3165 in
785 3106 919 3168 Ecclesia
934 3104 1094 3173 catholica,
1110 3107 1207 3166 oblato
1222 3110 1250 3167 ei
1273 3129 1318 3167 sa·

20 3194 37 3211 ³
122 3206 242 3275 crificio,
257 3205 332 3279 qood
354 3205 445 3263 cultus
467 3222 611 3262 summum
634 3215 678 3261 est
700 3222 811 3281 genus3
840 3205 1003 3282 agnoscitur
1023 3204 1153 3263 omnium
1176 3205 1323 3266 bonorum

122 3307 199 3373 fons,
220 3323 284 3379 quae
307 3303 412 3362 idcirco
436 3303 469 3361 ab
491 3320 527 3360 eo
550 3300 656 3360 orando
681 3311 832 3378 petuntur;
855 3321 1008 3381 supremus
1035 3302 1205 3380 praedicatur
1229 3323 1328 3364 rerum

20 3444 23 3453 .
124 3402 236 3470 arbiter,
252 3402 299 3460 cui
321 3410 411 3459 toturn
432 3399 536 3457 mentis
550 3399 721 3472 obsequium
746 3401 910 3459 necessario
933 3401 1124 3477 prestandum
1147 3413 1191 3459 est
1212 3402 1283 3469 fide,
1299 3387 1351 3460 et¹

124 3495 207 3570 cujus
227 3495 306 3573 leges
329 3495 491 3555 necessario
505 3504 572 3554 sunt
595 3496 751 3555 servanda.
794 3495 899 3555 Cultus
923 3495 1010 3574 igitur
1025 3497 1089 3556 Deo
1110 3496 1215 3575 dignus
1238 3499 1326 3576 plane
1349 3523 1352 3527 ⁴

24 3650 29 3657 ,
126 3600 180 3648 est.
1053 3614 1055 3619 ·

76 3716 87 3724 -·
166 3691 194 3745 5.
217 3685 359 3765 Congruit
384 3701 477 3748 autern
503 3702 532 3748 et
556 3690 705 3749 hominum
728 3700 845 3758 natura,
861 3710 949 3765 quum
973 3692 1105 3750 veritates
1127 3707 1327 3769 proponantur

126 3783 284 3853 credendae,
300 3804 362 3858 quae
377 3789 471 3847 cultus
485 3799 553 3846 sunt
566 3787 792 3857 fundamentum,
808 3789 838 3846 in
853 3789 957 3863 quibus
971 3787 1201 3865 contemplandis
1221 3791 1327 3850 altissi-

159 3946 202 4010 (1)
222 3949 237 3975 ‘⁴
246 3942 332 3993 When
345 3947 478 3997 resembled
490 3946 531 3997 the
542 3955 610 4009 great
618 3948 686 3997 work
697 3946 725 3997 of
740 3961 787 3996 oue
799 3946 847 3996 and
859 3948 892 3997 all
903 3946 981 4010 ought
988 3955 1014 3997 to
1025 3948 1056 3997 be
1067 3955 1093 3998 to
1101 3947 1160 3998 weit
1174 3964 1244 4015 upon
1255 3951 1332 4010 (tou,

25 4038 28 4045 '
125 4030 172 4080 aad
184 4029 311 4091 returning
322 4037 366 4078 out
376 4031 404 4079 of
416 4031 478 4082 their
489 4048 547 4082 own
558 4032 677 4096 thoughts
685 4032 734 4083 and
751 4032 934 4095 imaginatione,
946 4040 972 4083 to
984 4033 1030 4083 feel
1042 4033 1084 4084 the
1095 4033 1183 4084 Lord's
1202 4050 1330 4101 presence,

33 4149 40 4181 .·
125 4114 173 4163 and
184 4116 282 4165 lruowe
293 4113 421 4177 gntheriug
438 4116 490 4166 into
502 4116 541 4166 his
552 4133 625 4167 name
641 4118 737 4178 indeed,
748 4117 830 4167 where
841 4118 872 4168 he
883 4117 944 4167 isin
954 4117 996 4169 the
1007 4117 1088 4179 midst,
1101 4119 1234 4183 according
1245 4130 1272 4171 to
1290 4122 1330 4172 his

126 4201 255 4260 promise.''
289 4200 415 4267 Berclay's
427 4203 549 4268 Apology,
558 4220 627 4270 prop.
637 4205 671 4254 xi.
684 4209 698 4265 ξ
711 4205 743 4255 vi.
1330 4191 1333 4194 Α

164 4286 207 4351 (2)
227 4287 305 4339 “The
316 4287 385 4351 light,
397 4288 446 4338 end
464 4288 539 4348 truth,
550 4285 749 4341 end'revelation
768 4291 796 4341 oi
809 4291 866 4342 God
883 4291 1008 4342 incressad
1024 4308 1114 4357 among
1125 4292 1201 4353 them,
1213 4295 1288 4354 until,
1297 4297 1332 4360 by

126 4368 168 4419 thc
179 4373 269 4436 speciei
279 4373 405 4437 operation
417 4373 446 4424 οἰ
458 4373 497 4424 his
508 4390 598 4439 power,
610 4376 668 4441 they
679 4393 743 4427 were
755 4378 842 4427 moved
853 4385 879 4427 to
890 4395 922 4441 go
933 4377 997 4430 forth
1009 4378 1057 4430 end
1068 4376 1175 4446 worship
1184 4380 1241 4430 God
1252 4381 1281 4432 in
1290 4381 1334 4432 the

125 4455 217 4517 dunce3
233 4458 317 4509 which
329 4460 377 4511 hed
387 4463 450 4511 been
460 4463 585 4528 expressly
598 4463 711 4525 signitied
722 4466 754 4528 by
767 4463 809 4514 the
820 4465 868 4514 lew
879 4465 929 4515 and
940 4465 982 4516 the
993 4466 1114 4532 propheta,
1125 4482 1154 4517 ss
1165 4467 1208 4518 the
1220 4468 1333 4534 peculim

125 4557 227 4593 manner
238 4543 267 4593 of
281 4545 387 4612 worship
404 4555 429 4598 to
440 4549 471 4598 be
490 4547 637 4598 established
655 4548 683 4598 in
702 4548 744 4598 the
762 4550 832 4599 letter
850 4549 923 4615 day.''
958 4550 1015 4602 'i'he
1035 4552 1167 4618 testimony
1179 4555 1209 4604 cf
1223 4553 1333 4607 Christ’s

126 4631 216 4682 ”cond
228 4630 367 4696 apperting,
375 4648 400 4699 p.
408 4633 459 4686 viii.
467 4633 506 4685 eh.
517 4634 552 4684 ix.
563 4637 624 4703 n.6.
