2798 5092
492 341 549 402 DE
570 343 853 407 PURGATORIO.
1208 360 1269 419 ili?

86 493 111 551 S.
124 492 299 555 Gnaeonrus
323 497 369 555 Μ.
390 498 477 557 dicit:
499 509 520 537 ‘⁴
533 501 578 560 De
602 502 772 576 quibusdam
797 504 907 565 levibus
921 508 1014 586 culpis
1028 528 1093 570 ease
1107 520 1173 571 aute
1188 512 1265 590 judi·

84 591 149 650 cium
164 594 346 671 purgatorius
360 597 435 672 ignis
448 597 607 658 credendus
620 612 685 669 ert;
707 620 760 679 pro
774 604 902 677 eoquod
917 606 1031 664 Veritas
1045 608 1134 668 dicit:
1157 610 1189 669 Si
1204 613 1268 685 quis

82 688 256 767 iuSpiritum
271 691 408 770 Sapcnrm
422 693 629 771 blasphemiam
655 697 769 764 dixerit,
786 717 880 773 neque
901 702 931 759 in
945 702 1001 760 boc
1015 704 1121 764 seculo
1141 708 1269 766 remitte·

82 797 120 844 tur
131 787 168 854 ei,
182 806 278 862 neque
292 789 323 848 in
336 789 441 849 futuro.
481 793 588 866 inqua
608 796 749 853 sententia
770 795 852 855 datur
864 797 996 876 intelligi,
1011 801 1150 874 quasdam
1165 804 1266 883 culpas

81 882 106 940 in
119 882 173 942 boc
188 886 308 948 seculo.
327 887 464 960 qaudam
479 889 509 948 in
529 890 624 949 futuro
638 910 725 968 posse
745 891 853 953 laxari:
875 894 953 968 quod
966 897 1043 956 enim
1057 898 1094 956 de
1108 918 1167 960 nuo
1180 920 1266 980 nega·

80 988 127 1047 tur,
150 999 334 1055 consequens
357 984 518 1044 intellectus
541 997 627 1063 patet,
649 988 773 1061 quiade
797 991 966 1065 quibusdam
989 994 1165 1056 conceditur.
1206 1000 1267 1058 Sed

79 1087 177 1146 umen,
190 1089 224 1137 ut
238 1078 369 1156 predixi,
384 1081 440 1140 boc
454 1081 491 1139 de
504 1086 600 1160 parvis
622 1086 808 1161 minimisque
832 1090 958 1166 peccatis
971 1090 1034 1150 fieri
1048 1110 1137 1170 posse
1151 1094 1269 1155 creden·

78 1172 140 1232 dom
166 1185 221 1242 est,
242 1177 319 1235 sicut
351 1190 397 1236 est
426 1177 558 1238 assiduus
585 1183 695 1240 otiosus
722 1201 829 1253 sermo,
864 1186 1067 1246 immoderatus
1104 1189 1191 1262 naus,
1223 1191 1268 1250 vel

77 1281 221 1347 macetum
235 1291 311 1332 cure
325 1275 367 1333 rei
391 1274 550 1344 familiaris,
565 1295 629 1351 qna
644 1279 693 1337 vix
710 1281 774 1339 sine
798 1281 883 1359 culpa
897 1282 943 1340 vel
955 1285 991 1342 ab
1004 1285 1077 1361 ipsis
1092 1287 1194 1363 agitur,
1215 1288 1267 1360 qui

78 1367 185 1445 culpam
200 1370 322 1443 qualiter
332 1371 475 1431 declinare
485 1372 617 1442 debeam,
629 1376 746 1435 sciuntr
767 1390 816 1438 aut
825 1379 856 1438 iu
870 1397 928 1438 uon
941 1381 1075 1458 gravibus
1089 1383 1175 1440 rebus
1189 1401 1268 1444 error

77 1465 250 1542 ignorantie,
271 1486 336 1541 qua
355 1482 458 1528 cuncta
477 1471 563 1531 etiam
590 1482 655 1548 post
679 1485 801 1533 mortem
814 1486 943 1554 gravant,
957 1477 984 1537 si
997 1477 1091 1537 adhuc
1105 1478 1136 1538 in
1148 1479 1201 1539 bac
1221 1481 1269 1540 via

77 1561 173 1637 potitis
187 1565 309 1624 minime
322 1565 427 1625 fuerint
437 1567 608 1626 relaxatn.”⁸

108 1664 157 1720 2⁷.
180 1660 316 1722 Christus
330 1674 473 1741 precepta
486 1665 635 1743 explicans
649 1667 736 1727 dicitr
759 1677 779 1706 ‘⁶
789 1668 894 1729 Omnis
906 1671 955 1744 qui
968 1671 1098 1732 irascitur
1108 1674 1187 1733 fratri
1201 1692 1267 1740 auo,
1338 1672 1342 1679 “

77 1775 136 1816 rcus
150 1759 205 1818 erit
214 1758 337 1836 judicio.
378 1760 437 1828 Qui
462 1772 558 1821 autem
580 1763 686 1824 dixerit
707 1766 785 1824 fratri
807 1785 871 1834 suo,
882 1785 965 1826 raca:
987 1788 1054 1827 rens
1068 1771 1122 1829 erit
1134 1771 1267 1833 concilio.

76 1852 127 1927 Qui
141 1865 237 1915 antem
252 1855 367 1926 dixerit,
388 1859 483 1918 satos:
505 1878 570 1919 reus
588 1861 641 1918 orit
663 1861 802 1937 gehenne
817 1862 939 1940 ignis.'’⁸
978 1864 1024 1923 De
1039 1866 1124 1943 culpa
1137 1880 1166 1925 et
1180 1886 1267 1945 poena

73 1968 163 2011 coram
177 1951 243 2011 Deo
257 1952 392 2026 loquitur,
408 1974 472 2013 nam
487 1955 617 2015 divinum
630 1957 756 2033 explicat
768 1970 954 2034 preceptum,
969 1968 999 2017 et
1012 1960 1151 2037 gehenne
1169 1963 1266 2038 ignem

74 2048 192 2124 graviori
205 2048 279 2127 legia
292 2051 437 2111 violationi
451 2064 594 2113 servatum
608 2072 673 2113 osse
685 2053 778 2113 docet.
820 2055 900 2132 Ergo
913 2055 1070 2115 levioribus
1085 2076 1157 2131 quas
1169 2076 1267 2118 recen·

72 2156 112 2205 set
123 2145 218 2223 culpis
233 2166 332 2224 pterim
346 2148 376 2207 in
389 2149 477 2207 altera
491 2151 547 2208 rita
560 2162 685 2209 servatae
700 2151 815 2219 iudicat,
830 2172 848 2210 a
866 2150 1035 2213 Judaeorum
1060 2154 1261 2223 tribunalibus

70 2229 175 2320 judicio
187 2244 308 2314 scilicet,
323 2256 352 2304 ot
372 2249 506 2317 concilio,
521 2250 655 2308 mutuatis
677 2251 859 2328 imaginibus.
900 2252 1008 2312 Preter
1026 2263 1144 2312 eternas
1159 2272 1261 2331 prenae

73 2341 129 2401 aliar
142 2345 228 2403 etiam
243 2343 273 2402 in
287 2342 375 2402 altera
389 2345 446 2402 rita
459 2355 526 2404 snut
538 2346 605 2406 ideo
619 2345 809 2407 admittendae.
852 2358 857 2373 ⁴

105 2447 155 2502 28.
175 2443 333 2520 Apostolus
345 2443 453 2503 Paulus
478 2442 514 2502 de
533 2445 685 2523 Evangelii
704 2447 884 2523 preconibus
898 2447 1053 2517 disserens,
1067 2467 1100 2507 se
1122 2448 1264 2509 adsimilat

71 2540 187 2617 sapienti
199 2539 363 2608 architecto,
385 2539 456 2598 alios
470 2540 506 2599 iis
528 2542 577 2616 qui
601 2554 736 2602 extmunt
758 2543 834 2603 edes
858 2563 946 2623 super
966 2545 1182 2607 fundamentum
1192 2547 1256 2624 jam

71 2638 202 2712 positum,
225 2654 335 2711 eosque
369 2646 468 2696 monet
488 2656 573 2713 quam
598 2651 679 2698 cante
703 2639 886 2700 laborandum
912 2642 969 2700 sit:
993 2642 1256 2702 “Fundamentum

71 2733 143 2793 enim
168 2731 249 2791 aliud
275 2750 362 2791 nemo
382 2742 477 2810 potest
500 2752 607 2811 ponere
627 2744 728 2811 preter
754 2734 784 2792 id
809 2736 885 2810 quod
900 2739 1025 2813 positum
1039 2749 1092 2807 est,
1117 2738 1254 2812 quodest

71 2828 200 2889 Christos
213 2829 312 2889 Iesus.
346 2831 378 2888 Si
392 2831 457 2904 quia
472 2843 566 2888 autem
580 2829 788 2906 superaedificat
801 2850 888 2909 super
898 2832 1113 2895 fundamentum
1128 2834 1194 2902 hoc,
1209 2853 1257 2892 an·

70 2946 139 2998 mm,
153 2938 317 3006 argentum,
328 2927 437 3005 lapides
457 2928 608 3005 pretiosos,
632 2928 718 3004 ligna,
732 2927 851 2994 suenum,
865 2929 1012 3006 stipulam,
1027 2932 1253 3010 uniuscujusque

69 3045 137 3104 opus
153 3012 337 3086 manifestum
351 3027 423 3084 erit:
446 3025 507 3084 dies
529 3026 607 3084 enim
634 3025 751 3083 Domini
767 3024 926 3095 declarabit,
942 3028 1010 3101 qnia
1029 3030 1058 3087 in
1073 3031 1139 3106 igne
1153 3030 1261 3088 revela·

69 3123 155 3183 bitur:
177 3133 207 3181 et
231 3123 456 3201 uniuscujusque
480 3142 553 3200 opus
579 3122 661 3196 quale
686 3122 724 3179 sit
748 3121 823 3200 ignis
846 3124 985 3200 probabit.
1026 3125 1058 3184 si
1083 3126 1165 3203 cujus
1179 3143 1252 3202 opus

69 3222 201 3281 manserit
214 3220 292 3294 quod
306 3219 554 3297 superedificavit,
569 3218 732 3280 mercedem
747 3220 877 3298 accipiet.
919 3222 952 3280 Si
964 3222 1047 3300 cujus
1062 3241 1134 3300 opus
1149 3222 1259 3288 arserit,

67 3318 264 3378 detrimentum
292 3317 432 3394 patietur:
455 3319 517 3394 ipse
545 3332 640 3377 autem
676 3318 773 3377 salvus
812 3318 883 3387 erit;
905 3319 948 3377 sic
976 3330 1070 3378 tamen
1092 3319 1173 3393 quasi
1202 3337 1253 3396 per

68 3414 210 3493 ignem.’'⁴
249 3414 305 3472 Dei
313 3414 455 3490 judicium
471 3416 529 3492 igni
554 3434 612 3489 quo
632 3414 745 3475 aediiicii
760 3416 803 3475 vis
819 3417 952 3493 probatur
965 3416 1125 3502 adsimilat:
1147 3415 1253 3493 perfec·

67 3522 120 3571 tam
146 3510 378 3589 praedicationem
403 3529 441 3568 ex
461 3511 615 3589 purissimo
638 3511 705 3570 fidei
730 3509 834 3580 studio,
850 3511 971 3572 aedificio
997 3532 1065 3571 auro
1096 3526 1213 3590 argento
1229 3522 1258 3571 et

67 3603 205 3689 lapidibus
215 3609 348 3687 pretiosis
359 3610 514 3678 constanti;
526 3610 572 3667 cui
581 3609 666 3667 etiam
674 3608 850 3669 similiasunt
865 3629 951 3687 opera
959 3610 1091 3688 perlecta.
1124 3610 1260 3690 Lignum,

66 3706 183 3775 lenum,
198 3706 304 3784 stipula
326 3706 465 3784 imagines
489 3715 555 3764 sunt
575 3705 784 3783 predicationis
807 3707 940 3766 humanis
962 3707 1132 3781 quibusdam
1157 3708 1257 3766 studiis

68 3807 181 3872 vitiata,
196 3806 270 3862 sicut
283 3815 311 3861 ct
333 3821 451 3881 operum
468 3803 562 3861 minus
583 3804 782 3881 perfectorum.
824 3805 957 3863 Praeclari
979 3803 1093 3864 aedificii
1113 3805 1261 3864 fabricator

64 3903 226 3966 mercedem
240 3902 354 3980 accipit,
370 3903 557 3978 magnaenim
571 3916 667 3962 manet
680 3921 789 3963 merces
799 3903 951 3980 Evangelii
960 3902 1073 3963 fidelem
1084 3920 1256 3981 preconem,

63 4017 88 4063 et
109 4003 251 4064 famulum
275 4000 385 4061 Christi
400 3999 567 4078 perfectum.
619 4000 690 4060 Orto
710 3999 842 4060 incendio
865 3999 968 4059 domus
992 4000 1066 4059 male
1090 4009 1257 4058 constructe

61 4103 162 4162 artilex
176 4101 232 4160 sibi
247 4118 320 4176 egre
335 4097 468 4166 consulit,
483 4099 609 4173 satisque
633 4099 721 4157 babet
731 4098 756 4156 si
770 4096 900 4175 plurimis
922 4094 1076 4173 deperditis
1090 4095 1176 4153 vitam
1191 4113 1248 4155 ser·

62 4209 115 4268 vet,
131 4216 172 4257 ex
186 4197 253 4274 igue
267 4193 391 4254 evadens
405 4212 517 4272 sospes.
562 4195 627 4253 Pari
648 4193 755 4252 ratione
770 4192 908 4271 contingit
921 4190 1032 4250 homini
1045 4189 1094 4264 qrri
1109 4189 1249 4271 Evangel-

464 4445 505 4510 (2)
521 4444 552 4494 L.
562 4443 595 4494 ir.
606 4441 705 4507 Dialog.
715 4457 737 4494 c.
749 4440 833 4492 xxxix.

462 4532 505 4598 (a)
524 4531 586 4583 nar.
596 4545 620 4580 v.
632 4532 676 4579 aa.

473 4616 516 4683 (4)
540 4619 552 4666 1
566 4615 625 4666 Oor.
640 4615 676 4668 iii.
689 4616 728 4666 11.

581 4703 653 4761 22*
