2798 5092
93 335 150 391 ltu
530 328 587 389 DE
609 326 847 388 CONSENSU.

90 492 176 551 vinna
190 490 368 564 aequissimas
386 488 557 557 sanctiones,
581 500 651 561 quas
666 487 752 546 veluti
774 486 969 560 iniquissimas
984 484 1124 545 traducit:
1148 490 1169 521 ‘⁶
1182 481 1279 557 quales

92 587 191 655 sunt,”
208 589 308 662 inquit,
337 597 357 624 ‘⁴
369 599 400 646 ut
413 587 546 665 conjugia
566 586 641 644 inter
659 584 896 652 adolescentulos,
919 583 1198 662 parentumginjussu
1218 596 1287 638 oon·

88 696 188 754 tracta,
202 685 284 744 firma
297 695 410 758 rataque
425 683 602 742 maneant.'’²
641 682 747 740 Institit
770 679 844 758 apud
860 688 953 758 patrea
975 678 1164 739 Tridentium
1179 677 1282 737 Minis·

91 797 136 844 ter
147 785 222 862 regia
238 783 406 852 Galliarum,
427 791 458 840 ut
471 774 638 860 hujuflodi
658 781 764 857 nuptia
785 780 869 837 irritae
885 778 1104 846 declararentur,
1120 777 1168 836 eni
1188 785 1283 836 umen

91 899 199 941 morem
214 897 311 957 gerere
336 879 533 953 detrectarunt.
576 878 737 936 “Tametsi
754 875 941 935 dubitandum
964 885 1081 935 nonest
1105 873 1283 933 clandestina

88 977 277 1043 matrimonia,
293 976 382 1034 libero
406 975 632 1034 contrahentium
655 991 798 1032 consensu
823 973 906 1040 iacta,
923 981 993 1041 rata,
1009 981 1038 1030 et
1052 988 1121 1030 vera
1133 988 1201 1030 case
1223 988 1282 1030 ma·

91 1076 232 1141 trimonia,
246 1074 383 1158 quamdiu
398 1073 531 1132 Ecclesia
544 1093 579 1131 ea
593 1074 670 1130 irrita
683 1090 740 1130 non
752 1071 837 1140 secit3
859 1079 888 1129 et
900 1069 1020 1148 proinde
1038 1069 1104 1147 jure
1129 1067 1284 1128 damnandi

91 1174 149 1232 sint
161 1173 213 1241 illi,
228 1182 259 1230 ut
273 1190 323 1229 eos
338 1171 369 1228 S.
387 1169 523 1247 Synodns
544 1169 721 1228 anathemate
739 1168 863 1232 damnat,
887 1169 937 1242 qui
952 1185 985 1225 ea
998 1185 1075 1235 vera,
1090 1185 1125 1225 ac
1138 1177 1199 1225 rata
1219 1182 1285 1225 ease

47 1322 52 1328 ,
92 1280 205 1349 negant,
221 1271 327 1344 quique
342 1269 414 1326 salso
429 1267 578 1335 affirmant,
594 1269 773 1326 matrimonia
795 1266 892 1325 afiliis
914 1265 1035 1324 familias
1056 1265 1120 1323 aine
1138 1282 1285 1324 consensu

91 1381 238 1449 parentum
253 1379 394 1429 contracta
409 1369 485 1426 irrita
505 1388 580 1437 esse,
595 1379 624 1427 et
638 1382 768 1446 parentes
783 1388 817 1428 ea
830 1379 899 1437 rata,
915 1368 959 1426 rel
975 1367 1054 1425 irrita
1066 1366 1160 1426 lacere
1173 1384 1283 1445 ponet

88 1469 279 1528 nihilominus
294 1467 326 1524 S.
337 1467 392 1524 Dei
406 1466 539 1524 Ecclesia
552 1484 590 1525 ex
600 1468 771 1544 justissimis
782 1467 877 1525 causis
891 1466 939 1524 illa
953 1482 1069 1542 semper
1079 1462 1220 1523 demuto
1241 1474 1286 1523 est

92 1577 175 1640 atque
190 1564 380 1642 prohibuit.”⁹
421 1564 525 1622 Postea
544 1564 708 1623 Ludovicus
733 1564 817 1624 xttl.
833 1568 926 1627 edicto
940 1562 1020 1640 regio
1034 1561 1192 1627 declaravit
1206 1564 1285 1624 irrita

92 1683 156 1723 esse
177 1665 208 1723 in
222 1673 281 1721 toto
305 1662 460 1720 Galliarum
482 1680 570 1739 regno
592 1681 778 1738 quecumque
800 1675 999 1727 attentarentur
1019 1668 1162 1746 conjugia
1181 1682 1199 1725 a
1217 1664 1286 1725 filiis

90 1761 213 1822 familias
227 1761 333 1834 absque
349 1772 496 1838 parentum
522 1778 685 1820 consensu:
708 1763 759 1821 sed
773 1763 866 1821 clerus
891 1764 1069 1838 Gallicanus,
1087 1785 1140 1844 pro
1163 1767 1210 1825 aui
1225 1784 1286 1825 mu·

92 1859 167 1919 neris
181 1858 287 1924 debito,
308 1857 476 1924 reclamans,
496 1857 718 1935 explicationem
739 1877 790 1917 seu
803 1860 1009 1938 mitigationem
1031 1862 1136 1922 decreti
1150 1862 1285 1933 obtinuit,

91 1976 148 2032 qua
160 1956 352 2015 declarabatur
365 1954 434 2013 illud
446 1955 663 2032 intelligendum
677 1956 713 2014 de
728 1957 877 2016 effectibus
893 1970 1002 2019 tanturn
1016 1961 1159 2020 civilibus.
1193 1954 1288 2021 Jmtc'·

91 2056 174 2134 periti
190 2066 284 2114 tamen
299 2053 404 2112 Gallici
416 2056 587 2113 recentiores
600 2055 730 2131 plerique
756 2065 775 2093 ‘⁶
786 2056 935 2126 docebant,
951 2059 995 2117 ain
1010 2059 1039 2118 vi
1052 2059 1161 2137 legum,
1175 2059 1284 2128 ‘saltem

90 2152 121 2210 vi
138 2150 369 2230 Jnrisprudentiae
388 2153 544 2209 constantis
567 2151 644 2209 irrita
658 2169 722 2209 esse
739 2170 773 2209 ea
787 2154 967 2212 matrimonia
979 2154 1008 2225 ;”
1030 2157 1135 2230 quibua
1153 2156 1290 2219 murari

91 2251 185 2328 ipanm
202 2249 251 2323 qui
265 2246 294 2306 id
309 2248 395 2305 refert
408 2247 564 2316 Carrlere,⁸
577 2250 713 2307 miramur
726 2260 754 2308 et
767 2249 907 2310 dolemus.
935 2252 1020 2320 Quod
1035 2253 1069 2313 ad
1083 2273 1137 2315 nos
1151 2255 1289 2334 pertinet,

91 2348 170 2424 leges
198 2345 374 2404 Americanae
399 2354 496 2402 vetant
522 2346 700 2404 matrimonia
722 2348 874 2418 minorum,
889 2350 998 2428 absque
1019 2371 1164 2413 consensu
1186 2372 1289 2433 paren·

92 2453 163 2511 tum,
178 2441 224 2500 rel
235 2449 368 2506 tutorum,
390 2442 522 2517 gravibus
538 2442 704 2518 plerumque
720 2446 812 2522 poenis
827 2448 915 2507 sacris
937 2449 1075 2508 ministris
1090 2449 1141 2525 qui
1156 2468 1193 2510 aa
1204 2450 1288 2512 cele·

91 2538 242 2604 braverint,
254 2536 409 2602 intentatis,
421 2532 473 2592 sed
487 2536 590 2604 valent,
603 2539 718 2611 vimque
730 2541 856 2600 obtinent
870 2543 956 2601 etiarn
970 2543 1001 2603 in
1021 2544 1083 2605 foro
1103 2544 1211 2605 cirili.⁴

128 2696 171 2763 (l)
190 2695 250 2745 Inst.
262 2694 278 2744 l.
289 2693 321 2743 ir.
330 2708 351 2742 c.
362 2692 413 2744 xix.
424 2695 465 2743 37.

127 2783 174 2848 (2)
188 2779 254 2849 Sese.
262 2781 330 2832 xxiv.
341 2793 393 2846 cap.
404 2779 421 2831 i.
432 2781 463 2832 de
473 2779 515 2831 ret
526 2780 587 2831 Mat

127 2870 165 2932 (3)
182 2866 221 2919 De
229 2868 292 2918 Mat.
303 2869 343 2917 vol
354 2869 369 2920 i.
380 2883 404 2933 p.
415 2866 449 2919 iii.
462 2871 485 2928 ς.
496 2866 513 2918 i.
521 2883 574 2934 cap.
585 2868 619 2918 iri.
631 2883 655 2932 p.
667 2867 726 2917 817.

126 2952 169 3018 (4)
186 2949 274 3004 Kent's
298 2949 499 3012 Commentarios,
516 2954 564 3002 vol.
575 2951 600 3002 ii.
617 2950 675 3003 Lac.
685 2950 755 3001 xxvi.
796 2957 811 2982 “
821 2949 876 3002 The
892 2962 996 3005 consent
1017 2955 1046 3005 ol
1058 2966 1160 3022 parents
1171 2974 1201 3012 cr
1221 2978 1295 3027 gur.

92 3037 376 3103 dimstotlaemarriage
387 3040 415 3090 of
421 3036 812 3104 minorsisnotrequiaitetothe
820 3038 963 3104 validityof
969 3040 1011 3092 the
1022 3043 1168 3107 marriagc.”
1324 3031 1327 3039 ’
