2798 5092
350 334 407 395 DE
427 333 743 396 lMPEDIMENTlS
763 334 1035 397 Mauutnouu.
1235 340 1291 399 lar

50 508 53 512 ·
98 498 156 548 tota
169 492 304 567 agnoscit
317 492 466 553 Ecclesia:
490 493 664 553 “Doctrina
678 493 784 572 synodi
804 513 935 554 asserens
950 495 985 554 ad
999 514 1162 572 supremam
1178 495 1290 555 civilem

98 599 271 664 potestatem
296 590 441 651 dumtaxat
469 593 622 671 originaria
637 602 765 671 spectare
785 594 941 652 contractui
953 595 1127 653 matrimonii
1147 612 1290 671 apponere

95 686 303 764 impedimenta
323 691 384 769 ejus
399 692 522 768 generis,
544 710 607 765 qnae
629 691 722 768 ipsum
744 691 853 751 nullum
874 691 1005 760 reddunt,
1020 691 1209 765 dicunturque
1225 690 1291 751 diri-

97 788 223 856 mentla3
240 786 315 860 quod
325 789 375 866 jus
389 791 573 867 originarium
586 801 722 868 preterea
735 789 909 850 diciturcum
918 791 983 868 jure
996 791 1182 868 dispensandi
1194 810 1291 851 essen·

97 885 201 944 tialiter
216 905 388 956 connexum,
404 889 590 966 snbjungens,
605 889 756 966 supposito
777 907 907 956 assensu,
921 889 968 947 vel
985 889 1166 948 conniventia
1187 893 1290 969 princi·

97 999 165 1058 pum
183 985 313 1058 potuisse
327 983 490 1043 Ecclesiam
507 985 584 1061 juste
605 985 777 1044 constituere
798 984 1003 1061 impedimenta
1016 983 1176 1044 dirimentis
1189 987 1284 1064 ipsum

97 1089 274 1138 contractum
290 1082 594 1149 matrimonii-Quasi
609 1083 742 1141 Ecclesia
756 1101 813 1140 non
835 1101 949 1159 semper
963 1083 1094 1159 potuerit,
1110 1103 1142 1141 ac
1156 1085 1247 1161 possit
1261 1085 1291 1145 in

97 1176 329 1237 Christianorum
350 1179 539 1238 matrimoniis
556 1179 629 1258 June
644 1179 768 1258 proprio
793 1179 997 1258 impedimenta
1022 1181 1205 1248 constituere,
1227 1200 1290 1258 quae

97 1274 312 1334 matrimonium
325 1293 384 1334 non
398 1275 493 1335 solum
505 1277 673 1354 impediant,
685 1276 736 1335 aed
747 1288 775 1335 et
783 1277 893 1336 nullum
902 1276 1020 1337 reddant
1028 1277 1121 1352 quoad
1133 1278 1289 1348 vinculum,

95 1372 200 1445 quibua
214 1372 360 1431 christiani
374 1374 501 1432 obstricti
510 1383 658 1433 teneantur
669 1376 753 1434 etiam
768 1376 798 1433 in
812 1376 892 1434 terris
905 1374 1075 1443 infidelium,
1087 1376 1117 1434 in
1130 1374 1290 1450 iisdemque

95 1468 298 1546 dispensare,'’
321 1469 469 1529 damnatur
489 1481 520 1528 nt
542 1480 716 1530 “canonum
731 1472 773 1529 iii.
788 1472 827 1530 iv.
842 1474 883 1530 ix.
898 1472 949 1530 xii.
965 1472 1047 1533 Saus.
1075 1473 1154 1531 xxiv.
1177 1472 1290 1531 concilii

95 1566 261 1641 Tridentini
274 1569 413 1636 eversiva,
428 1567 590 1628 bereticn”
612 1569 707 1649 (prop.
722 1569 789 1647 lix.)
831 1570 932 1630 “ltem
947 1571 1054 1648 rogatio
1069 1570 1174 1647 synodi
1192 1571 1225 1629 ad
1240 1589 1291 1649 po·

92 1675 223 1725 testatem
238 1666 363 1734 civilem,
377 1676 409 1725 ut
422 1685 438 1724 e
453 1686 572 1727 numero
583 1668 852 1746 impedimentorum
868 1667 947 1727 tollat
956 1667 1158 1744 cognationem
1175 1669 1289 1746 spiritu·

94 1761 180 1830 alem,
195 1775 281 1836 atque
294 1763 365 1822 illud
379 1763 455 1838 quod
470 1764 572 1824 dicitur
587 1766 708 1843 publicae
724 1764 882 1824 honestatis
903 1763 1151 1840 impedimentum,
1168 1784 1289 1839 quorum

94 1863 176 1938 origo
190 1863 329 1938 reperitur
342 1864 372 1921 in
386 1863 554 1922 collectione
567 1863 586 1925 J
588 1864 722 1922 ustiniani
735 1882 743 1931 ;
766 1874 825 1923 tum
839 1874 872 1921 ut
884 1862 1034 1941 restringat
1047 1862 1288 1940 impedimentum

94 1960 251 2029 affinitatis,
273 1969 303 2018 et
328 1963 507 2039 cognationis
530 1980 567 2019 cx
588 1979 769 2035 quacumque
790 1961 876 2028 licita,
898 1970 945 2018 aut
968 1960 1066 2018 illicita
1087 1961 1288 2038 conjunctione

96 2061 290 2138 provenientis
313 2060 349 2119 ad
371 2072 501 2135 quartum
516 2060 634 2137 gradum
651 2061 734 2138 juxta
754 2059 869 2118 civilem
894 2057 1063 2117 numerandi
1079 2058 1217 2118 rationem
1239 2077 1289 2136 per

96 2158 200 2218 lineam
216 2158 360 2217 lateralem
375 2168 403 2217 et
416 2159 573 2232 obliquam,
588 2158 627 2216 ita
642 2167 735 2217 nmen
757 2165 790 2214 ut
809 2174 875 2232 spes
891 2155 968 2214 nulla
988 2154 1161 2230 relinquatur
1175 2154 1288 2231 diepen-

97 2256 214 2315 sationis
229 2254 391 2316 obtinenda
403 2256 603 2324 ;-Quatenus
617 2255 701 2314 civili·
711 2257 842 2333 potestati
857 2256 908 2332 jue
930 2253 1056 2312 attribuit
1068 2253 1130 2311 eive
1145 2252 1287 2322 abolendi,

100 2354 159 2412 sive
171 2354 361 2431 restringendi
370 2352 790 2431 impedimentaEcclesiastica
803 2351 968 2412 auctoritate
982 2350 1144 2419 constituta,
1153 2351 1198 2409 vel
1211 2369 1289 2412 com·

98 2453 211 2529 probata
224 2472 233 2511 a
255 2453 324 2511 item
340 2470 396 2523 qua
410 2460 487 2528 parte
509 2450 646 2529 supponit
659 2436 821 2510 Ecclesiam
843 2467 894 2528 per
907 2457 1075 2527 potestatem
1090 2449 1202 2510 civilem
1222 2468 1288 2528 spo·

98 2548 156 2607 lieri
170 2566 256 2627 posse
267 2549 334 2625 jure
348 2565 401 2606 suo
422 2545 609 2624 dispensandi
632 2565 720 2625 super
738 2546 951 2625 impedimentis
973 2547 1007 2605 ab
1029 2546 1093 2623 ipsa
1117 2546 1287 2616 constitutis,

99 2645 141 2703 vel
154 2644 380 2723 comprobatis,'’
400 2644 556 2704 declaratur
571 2655 603 2702 ut
623 2644 788 2702 “libertatis
800 2663 833 2701 ac
856 2642 1004 2720 potestatis
1018 2641 1158 2718 Ecelmiae
1173 2643 1287 2701 subver-

100 2744 165 2813 siva,
176 2744 350 2803 Tridentino
359 2742 508 2811 contraria,
523 2760 560 2800 ex
571 2740 725 2808 hareticali
738 2739 965 2821 suprajdarnnato
976 2739 1117 2817 principio
1129 2730 1285 2816 profectu.”

102 2839 195 2919 (Prop.
208 2839 266 2918 lx.)
