2798 5092
91 311 129 365 32
447 309 504 369 DE
527 307 661 368 SAORO
684 309 920 371 COELlBATU.

91 475 121 524 et
134 465 280 524 abortione
295 476 462 544 properante
477 469 507 526 iu
521 467 703 546 parricidium
727 480 822 545 partus
844 469 1050 545 expressus.”1
1089 470 1189 538 Quum
1204 468 1290 547 igitur

90 571 216 620 atrocem
232 563 304 621 hanc
318 582 437 622 uxorem
452 564 588 623 tractandi
603 567 740 624 rationem
762 567 790 624 ei
804 566 939 642 probrum
954 567 1081 644 objiciat,
1097 566 1197 640 liquet
1211 567 1292 624 oleri·

92 677 142 717 cos
157 661 342 718 consuevisse
357 662 490 739 conjugio
504 663 545 720 uti
560 663 667 735 absque
682 663 739 720 ulla
755 662 991 740 reprehensione.

133 754 223 833 Resp.
244 757 416 816 Verosimile
431 758 516 817 estid
532 768 595 818 ente
611 757 800 817 sacerdotium
816 769 982 835 susceptum
997 759 1155 837 contigisse
1169 779 1177 826 ;
1205 758 1292 817 totius

91 855 169 911 enim
185 864 317 912 anteactae
334 856 397 913 vite
411 854 519 914 scelera
532 857 560 914 ei
573 851 726 933 exprobrat
747 857 912 933 Cyprianus
930 875 937 913 :
962 865 982 894 ‘⁸
996 855 1117 933 Spoliati
1132 856 1168 914 ab
1182 854 1234 913 illo
1246 874 1296 933 pu·

93 950 165 1029 pilli,
182 952 313 1011 fraudate
329 952 431 1020 viduae,
446 955 574 1030 pecunie
588 972 704 1028 quoque
726 953 869 1012 Ecclesiae
883 953 1029 1031 denegatae
1051 952 1103 1011 has
1117 952 1153 1011 de
1168 952 1220 1011 illo
1235 952 1294 1010 exi·

93 1060 276 1126 guntpoenas
292 1069 362 1124 quas
378 1052 407 1110 iu
421 1051 484 1128 ejus
506 1052 600 1109 lurore
622 1053 826 1128 conspicimus.
872 1053 956 1110 Pater
980 1052 1066 1109 etiarn
1089 1051 1152 1128 ejus
1177 1051 1208 1108 in
1231 1051 1295 1108 vico

91 1147 166 1205 fame
182 1160 319 1215 mortuus,
335 1148 410 1206 stab
425 1167 460 1206 eo
476 1150 504 1206 in
520 1160 609 1207 morte
625 1148 807 1226 postmodnm
822 1168 876 1207 nec
887 1149 1027 1226 sepultus.
1071 1148 1177 1207 Uterus
1194 1148 1294 1206 uxoris

90 1243 169 1302 ealce
184 1263 346 1320 percussus,
361 1244 438 1303 etc.”
480 1245 625 1304 Ceterum
640 1248 666 1303 si
681 1246 748 1318 quis
764 1244 917 1304 contendat
930 1265 997 1304 eum
1014 1245 1176 1304 sacerdotio
1201 1245 1296 1302 initia-

90 1351 152 1400 tum
165 1343 219 1401 hoo
233 1343 349 1401 sceleris
372 1353 511 1420 petresse,
526 1343 703 1401 schismatici
722 1355 751 1402 et
770 1343 897 1402 heretici
920 1344 1046 1402 hominis
1068 1342 1237 1420 exemplum
1252 1341 1294 1401 nil

93 1439 161 1498 sacit
174 1451 271 1498 contra
286 1440 426 1498 Ecclesiae
442 1441 610 1499 universalis
634 1459 738 1498 mores.
1031 1420 1041 1463 ¹

135 1540 200 1593 166.
227 1533 293 1613 obj.
310 1541 339 1595 8.
361 1536 555 1595 Tertullianus
571 1539 668 1596 uxoris
683 1538 829 1596 consortio
842 1555 913 1596 usus
928 1536 1048 1604 videtur,
1062 1555 1147 1611 quam
1164 1536 1294 1594 hortatus

93 1643 137 1690 est
151 1651 187 1690 ne
202 1643 399 1709 postmortem
415 1634 462 1692 alii
478 1636 603 1702 nuberet,
619 1636 775 1693 rationibus
790 1634 904 1693 consilii
918 1634 991 1692 libro
1004 1634 1157 1710 expositis.

133 1728 223 1807 Resp.
247 1731 413 1791 Doctitsimi
428 1734 517 1792 critici
532 1745 650 1792 censent
663 1734 751 1791 libros
766 1733 801 1791 ad
815 1751 934 1793 uxorem
949 1734 1072 1810 scriptos
1087 1732 1296 1792 a'l'ertulliano

98 1825 192 1884 adhuc
218 1826 316 1885 laico.l
357 1828 500 1887 Ceterum
525 1829 567 1888 nil
588 1830 624 1886 iis
646 1829 884 1902 contineturque
910 1829 1044 1905 probetur
1064 1847 1131 1886 eum
1147 1829 1296 1887 consortio

95 1925 195 1982 marito
210 1925 273 1984 frui.
316 1927 395 1986 Alias
411 1927 545 2004 predicat
558 1928 761 1986 continentiam
784 1928 963 1994 clericorum,
974 1944 1052 2000 vquos
1076 1935 1158 1984 vocat
1182 1936 1203 1963 “
1217 1927 1294 1991 uiros

97 2023 221 2101 virgines
236 2044 269 2083 ae
282 2025 458 2085 voluntarios
469 2025 658 2103 spadones.”⁸
687 2035 706 2063 ¹⁶
720 2027 826 2093 Quanti
841 2027 870 2084 in
885 2024 1086 2083 ecclesiasticis
1099 2024 1248 2083 ordinibus
1263 2024 1298 2084 de

95 2121 269 2181 continentia
283 2134 444 2190 censentur,
459 2125 509 2196 qui
522 2124 585 2182 Dec
595 2125 706 2187 ‚nubere
722 2122 891 2189 maluerunt,
907 2122 957 2194 qui
971 2122 1064 2179 carnis
1077 2140 1137 2179 suae
1153 2121 1294 2182 honorem

96 2220 288 2286 restituerunt,
305 2221 411 2293 quique
421 2239 457 2288 ‚se
468 2221 529 2297 jem
553 2221 628 2279 illius
650 2221 703 2278 evi
724 2221 799 2278 filios
823 2219 997 2285 dicaverunt,
1024 2219 1189 2300 occidentes
1214 2221 1244 2278 in
1264 2239 1296 2278 se

97 2317 361 2390 concupiscentiam
377 2315 516 2385 libidinis,
532 2327 560 2375 et
574 2326 663 2376 totum
678 2316 749 2375 illud
765 2316 841 2390 quod
862 2317 934 2375 intra
949 2315 1112 2391 paradisum
1135 2334 1194 2374 non
1209 2316 1302 2393 potuit

98 2410 256 2469 admitti.⁸’⁴
288 2399 291 2407 ’
1081 2396 1092 2410 “
1271 2429 1274 2433 ’

141 2512 207 2568 167.
233 2506 299 2586 Obj.
322 2513 351 2567 9.
374 2509 406 2568 S.
429 2510 586 2586 Gregorius
615 2510 831 2578 Nazianzenus,
860 2509 1029 2586 Theologus
1059 2520 1253 2586 nuncupatus,
1281 2529 1298 2568 a

99 2617 177 2684 patre
187 2608 246 2682 jam
271 2609 407 2684 episcopo
421 2609 533 2684 genitus
548 2618 605 2677 est,
618 2610 658 2666 nti
679 2608 768 2682 liquet
788 2628 826 2668 ex
849 2609 942 2667 verbis
968 2609 1116 2676 carminis,
1141 2609 1171 2667 in
1194 2608 1298 2683 quibus

99 2704 189 2765 filium
205 2705 246 2762 sic
260 2704 431 2777 alloquitur:

416 2869 420 2877 '
443 2873 519 2922 Ονπω
530 2868 630 2922 costros
641 2867 823 2938 εκμεμὲτρηκας
832 2865 886 2933 βίον
903 2941 905 2945 ,

443 2961 505 3016 Οσος
516 2953 601 3024 δίηῇε
613 2954 703 3017 §noim
715 2959 768 3024 εμὸι
780 2977 871 3024 χρονος.

338 3081 475 3140 Nondum
492 3093 595 3140 tantam
610 3102 745 3141 emensus
760 3102 791 3141 es
803 3084 901 3152 vitam,

341 3179 487 3246 Quantum
503 3179 637 3255 preteriit
650 3179 720 3237 mihi
735 3179 939 3238 sacrificiorum
955 3188 1080 3256 tempus.

139 3336 228 3414 Resp.
251 3335 296 3394 De
317 3346 411 3394 mente
426 3335 571 3413 scriptoris
593 3355 649 3394 nou
671 3337 739 3394 satis
762 3347 892 3396 constat:
916 3337 945 3396 id
967 3356 1035 3396 vero
1049 3337 1229 3415 exploratum
1246 3348 1299 3406 est,

103 3433 274 3511 Gregorium
291 3453 348 3491 nou
362 3445 427 3491 ante
446 3453 552 3504 anuum
565 3437 635 3491 326
650 3434 823 3511 baptismum
839 3435 1014 3513 suscepisse,
1029 3454 1096 3493 nam
1111 3435 1198 3494 resert
1213 3437 1300 3503 filins,

99 3531 243 3607 episcopis
267 3531 397 3590 Nicaeam
422 3530 671 3597 contendentibus,
689 3543 799 3608 patrem
825 3530 997 3590 desiderium
1022 3532 1107 3607 hujus
1128 3532 1301 3591 sacramenti

101 3627 223 3685 Leontio
239 3629 444 3696 manifestasse,
455 3629 531 3701 quod
546 3629 631 3706 paulo
646 3641 711 3704 post
726 3629 842 3706 recepit,
853 3628 1011 3687 sacerdotio
1023 3629 1138 3686 nonnisi
1151 3631 1301 3706 interjecto

99 3725 237 3798 temporis
252 3726 343 3800 spatio
358 3725 529 3782 initiandus:
553 3735 573 3761 ‘⁶
585 3724 652 3782 Non
669 3726 789 3783 multum
805 3719 943 3802 temporis
960 3715 1166 3792 interfluxerat,
1182 3745 1249 3784 curn
1265 3724 1300 3784 ad

102 3840 166 3880 eam
181 3821 509 3897 regenerationemque
524 3839 575 3897 per
589 3839 691 3894 aquam
708 3822 860 3898 etspiritus
876 3821 997 3880 efficitur
1009 3821 1072 3897 ipse
1089 3820 1200 3878 accedit
1215 3863 1223 3879 .
1240 3862 1248 3879 .
1265 3862 1273 3879 .
1290 3861 1298 3878 .

101 3917 297 3977 Sacerdotium
311 3929 404 3975 autem
413 3917 534 3994 suscipit
548 3934 605 3976 non
620 3937 654 3976 ea
668 3918 799 3975 facilitate
815 3909 847 3976 ac
858 3919 1035 3983 confusione,
1046 3935 1110 3990 que
1120 3936 1197 3976 nnnc
1212 3919 1300 3996 viget,

102 4017 154 4075 sed
169 4017 305 4076 nonnullo
319 4017 467 4094 interjecto
481 4018 619 4094 temporis
633 4016 774 4094 spatio.”³
812 4020 885 4076 Ante
900 4036 1005 4076 annum
1029 4021 1086 4075 326
1101 4016 1130 4074 id
1144 4017 1301 4095 contigisse

103 4113 152 4199 ¹virt
164 4113 383 4172 existimandum
399 4123 452 4172 est.
493 4113 557 4171 Jarn
575 4130 642 4172 vero
657 4123 769 4172 constat
790 4132 827 4185 ex
846 4113 1086 4189 chronologorum
1102 4113 1302 4172 consensione

301 4291 343 4356 (l)
363 4289 412 4353 Ep.
423 4289 485 4354 xlix.
496 4289 527 4338 ed
539 4287 637 4338 Cornel.
650 4289 679 4338 de
692 4288 785 4339 Novati
801 4288 940 4338 sceleribus.

302 4378 341 4442 (2)
361 4376 427 4426 Dum
446 4374 535 4424 Gellier
546 4375 660 4424 Bibliotb.
671 4376 715 4426 des
724 4385 824 4426 auteurs
835 4375 931 4426 Eccles.
942 4381 960 4424 t.
970 4373 995 4423 ii.
1006 4388 1030 4437 p.
1042 4373 1102 4421 375.

302 4464 341 4528 (3)
361 4461 393 4511 L.
404 4462 434 4511 de
446 4461 556 4511 velandis
568 4462 655 4524 virgin.

303 4547 345 4612 (4)
365 4547 395 4598 L.
406 4549 436 4598 de
448 4548 542 4598 exhort
554 4555 616 4599 cest.

306 4632 348 4698 (6)
369 4633 437 4683 Oret.
446 4633 514 4682 xviii.
521 4649 547 4682 n.
561 4637 600 4683 12.
614 4636 654 4683 13.
667 4636 707 4684 15.
