2798 5092
148 34 555 186 5551555·
600 53 884 160 W·
964 104 977 135 ·

134 303 171 361 51)
594 298 820 361 ΔΡΡΕΝΒῙΧ.

124 469 203 519 ectus
217 468 271 527 cst,
286 457 426 517 damnatis
440 458 503 536 ejus
517 459 669 526 erroribus,
689 459 774 536 juxta
795 456 956 517 mandatum
979 455 1140 516 (1515511111.
1182 455 1309 521 eonem

117 557 268 617 ructoritati
282 556 453 615 obstiterunt
465 556 592 615 loannes
613 554 771 633 patriarcha
791 555 999 624 Antiochenus,
1022 553 1227 614 Theodorctus
1249 554 1311 635 Oy·

111 655 213 722 155515,
235 653 340 728 aliique
362 653 477 731 plurimi
494 653 624 731 episcopi
646 651 818 720 Orientalee,
840 652 978 713 Nestorio
998 652 1064 729 plus
1085 670 1171 726 aequo
1192 652 1309 723 addicti,

110 753 240 843 quamvis
255 752 328 810 ab
304 771 380 843 eJus
381 770 476 811 errore
491 752 588 810 alieni.
630 751 736 810 Postea
752 761 845 809 tamen
865 768 931 824 quae
946 761 1053 808 temere
1068 760 1190 827 egerunt
1204 762 1307 811 ratrac-

109 861 212 919 tarunt,
230 867 298 927 pace
314 850 427 908 55158.
440 824 573 926 Oyriffit'
566 848 645 917 mita,
660 859 689 906 51
703 846 864 926 Ephesinis
878 846 999 905 decretis
1015 847 1131 924 agnitis.

149 944 321 1005 Ooucmmu
335 944 388 1004 lV.
402 946 632 1012 OEcuuamcmr,
649 944 858 1002 0515555555
873 932 1061 1002 esthahitum
1082 960 1159 1002 anno
1185 947 1260 1013 451,
1279 944 1312 1005 S.

108 1040 215 1101 Leonis
230 1043 317 1119 Papae
329 1049 359 1099 et
372 1042 513 1100 Marciani
536 1041 715 1118 imperatoris
730 1058 827 1116 opera,
843 1050 873 1125 51
887 1038 1064 1118 Eutychcts‘s
1077 1058 1157 1099 error
1170 1039 1207 1099 de
1222 1041 1307 1101 unica

109 1139 142 1199 15
156 1139 276 1199 Christo
290 1151 389 1198 natura
400 1139 534 1199 radicitus
549 1139 725 1198 evelleretur.
748 1138 906 1196 Dioscoms
916 1137 1126 1196 Alexandrinus
1139 1139 1309 1216 patriarcha,

109 1238 160 1312 qui
174 1238 364 1298 conciliabulo
378 1236 491 1296 cuidam
506 1236 658 1313 Ephesino
673 1247 770 1295 contra
786 1236 829 1293 fas
854 1253 939 1294 55155
954 1236 1113 1312 prefuerat,
1129 1235 1199 1295 sede
1214 1236 1309 1316 dejec-

107 1345 153 1395 tus
181 1346 235 1405 eat,
264 1337 421 1413 reprobatis
444 1334 615 1394 Latrocinit'
646 1333 723 1392 illius
751 1334 832 1392 actis.
874 1332 983 1391 Leonis
1012 1334 1157 1410 pontificis
1187 1336 1311 1395 55515115

109 1433 258 1512 plausibus
273 1443 393 1510 excepta
407 1443 451 1491 est
461 1432 621 1510 dogmatica
630 1431 665 1490 ad
677 1432 844 1489 Flavianum
855 1431 986 1507 epistola,
999 1448 1056 1505 qua
1067 1430 1139 1490 duaa
1151 1433 1182 1491 in
1192 1432 1311 1495 Christo

106 1542 221 1590 naturas
237 1540 256 1568 ‘⁴
269 1530 430 1598 inconfuse,
446 1528 760 1596 incommunicabiliter,
770 1527 904 1596 indivise,
920 1528 1157 1606 inseparabiliter,
1172 1529 1205 1588 in
1220 1549 1308 1592 unum

106 1646 258 1706 personam
284 1638 368 1701 atque
392 1627 607 1686 subsistentiam
628 1622 817 1685 concurrere”
838 1623 987 1683 definitum
1005 1636 1059 1684 551.
1101 1625 1307 1693 ’15555515155

108 1725 262 1804 cyrensis,
277 1737 305 1784 et
319 1725 384 1784 lbas
400 1724 568 1783 Edessenus
583 1725 657 1783 inter
670 1724 769 1783 Patres
789 1724 933 1791 sederunt,
949 1733 1101 1800 postquam
1121 1734 1141 1761 ‘⁸
1155 1726 1308 1787 anathema

106 1822 267 1883 Nestorio’‘
281 1823 465 1901 protulerant.
507 1821 633 1880 Concilii
647 1821 733 1898 hujus
744 1820 856 1879 decreta
870 1820 905 1878 de
921 1820 976 1878 tide
991 1817 1174 1881 confirmavit
1188 1823 1221 1882 Β.
1237 1823 1309 1894 Iao,

105 1920 229 1980 rescisso
244 1939 364 1988 canone,
385 1938 443 1994 qno
457 1919 596 1996 episcopo
619 1916 940 1995 Constantinopolitano
954 1919 1048 1976 honor
1061 1929 1127 1996 poet
1141 1919 1309 1982 Romanum

105 2020 270 2097 pontificem
285 2017 440 2085 secundus,
455 2027 552 2076 contra
566 2016 740 2075 Antiocheni
755 2028 784 2075 et
797 2015 986 2075 Alexandrini
1000 2018 1226 2094 patriarcharum
1243 2021 1310 2099 jura

105 2116 135 2175 iu
151 2116 274 2175 Nicaeno
288 2115 412 2177 concilio
426 2114 531 2190 agnita,
547 2113 668 2171 tributus
682 2126 737 2171 est.

40 2281 44 2289 Ι
146 2210 320 2272 Ooucrurnu
335 2211 373 2269 V.
397 2211 628 2277 OEouuamcuu,
640 2209 931 2269 Oouerartrruoeom
944 2228 1019 2270 anno
1035 2213 1096 2269 558
1111 2209 1243 2271 habitum
1257 2223 1309 2283 551,

108 2313 164 2370 leo
190 2310 335 2387 episcopis
359 2309 552 2367 Orientalibus
574 2307 729 2366 Justiniani
755 2307 876 2366 senioris
901 2306 1080 2386 imperatoris
1098 2308 1186 2385 jussu
1201 2328 1307 2371 courc-

103 2407 258 2473 niectibus,
281 2405 316 2463 ad
337 2403 477 2463 sedandas
498 2404 592 2462 turbas
614 2402 649 2460 de
670 2402 767 2461 tribas
789 2402 929 2481 capitulis
950 2416 1036 2464 ortae.
1078 2404 1224 2465 Damnata
1237 2417 1306 2467 suut

105 2504 167 2562 hac
181 2522 269 2579 opera
288 2521 345 2561 una
368 2520 434 2559 cum
458 2500 640 2579 Origeuianis
666 2501 820 2568 erroribus,
835 2502 905 2575 quin
930 2513 1024 2561 151555
1045 2500 1246 2575 Theodorcto,
1261 2505 1308 2565 vel

103 2601 173 2668 lbae,
196 2617 269 2673 quos
291 2597 543 2658 chalcedonenses
570 2610 662 2674 patres
685 2612 857 2673 exceperant
870 2599 1030 2658 inureretur
1055 2612 1132 2658 nota.
1177 2602 1306 2672 Restitit,

63 2752 66 2760 .
104 2697 153 2759 din
168 2698 293 2777 Vigilius
317 2696 447 2776 pontifex
470 2695 586 2754 concilii
610 2695 803 2762 celebrationi,
826 2697 910 2770 eique
931 2690 1045 2775 rogatus
1066 2698 1161 2758 noluit
1181 2699 1306 2777 adesse3

101 2797 164 2874 ejus
189 2806 284 2855 151555
309 2794 431 2860 decreta,
452 2803 550 2869 utpote
573 2793 681 2850 veritati
702 2803 730 2851 et
749 2791 890 2852 ,Iudicate
911 2812 965 2852 suo
979 2813 1119 2864 consona,
1135 2807 1316 2873 posteaaua-

102 2893 266 2952 auctoritate
291 2892 431 2951 munivit:
453 2888 529 2948 unde
554 2889 724 2948 oeoumenici
752 2891 867 2948 55551111
893 2893 1088 2951 auctoritatem
1113 2894 1307 2967 obtinuerunt,

102 2991 206 3051 frustra
219 2990 422 3049 reluctantibus
435 2988 667 3047 Occidentalibus
682 2988 828 3065 episcopis
842 2989 1073 3066 quamplurimis.

140 3088 315 3149 0555151511
334 3087 386 3145 VI.
402 3086 632 3151 OEcuurrurcurr,
652 3084 939 3145 055555551555551
957 3107 1032 3146 5555
1053 3092 1108 3146 681
1131 3090 1307 3151 celebratum

102 3198 158 3255 551,
172 3189 231 3244 289
246 3183 481 3244 convenientibus
496 3183 652 3258 episcopis,
668 3181 700 3239 S.
716 3182 874 3259 Agathonis
891 3183 976 3259 Papae
992 3185 1167 3254 auctoritate,
1180 3198 1211 3244 et
1228 3188 1307 3248 Ocu·

108 3284 223 3342 stantini
238 3280 378 3360 Pogcnati
393 3299 489 3357 opera.
532 3279 712 3338 Damnarunt
726 3292 819 3356 patres
841 3281 1106 3351 Monothelitarum,
1121 3284 1174 3357 qui
1188 3285 1303 3345 unicam

99 3384 130 3441 in
146 3380 265 3438 Christo
280 3378 439 3436 statuebant
452 3377 637 3444 voluntatem,
652 3377 795 3435 heresim.

142 3476 315 3536 Ooucrumrr
330 3475 399 3535 Vll.
415 3475 644 3541 OEcnnamcnn,
658 3493 733 3533 5555
747 3480 817 3543 787,
833 3475 951 3534 Ν1555
970 3477 1000 3534 15
1022 3476 1169 3554 Bithynia
1185 3498 1305 3558 congre·

100 3584 196 3653 gotum
213 3584 266 3641 cst,
285 3578 343 3631 350
358 3572 514 3650 episcopis,
539 3571 678 3631 Hadriani
701 3571 725 3630 1.
742 3572 830 3649 Papae
851 3592 1004 3642 consensu,
1019 3586 1048 3634 et
1069 3574 1256 3637 Constantini
1276 3589 1305 3637 et

101 3674 202 3733 Irenes
221 3673 285 3749 ejus
300 3673 398 3730 matris
413 3689 510 3748 opera,
523 3670 768 3729 convenientibus.
811 3671 844 3729 15
865 3690 901 3731 55
922 3671 1070 3731 damnatus
1091 3687 1136 3731 est
1154 3675 1303 3737 iconoma-

100 3771 219 3830 chorum
245 3787 333 3836 error,
358 3767 500 3827 vindicata
523 3787 667 3827 sacrarum
689 3769 856 3845 imaginum,
880 3771 964 3847 juxta
988 3784 1136 3848 receptum
1158 3773 1300 3834 Ecclesia

102 3886 224 3937 morem,
241 3868 431 3926 veneratione.
1211 3924 1225 3938 ,

139 3967 312 4026 (1555151511
325 3965 408 4023 vul,
425 3965 655 4032 OEcuuanrcuu,
669 3984 743 4024 anno
758 3970 828 4034 869,
841 3967 1092 4045 Constantinopoli
1103 3981 1235 4031 coactum
1247 3982 1300 4041 551,

99 4066 152 4124 sub
166 4063 316 4124 Hadriano
330 4060 369 4120 11.
381 4062 471 4138 Papa,
481 4073 510 4119 et
525 4061 656 4120 Basilio
649 4072 829 4139 imperatore
858 4064 933 4141 Ejus
947 4066 1112 4124 arrotorrtate
1125 4067 1157 4124 S
1174 4068 1300 4145 ignatius

100 4163 301 4240 patriarcham
322 4159 422 4219 sedern
446 4159 792 4238 Constantinopolitanam
814 4164 959 4221 restitutus
973 4173 1028 4231 est,
1044 4165 1173 4225 Photio
1166 4184 1298 4227 rnrascrc

100 4258 231 4337 depulso.
273 4258 347 4318 Hac
361 4258 391 4317 15
406 4258 534 4325 Oriente,
551 4272 652 4316 catera
663 4278 727 4333 quae
739 4271 898 4332 sequuntur
911 4261 940 4318 in
954 4260 1111 4320 Occidente
1127 4262 1224 4322 habita
1235 4274 1298 4331 sunt

100 4357 234 4417 coucilia.
420 4420 424 4428 ,

139 4446 311 4515 eorem
336 4456 391 4516 IX.
412 4457 632 4516 OEcuisertrcuu
653 4456 877 4516 Laraaauuuen
899 4457 1006 4516 dictum
1033 4470 1088 4528 est,
1110 4479 1147 4521 eo
1167 4461 1245 4536 quod
1267 4462 1286 4521 11

99 4552 430 4615 &detestareris
456 4555 643 4621 5151151555,
666 4555 778 4624 Roma,
801 4556 927 4614 habitum
957 4557 1004 4615 sit.
1047 4557 1190 4620 Coactum
1217 4572 1263 4621 eat

100 4650 218 4713 Oalixto
236 4649 278 4711 11.
300 4668 376 4711 euno
399 4655 487 4720 1123,
508 4662 760 4726 conveneruntque
773 4652 905 4730 episcopi
920 4657 988 4713 ³00.
1030 4653 1274 4738 Investimrampt
