2812 5092
142 364 201 420 244
444 360 510 421 'DE
531 358 841 422 VENERATIONE
863 356 1027 420 oltucls.

139 520 299 587 calciatum,
324 518 361 578 sd
380 519 501 588 lavacra,
527 519 709 588 admensus,
737 518 773 577 ad
793 519 912 588 lumine,
941 518 977 577 ad
1004 519 1119 589 cubilia,
1147 519 1184 578 ad
1215 520 1333 580 sedilis:

140 635 319 690 quacumque
341 634 395 676 nos
414 617 592 675 conversatio
613 626 738 684 exercet,
752 616 875 675 frontem
897 617 990 676 cruris
1001 618 1152 695 signaculo
1165 618 1335 678 terimus.”¹

140 716 172 773 S.
209 713 338 791 cyrillus
372 714 654 791 Hierosolymitanus
688 714 803 773 scribit:
840 714 942 773 “Non
975 716 1180 775 erubescemus
1219 735 1332 778 crucem

140 812 261 893 Christi.
302 810 360 870 Sed
384 811 451 870 licet
476 811 551 872 alitts
572 813 646 871 irene
673 812 755 880 celet,
782 821 812 870 tu
834 811 928 888 palam
957 813 988 872 in
1018 813 1110 872 fronte
1139 815 1279 892 signare:
1306 825 1340 873 ut

95 914 105 945 ⁸
140 907 284 968 demones
299 909 383 986 signo
396 910 446 968 iilo
460 911 540 987 regio
553 920 718 987 conspecto,
734 909 835 986 procul
849 909 1022 986 trepidantes
1038 911 1161 988 fugiant.
1185 911 1332 972 Hostem

138 1009 253 1084 signum
267 1007 361 1077 facito,
376 1008 551 1067 manducans
564 1020 594 1066 et
604 1008 715 1074 bibens,
730 1006 846 1075 sedens,
862 1008 982 1072 cubans,
997 1008 1036 1066 de
1053 1008 1128 1067 iente
1145 1028 1275 1087 surgens
1295 1012 1332 1071 lo·

138 1121 240 1177 quens,
255 1105 421 1170 ambulans3
443 1115 472 1164 et
484 1114 516 1163 ut
528 1123 586 1163 uuo
600 1104 688 1163 verbo
702 1103 806 1171 diuam,
821 1104 852 1162 in
866 1105 945 1163 omui
959 1104 1038 1163 re.’'³
1077 1106 1109 1163 S.
1127 1105 1330 1184 Hieronymus

137 1200 167 1258 in
181 1199 229 1258 illa
243 1201 328 1259 verba
341 1201 487 1261 scribens:
520 1211 540 1239 ‘⁶
553 1202 636 1279 signa
650 1201 716 1260 thau
731 1218 818 1277 super
838 1200 945 1260 frontes
961 1201 1086 1261 virorum
1107 1205 1293 1279 gementium
1302 1205 1328 1273 ;’‘

137 1296 351 1356 animadvertit:
375 1308 394 1335 “
405 1299 540 1372 Antiquis
555 1299 747 1358 Hebrmorum
762 1297 874 1367 litteris,
890 1298 994 1372 quibus
1008 1317 1100 1373 usque
1115 1299 1204 1358 hodie
1219 1311 1332 1362 utuntur

138 1395 321 1464 Samaritani,
336 1406 464 1455 extrema
474 1396 560 1455 Thau
574 1396 667 1455 littera
680 1396 773 1455 erucis
783 1395 869 1454 habet
879 1394 1106 1465 similitudinem,
1119 1416 1185 1471 quae
1201 1398 1232 1458 iu
1247 1400 1331 1460 chris·

138 1494 278 1553 tianorum
294 1494 432 1554 frontibus
446 1495 582 1572 pingitur,
597 1508 626 1554 et
638 1494 780 1570 frequenti
793 1512 895 1553 manus
910 1494 1097 1589 inscriptione
1111 1497 1294 1573 signatur.”⁸

170 1656 209 1715 (1)
226 1650 257 1701 L.
268 1652 300 1702 de
310 1667 401 1703 corone
411 1652 496 1704 militis
506 1670 529 1706 c.
537 1653 573 1706 iii.
591 1654 653 1706 Heu
663 1655 767 1721 probent
777 1653 837 1705 dum
847 1655 950 1704 recitant
961 1652 1130 1705 oxonienses.
1152 1654 1233 1708 Treet
1243 1657 1271 1708 N
1272 1675 1293 1709 ο.
1304 1661 1333 1709 34

169 1736 207 1799 (2)
225 1736 324 1788 Csoech.
334 1738 368 1790 ir.

169 1826 207 1885 (3)
226 1823 258 1876 In
269 1838 290 1874 e
302 1824 338 1876 ix.
348 1825 366 1875 4
376 1824 469 1876 Erech.
