2812 5092
532 336 589 398 Du
610 337 887 400 sterlinum
1263 348 1303 403 25

106 512 205 553 rerum
222 513 326 573 corpus
351 506 380 554 et
401 496 572 574 sanguinem
584 496 714 568 Domini,
729 509 758 557 et
780 507 897 575 peccata
920 498 1082 559 remittendi
1101 510 1138 558 et·
1151 502 1301 571 retinendi,

108 591 158 650 sed
180 591 308 652 officium
323 603 430 652 tantum
453 605 483 653 et
501 594 609 653 nudum
632 597 823 655 ministerium
844 595 1016 673 predicandi
1040 597 1242 675 Evangelium,
1258 600 1302 659 vel

106 706 157 746 eor
172 690 293 763 quinon
309 689 474 768 predicant,
489 708 606 768 prorsus
622 711 679 750 non
694 711 758 750 esse
773 692 954 762 sacerdotes;
976 694 1127 753 anathema
1140 695 1224 754 sit.”¹

612 869 795 910 ruorost'rro.

149 1005 208 1066 Est
220 1007 255 1066 in
265 1025 341 1066 nouo
360 1006 550 1068 Tertommto
571 1008 769 1068 sacerdotium
783 1007 899 1068 visibile
920 1017 947 1069 et
968 1017 1144 1082 artemam,-
1167 1013 1216 1072 cui
1229 1030 1304 1072 oom-

15 1176 22 1187 ‚
103 1104 182 1183 petit
199 1111 333 1183 potestur
361 1105 552 1165 consecrandi
583 1113 610 1164 et
637 1105 778 1184 offerendi
805 1125 909 1167 oerum
936 1125 1040 1187 corpus
1068 1117 1096 1168 et
1123 1110 1304 1188 sauguinem

105 1201 242 1277 Domini,
258 1209 285 1261 et
293 1209 414 1281 peccatu
428 1202 598 1263 remittendi
613 1211 640 1262 et
659 1203 816 1263 retinendi.
1102 1225 1105 1229 ·

146 1297 340 1358 Probaturl.
356 1316 393 1357 ee
412 1297 588 1376 Scripturis.

146 1401 202 1456 27.
219 1396 354 1455 Christus
365 1406 430 1474 post
441 1396 620 1455 eucharistie
636 1399 893 1467 consecrationem,
904 1418 961 1473 qua
975 1418 1073 1458 verum
1087 1400 1151 1459 Deo
1166 1402 1244 1460 Patri
1258 1404 1306 1462 ob·

108 1495 181 1561 tulit,
197 1495 238 1554 uti
253 1490 449 1572 probarimus,
462 1495 644 1563 sacrificium,
660 1494 733 1554 dixit
744 1515 762 1566 r,
774 1505 793 1532 ‘⁸
808 1497 873 1555 Hoc
883 1497 966 1556 facite
981 1499 1010 1556 in
1025 1517 1117 1558 meam
1131 1518 1305 1559 commemo·

106 1595 245 1652 rationem
258 1590 302 1662 ;”¹
321 1592 484 1651 mandatum
514 1592 583 1651 illud
611 1591 751 1651 offerendi
778 1593 926 1671 Apostolis
951 1593 1038 1663 dedit,
1060 1608 1088 1654 et
1112 1597 1231 1674 proinde
1253 1616 1304 1656 eos

44 1752 51 1768 ,
107 1689 440 1759 constituitsaeerdotes;
463 1707 548 1749 nemo
559 1691 636 1749 enim
653 1692 702 1764 qui
717 1691 848 1774 sacerdos
865 1710 921 1750 non
933 1693 970 1750 sit
982 1704 1075 1770 potest
1086 1713 1182 1753 verum
1199 1707 1227 1753 et
1240 1713 1305 1773 pro-

107 1791 213 1867 prium,
235 1787 318 1862 quale
343 1799 388 1845 est
409 1781 589 1855 eucharistia,
610 1787 712 1845 offerre
738 1789 920 1847 sacrificium.
963 1790 1094 1849 Dicendo
1120 1793 1193 1850 illis:
1217 1793 1305 1862 F‘Ac·

106 1887 193 1965 cipite
215 1885 354 1962 Spiritum
376 1884 531 1942 Sanctum:
553 1903 675 1958 quorum
705 1885 870 1945 remiseritis
893 1898 1019 1963 peccata,
1041 1889 1221 1947 remittuntur
1241 1891 1303 1949 eis:

106 2003 228 2060 quorum
242 1981 426 2050 retinueritis,
440 1991 550 2040 retenta
570 1993 636 2038 sunt
647 1980 692 2048 ;”³
713 1980 791 2038 dedit
813 1991 980 2057 potestatem
1003 1980 1164 2043 remittendi
1184 1998 1213 2043 et
1239 1987 1304 2043 reti·

105 2080 194 2141 nendi
209 2092 333 2158 peecata.
378 2079 468 2138 Porro
492 2087 641 2150 utramque
668 2087 836 2153 potestatem
865 2091 1033 2154 perpetuam
1062 2097 1126 2136 esse
1154 2080 1246 2152 liquet
1267 2098 1305 2138 ex

107 2178 200 2238 Paulo
223 2178 343 2238 docente
371 2187 490 2236 mortem
517 2174 635 2234 Domini
663 2174 884 2232 annuntiandam
910 2175 1303 2256 eucharistiaecelebratione

106 2294 199 2350 usque
214 2276 248 2334 ad
263 2276 326 2353 ejus
341 2272 500 2333 secundum
522 2270 694 2340 adventum
716 2282 795 2329 etex·
807 2271 901 2329 verbis
923 2272 1079 2349 praemissis
1095 2275 1243 2349 potestat-is
1263 2290 1307 2332 re·

104 2372 235 2434 mittendi
251 2384 366 2450 peccata
388 2369 549 2429 collationi:
572 2369 683 2426 “Sicut
697 2368 775 2426 misit
795 2386 841 2425 me
862 2367 957 2435 Pater,
974 2381 1002 2426 et
1017 2387 1070 2445 ego
1095 2369 1176 2427 mitto
1202 2389 1251 2428 vos
1264 2369 1307 2429 :”⁴

106 2471 171 2530 haec
184 2470 294 2529 scilicet
308 2467 460 2528 ostendunt
471 2477 639 2544 potestatem
653 2465 726 2522 hanc
738 2463 771 2521 ad
787 2464 965 2532 missionem,
982 2476 1010 2522 et
1024 2464 1142 2552 proinde
1158 2465 1191 2524 ad
1208 2467 1306 2527 minis·

104 2567 208 2625 terium
235 2567 387 2645 pertinere.
428 2564 484 2622 Est
503 2563 589 2639 igitur
616 2579 713 2619 verum
738 2559 927 2617 sacerdotium
952 2580 969 2618 a
993 2560 1111 2619 Christo
1133 2562 1304 2633 institutum,

107 2660 221 2722 visibile
236 2673 264 2720 et
277 2672 439 2727 externum,
454 2656 500 2717 cui
514 2669 632 2731 utraque
649 2669 773 2734 potestas
788 2656 935 2733 competit.

145 2764 197 2819 28.
219 2757 363 2835 Equidem
376 2758 467 2832 liquet
480 2774 529 2814 eos
545 2755 593 2829 qui
609 2753 768 2812 Antiochia
783 2755 965 2810 versabantur
974 2752 1120 2830 prophete
1132 2768 1160 2812 et
1175 2752 1305 2815 doctores

109 2852 232 2916 risibilis
247 2869 275 2914 et
289 2855 398 2914 externi
414 2852 562 2912 sacerdotii
578 2869 695 2925 munere
710 2850 821 2918 iunctos
836 2868 911 2916 esse,
922 2848 997 2921 quod
1012 2849 1046 2906 de
1056 2850 1198 2909 sacrificio
1212 2853 1306 2912 oblato

109 2970 175 3035 apte
186 2944 367 3032 intelligitur,
376 2953 458 3030 juxta
469 2968 554 3008 usum
568 2950 641 3007 sacri
656 2948 803 3026 scriptoris
818 2967 825 3004 ε
848 2946 1056 3017 Λειτουργούντων
1068 2951 1093 3015 δὲ
1103 2954 1182 3002 arrae
1191 2951 1226 3018 τῷ
1235 2950 1311 3033 κυρίῳ

107 3053 154 3111 καῖ
171 3052 349 3125 momoderate
369 3046 631 3107 “Ministrantibns
658 3058 752 3103 autem
781 3044 838 3103 illis
866 3044 993 3104 Domino
1015 3056 1043 3104 et
1065 3046 1308 3123 jejunantibus.”⁵

110 3152 233 3211 Constat
252 3165 368 3223 quoque
393 3145 446 3202 ritu
469 3152 597 3209 externo,
626 3142 809 3219 impositione
830 3141 941 3199 scilicet
965 3160 1111 3208 manuum,
1135 3142 1256 3202 Paulum
1279 3159 1307 3203 et

109 3248 279 3314 Barnabam,
295 3245 323 3302 in
338 3260 443 3301 munus
458 3239 493 3298 ad
508 3239 585 3313 quod
600 3259 617 3297 a
630 3238 739 3315 Spiritu
754 3237 859 3296 Sancto
880 3236 982 3296 delecti
997 3248 1086 3306 erant,
1102 3238 1190 3296 luisse
1205 3259 1306 3300 conse·
1381 3268 1387 3288 ·

107 3359 219 3416 cratos3
240 3361 349 3418 eosque
373 3358 424 3417 per
446 3336 573 3415 singulas
595 3335 744 3396 Ecclesiae
762 3334 947 3410 presbyteros
969 3346 1103 3405 manuum
1119 3334 1305 3411 impositione

108 3445 316 3510 constituisse,⁸
329 3453 358 3499 et
371 3440 472 3499 Titum
487 3436 581 3494 Cretae
596 3454 612 3491 a
626 3433 716 3492 Paulo
728 3432 868 3497 relietum,
883 3442 915 3488 ut
924 3431 954 3489 in
966 3431 1092 3504 qualibet
1103 3433 1216 3491 civitate
1228 3454 1305 3512 pres-

107 3547 242 3622 bytemm
256 3539 459 3600 constitueretr
476 3528 507 3570 '‘⁴‘
517 3531 613 3608 Hujus
628 3529 669 3587 rei
690 3527 779 3606 gratia
799 3527 902 3601 reliqui
917 3538 943 3585 te
959 3526 1063 3595 Cretae,
1078 3539 1110 3585 ut
1124 3546 1158 3585 ea
1172 3549 1235 3602 quae
1257 3532 1305 3590 de·

107 3653 176 3704 sunt
189 3641 314 3718 corrigas
327 3657 335 3706 3
358 3647 386 3695 et
399 3632 556 3693 constituas
568 3647 618 3706 per
632 3626 760 3686 civitates
772 3626 965 3702 presbyteros,
975 3625 1049 3683 sicut
1063 3637 1091 3683 et
1104 3643 1159 3704 ego
1173 3626 1304 3706 disposui

107 3733 388 3807 ribi.”-xorarrr{rp;
406 3730 473 3788 rori
484 3731 555 3785 ulan
567 3725 789 3797 nprrurrlownsis
803 3723 850 3794 ἐγώ
863 3743 899 3778 σοι
910 3721 1077 3793 διεταξάμην·7
1117 3723 1163 3783 De
1186 3737 1304 3785 externo

108 3853 137 3899 et
160 3836 266 3896 risibili
290 3830 448 3894 ministerio
471 3825 547 3901 quod
572 3835 739 3901 perpetuum
765 3819 837 3877 foret
853 3818 948 3876 nullus
967 3817 1139 3877 estreliotus
1159 3819 1305 3879 dubitandi

107 3940 208 4004 locus;
229 3934 410 3994 illudentem
427 3923 617 3985 sacerdotium
632 3937 707 3987 esse,
722 3929 751 3975 et
770 3926 888 3991 utraque
903 3935 989 3991 quam
1007 3917 1194 3993 exposuimus
1210 3928 1305 3994 potes·

397 4148 400 4152 ι
474 4117 780 4189 (immunimus.
866 4104 867 4107 ’

474 4212 516 4278 (2)
536 4208 597 4260 Luc.
608 4207 668 4258 xxii.
679 4209 719 4256 19.

476 4301 515 4365 (³)
533 4297 606 4348 Joan.
615 4311 658 4345 xx.
670 4298 711 4344 22.

475 4387 518 4451 (4)
539 4383 683 4432 [uidemur.

474 4473 513 4536 (5)
534 4473 590 4520 Act.
602 4470 653 4520 xiii.
666 4472 690 4517 2.
762 4505 765 4513 .

478 4561 518 4624 (6)
537 4556 630 4607 Ibidem
641 4555 691 4604 xiv.
704 4555 747 4602 22.

478 4646 520 4712 (7)
539 4643 590 4693 Tit.
602 4643 617 4692 i.
627 4645 651 4692 5.

156 4726 230 4784 Vot-
247 4719 361 4781 IV.—³
405 4812 416 4828 Ι
