2798 5092
455 347 511 406 DE
533 347 669 406 SAORO
692 345 927 408 COELlBA'l'U.

503 604 703 645 omuononus
716 604 900 645 sonvunuutt.

138 749 201 803 142.
228 743 299 825 obj.
318 748 344 803 1.
368 743 436 802 Non
459 755 568 803 constat
585 743 620 802 de
648 744 711 821 lege
728 745 905 822 Apostolica,
921 745 965 803 vel
989 745 1131 823 prioribus
1155 746 1296 806 Ecclesia

95 841 209 900 saeculis
224 841 293 907 lata,
309 860 365 914 qua
384 841 548 918 conjugium
572 854 637 918 post
657 841 771 899 ordines
793 855 942 920 susceptos
960 844 1125 902 vetabaturs
1148 864 1213 903 nam
1229 865 1295 905 con·

96 938 260 995 stitutiones
277 935 360 996 dictae
376 947 396 975 ⁸⁶
411 938 574 1016 apostolicae
588 937 608 964 '’
624 948 720 997 carent
735 939 911 1008 auctoritate,
933 951 961 998 et
974 941 1115 999 recentius
1130 940 1211 999 editas
1233 963 1298 1002 nos·

96 1046 222 1093 cuntur.-

138 1132 226 1209 Rcsp.
249 1133 379 1192 Omnino
393 1141 503 1192 constat
524 1151 560 1191 ex
576 1145 713 1211 perpetua
727 1134 950 1194 consuetudine:
974 1154 1027 1194 nec
1041 1136 1118 1195 enim
1133 1138 1297 1198 existiman·

96 1228 166 1288 dnm
180 1239 226 1288 est
239 1228 422 1307 disciplinam
437 1230 508 1288 adeo
524 1229 640 1289 arduam
653 1231 780 1289 moribus
792 1232 1044 1310 comprobandam,
1056 1234 1111 1292 nisi
1127 1234 1250 1293 districte
1262 1238 1297 1295 ab

96 1327 170 1404 ipsis
196 1327 339 1386 Ecclesiae
375 1327 538 1405 primordiis
568 1328 695 1405 injuncta
723 1329 833 1388 suisset.
877 1329 1105 1391 constitutiones
1133 1334 1295 1409 apostolica

98 1442 209 1502 magnae
224 1436 292 1484 sunt
305 1426 492 1499 antiquitatis,
508 1437 536 1483 et
547 1444 674 1495 ,canones
690 1427 842 1502 apostolici
865 1428 988 1487 concilio
1004 1429 1126 1487 Nicaeno
1141 1443 1297 1489 noscuntur

98 1523 219 1599 priores,
235 1523 359 1596 ideoque
373 1522 403 1580 in
418 1523 563 1600 plerisque
584 1537 709 1581 veterem
732 1522 913 1600 disciplinam
935 1527 1091 1584 exhibent:
1115 1546 1177 1600 quae
1199 1528 1228 1585 in
1244 1529 1296 1587 hac

97 1619 162 1697 lege
176 1620 272 1679 claret.

142 1720 207 1774 143.
233 1713 301 1795 obj.
316 1721 346 1774 2.
369 1716 524 1793 Apostolus
539 1716 620 1774 dotes
644 1717 773 1794 episcopi
788 1737 941 1776 recensens
956 1718 1045 1778 dicit:
1069 1721 1126 1777 “si
1149 1721 1213 1794 quis
1234 1723 1297 1780 sine

99 1815 218 1873 crimine
233 1825 287 1883 est,
302 1815 386 1872 unius
409 1815 508 1872 uxoris
530 1812 671 1883 vir-otas
682 1820 792 1886 γυναικὸς
803 1816 975 1886 arip-filios
992 1819 1098 1877 habens
1114 1819 1224 1887 fideles,
1241 1840 1298 1879 non

99 1911 129 1969 in
152 1911 334 1970 accusatione
358 1910 488 1977 luxuriae,
512 1921 559 1968 sut
583 1931 641 1968 non
665 1911 841 1970 subditos.’'¹
882 1913 922 1970 Et
942 1915 1031 1971 alias:
1057 1914 1209 1992 “Oportet
1230 1936 1298 1994 ergo

99 2009 270 2086 episcopum
285 2007 565 2084 irreprehensibilem
581 2027 656 2077 esse,
672 2009 756 2066 unius
772 2010 869 2067 uxoris
885 2010 976 2067 virum
1000 2052 1008 2068 .
1032 2051 1039 2067 .
1064 2052 1071 2068 .
1095 2053 1102 2068 .
1125 1992 1296 2070 suae‘domui

100 2108 173 2167 bene
195 2109 393 2183 praepositum,
415 2107 489 2165 filios
515 2107 663 2164 habentem
689 2106 817 2164 subditos
839 2127 904 2165 cum
919 2096 998 2166 omni
1013 2109 1186 2166 castitate.’'⁹
1227 2110 1299 2168 Haec

100 2203 185 2262 obvio
199 2221 286 2262 sensu
302 2203 427 2261 indicant
442 2203 589 2261 hominem
606 2204 697 2260 mariti
712 2203 815 2261 officiis
831 2216 860 2261 et
873 2206 960 2281 patris
983 2205 1062 2283 fungi
1078 2224 1174 2281 posse,
1190 2208 1297 2281 absqne

102 2301 147 2359 sui
161 2300 266 2378 gradus
281 2300 463 2368 detrimento,
480 2301 539 2357 imo
554 2300 582 2357 id
598 2303 715 2358 omnino
731 2300 856 2359 decere.⁸

146 2395 234 2475 Resp.
252 2396 366 2454 Vocum
386 2416 449 2469 qum
464 2397 635 2473 objiciuntur
651 2397 692 2454 vis
708 2416 745 2453 ex
760 2398 823 2455 loco
841 2397 975 2475 parallelo
992 2399 1100 2475 optime
1119 2400 1300 2477 intelligitur:

103 2503 122 2531 ‘⁸
136 2492 231 2551 Vidua
247 2492 369 2570 eligatur
383 2512 438 2552 non
455 2495 549 2550 minus
561 2494 709 2567 sexaginta
721 2513 858 2551 annorum
872 2513 935 2567 quae
948 2494 1124 2553 sueritunius
1137 2497 1189 2554 viri
1207 2495 1299 2554 oxor”

102 2588 189 2653 -ἑνος
198 2589 282 2660 ἀνδρὸς
292 2591 377 2659 puori!
406 2589 515 2647 Sensus
531 2590 616 2667 igitur
630 2590 731 2646 obvius
747 2600 791 2646 est
805 2591 896 2647 virum
908 2591 936 2647 in
952 2591 1121 2669 episcopum
1137 2593 1301 2668 eligendum

103 2689 152 2763 qui
166 2688 257 2746 semel
272 2700 379 2745 tantum
396 2685 509 2744 duxerit
524 2705 653 2743 uxorem.
697 2686 741 2743 Ea
752 2697 918 2762 tempestate
929 2706 1016 2760 quum
1031 2688 1160 2745 homines
1173 2689 1301 2765 plerique

104 2783 286 2841 matrimonio
307 2782 453 2859 conjuncti
479 2793 585 2847 essent,
608 2782 637 2838 in
666 2782 754 2839 sacris
781 2783 918 2839 ministris
946 2783 1101 2860 seligendis
1124 2785 1172 2841 vix
1194 2798 1302 2861 poterat

103 2899 200 2940 eorum
215 2880 301 2957 copia
316 2880 411 2938 haberi
427 2880 474 2953 qui
501 2891 581 2937 aetate
607 2899 707 2955 graves
730 2882 890 2955 nuptiarum
912 2881 1004 2938 forent
1017 2896 1161 2958 expertes,
1177 2884 1300 2957 ideoque

104 2981 171 3038 satis
186 2978 459 3056 habuitApostolns
478 2972 591 3056 jubere,
609 2998 643 3035 ne
670 2977 734 3050 quis
757 2979 886 3054 bigamus
913 2979 946 3035 ad
969 2979 1084 3037 ordines
1099 2983 1300 3058 suscipiendos

104 3078 308 3143 admitteretur,
326 3076 421 3134 relicta
436 3076 562 3133 libertate
578 3075 648 3132 alios
671 3075 719 3147 qui
742 3075 832 3132 semel
853 3074 993 3133 duxerant
1013 3095 1131 3135 uxorem
1154 3079 1298 3155 eligendi:

105 3193 166 3248 que
179 3174 281 3251 regola
295 3191 409 3250 semper
422 3175 449 3230 in
467 3173 598 3231 Ecclesia
613 3184 722 3228 servata
737 3184 790 3230 est.
833 3173 877 3230 De
893 3173 960 3231 filiis
970 3173 1030 3248 jam
1046 3175 1149 3250 genitis
1165 3176 1299 3247 loquitur,

103 3273 143 3330 uti
157 3285 255 3348 patera
279 3270 348 3328 illud
363 3271 473 3328 scilicet
485 3269 622 3326 indicium
638 3269 723 3326 habet
737 3289 846 3328 morum
862 3269 1047 3346 optimorum,
1062 3282 1090 3327 et
1104 3271 1247 3347 profectus
1263 3291 1300 3330 ex

104 3371 165 3448 ejus
179 3370 358 3429 ordInatione
372 3369 529 3435 derivandi,
545 3368 570 3425 si
586 3369 660 3425 lilios
678 3368 779 3425 habeat
799 3369 881 3426 bonis
905 3368 1031 3426 moribus
1046 3382 1171 3436 ornatos,
1188 3371 1300 3445 sibique

105 3469 343 3545 obtemperantes.
387 3466 484 3524 Nemo
508 3467 647 3543 suspicari
674 3468 777 3542 poterit
801 3467 971 3543 Apostolum
993 3467 1108 3544 exigere
1130 3480 1161 3525 ut
1181 3488 1300 3530 uxorem

105 3566 205 3625 habeat
219 3578 246 3624 et
260 3565 336 3623 filios
351 3574 490 3641 procreet,
503 3563 579 3638 quod
595 3563 709 3621 adnotat
722 3564 784 3640 ipse
800 3563 1003 3621 Rosenmiiller
1018 3584 1025 3620 z
1048 3575 1067 3599 “
1082 3562 1226 3623 Caeterum
1240 3566 1302 3625 haec

107 3663 188 3722 verba
203 3662 337 3741 Apostoli
354 3680 410 3718 non
426 3661 554 3738 exigunt,
570 3670 600 3717 ut
615 3663 763 3736 presbyter
779 3678 896 3716 uxorem
914 3659 1025 3723 habeat,
1037 3673 1085 3716 aot
1099 3660 1238 3729 habuerit,
1250 3663 1301 3720 sed
1367 3656 1371 3673 '

108 3760 134 3820 id
148 3764 285 3841 permisit,
302 3761 371 3819 dnm
388 3779 423 3817 ue
436 3760 531 3836 plures
547 3778 604 3816 una
618 3758 793 3816 habuerit.'’⁵
834 3758 905 3824 Quae
917 3756 952 3815 de
969 3759 1158 3834 permissione
1173 3760 1241 3818 dicit
1254 3760 1301 3818 hic

110 3861 252 3939 interpres,
267 3863 304 3919 iis
320 3878 384 3933 quae
407 3857 533 3914 diximus
548 3855 714 3933 corrigenda
727 3867 810 3923 sunt3
833 3875 886 3913 nec
907 3856 984 3913 enim
1006 3868 1116 3957 constat
1131 3858 1301 3935 Apostolum

111 3959 267 4034 permisisse
282 3967 316 4017 ut
330 3955 486 4032 episcopus
501 3954 599 4010 uxoris
614 3954 758 4010 consortio
779 3953 832 4009 lrni
848 3965 987 4029 pergeret.

149 4060 212 4116 144.
230 4056 295 4138 obj.
312 4059 341 4112 3.
366 4052 399 4109 Si
408 4050 518 4108 clericis
532 4051 694 4107 nonliceret
708 4068 812 4107 uxores
825 4049 985 4126 suscipere,
1002 4049 1105 4107 mirum
1121 4060 1164 4105 est
1180 4048 1302 4108 Paulum

114 4153 144 4212 de
157 4173 190 4213 eo
203 4157 328 4222 siluisse,
346 4147 536 4208 Timotheum
552 4159 580 4206 et
594 4149 694 4205 Titum
710 4147 745 4205 de
760 4149 795 4205 iis
810 4147 943 4206 edocens.
