2812 5092
581 349 805 413 APPENDIX.
1199 299 1202 315 Ι
1233 354 1296 413 838

138 507 227 568 Eune
247 527 287 569 uu
308 509 446 579 Sum.
461 510 530 569 alias
550 509 629 580 an,
643 528 683 571 ex·
701 510 849 570 Britannia
862 509 1013 579 oriundus,
1026 510 1173 573 damantis
1191 511 1296 588 potius·

99 625 186 681 quam
209 607 312 667 haeresi
333 608 410 666 idem
437 609 490 668 sub
515 618 629 687 tempus
657 608 753 667 turbas
783 609 944 667 concitavit.
986 608 1144 668 Damnatus
1172 609 1202 669 iu
1223 627 1295 670 mer,

96 703 212 764 laudate
225 705 348 765 concilio
362 707 539 783 mancipatus
558 715 603 765 ast
622 706 737 772 carceri,
753 707 783 765 iu
804 724 861 779 que
882 706 976 783 periit.
1018 706 1058 763 Se
1071 705 1200 784 Judicam
1214 706 1293 767 siue·

97 822 162 862 rum
174 813 204 861 et
216 815 391 864 mertuorum
401 806 566 883 jactaverat,
580 803 693 877 sibique
705 822 770 862 cum
785 803 850 863 Dee
863 803 940 862 orbis
952 802 1106 880 imperium
1119 803 1253 864 divisum.

137 902 328 970 Aresuemor,
350 902 578 962 Manichaeerum
597 902 747 979 principiis
768 901 876 970 infecti,
904 901 957 960 sub
985 899 1197 983 idomatemplus
1219 903 1294 963 circa
1328 933 1333 959 =.

98 998 252 1059 Coloniam
272 1000 460 1078 Agrippinam
474 1018 539 1059 sese
554 998 750 1077 prodiderunt.
792 998 973 1082 Damnabant
993 999 1119 1075 nuptias,
1140 999 1294 1061 utebantur

103 1110 200 1157 tamen
226 1097 407 1171 seminarem
433 1099 630 1177 coutubernio.
673 1097 826 1156 “Irrident
852 1096 927 1156 nes'’
941 1097 1035 1171 inquit
1062 1098 1094 1156 S.
1123 1097 1296 1169 Bernardus,

99 1195 199 1273 “quia
219 1195 397 1274 baptizamus
420 1195 552 1266 infantes,
573 1194 651 1270 qued
671 1214 785 1255 eramus
807 1213 859 1273 pre
880 1195 1012 1263 mortuis,
1032 1195 1109 1269 qued
1130 1205 1295 1255 sanctorum
1330 1220 1332 1229 ¹

98 1291 234 1368 suffragia
247 1290 459 1369 postulamus.”
500 1290 650 1368 iactabant
662 1274 831 1370 potestatem
846 1309 878 1349 se
894 1291 997 1349 habere
1008 1290 1135 1365 quetidie
1149 1291 1180 1350 in
1193 1309 1295 1351 maura

98 1407 151 1447 sua
164 1406 268 1466 cerpus
290 1388 399 1448 Christi
420 1393 449 1447 et
468 1390 638 1467 sauguinem
658 1388 855 1451 consecrandi,
897 1399 917 1426 ‘⁶
929 1389 1082 1447 Abstinent
1096 1408 1113 1446 a
1129 1389 1200 1447 cibis
1222 1407 1296 1462 quoa¹

99 1472 206 1543 creavit
219 1484 300 1544 Deus
314 1485 349 1543 ad
363 1474 577 1563 percipiendum
593 1505 659 1545 cum
673 1487 823 1563 gratiarum
840 1487 960 1547 acuens.
1003 1485 1081 1545 Hinc
1093 1504 1209 1560 queque
1223 1485 1296 1544 har·

98 1582 189 1641 etieos
215 1600 247 1639 se
272 1583 434 1659 probantes,
460 1603 518 1642 nen
540 1601 609 1642 sans
631 1584 698 1660 quia
718 1585 870 1654 abstineut,
891 1581 943 1641 sed
965 1583 1033 1659 quia
1053 1583 1186 1643 haeretice
1209 1584 1294 1643 absti-
1321 1602 1327 1657 ¹.

99 1679 217 1739 nent.”²
1299 1742 1329 1751 Α

139 1777 310 1853 Feauanus,
333 1781 504 1856 prepositus
536 1779 629 1841 Petra
660 1779 811 1847 Stillantis,
832 1800 884 1840 seu
908 1778 1139 1841 'I'reiffensteinii
1160 1778 1190 1838 iu
1211 1779 1299 1839 Frau-

98 1880 194 1945 eeuia,
217 1877 308 1935 sensit
329 1875 422 1936 solum
445 1875 613 1953 sauguinem
636 1876 745 1935 Christi
765 1896 834 1936 esse
852 1880 882 1937 in
910 1878 1093 1938 Eucharistia
1122 1878 1175 1935 sub
1201 1877 1300 1954 specis

100 1973 171 2042 vini,
185 1974 277 2032 selam
297 1992 412 2032 carnem
437 1974 545 2047 absque
566 1974 690 2041 essibus,
712 1975 765 2032 sub
780 1976 878 2053 specie
898 1976 991 2052 panis.
1033 1973 1210 2043 Emendarit
1223 1991 1299 2033 erre·

99 2088 172 2143 rem,
186 2070 346 2129 confutatus
361 2090 378 2128 a
392 2069 528 2129 Gerecho
543 2070 817 2149 Reicherspergensi
831 2072 860 2130 in
874 2071 996 2130 Bavaria
1011 2072 1176 2148 praeposite.

143 2165 348 2237 Waausnsas,
364 2186 440 2225 anne
455 2167 568 2226 circiter
584 2171 671 2238 1160,
687 2170 740 2227 orti
762 2178 830 2227 sunt
848 2179 962 2229 auctore
983 2169 1070 2228 Petro
1092 2166 1207 2235 Walde,
1228 2185 1300 2227 mer·

100 2274 196 2323 catere
209 2263 408 2342 Lugdunensi,
425 2265 474 2338 qui
495 2264 653 2341 improvisa
667 2276 757 2323 morte
780 2267 852 2323 civis
873 2263 1023 2343 cujusdam
1044 2264 1168 2333 territus,
1183 2263 1301 2322 divitias
1380 2321 1382 2323 ,

100 2363 352 2441 ειιβεμυροῐίὺιιε
364 2362 499 2442 elargitus
514 2372 568 2420 est.
610 2363 713 2421 Plures
722 2363 776 2420 sibi
786 2361 908 2421 adscivit
918 2364 1024 2431 socies,
1039 2363 1099 2436 qui,
1112 2363 1302 2439 apostolicam

101 2461 217 2522 vivendi
232 2461 353 2519 formam
367 2473 522 2519 restaurare
543 2461 702 2538 cupientes,
725 2471 918 2539 paupertatem
939 2461 1153 2539 profitebantur.
1194 2460 1300 2521 luzeb-

100 2556 218 2623 betlreti
232 2557 324 2619 vocati
337 2568 405 2616 sunt
415 2578 431 2615 a
442 2557 578 2634 peculiari
589 2557 750 2618 calceorum
762 2577 867 2637 genere
879 2578 889 2630 ς
908 2557 1058 2619 Lunam
1071 2560 1106 2617 ab
1122 2559 1190 2618 urbe
1201 2559 1302 2618 Leena

102 2674 155 2714 seu
181 2654 336 2734 Lagusae,
358 2648 433 2714 uude
454 2655 540 2714 etiam
559 2653 711 2734 Pauperer
738 2655 928 2734 eLugdttrte
954 2654 1023 2715 dicti
1050 2666 1125 2715 suet.
1168 2656 1302 2717 Decendi

101 2754 230 2815 officium
244 2755 300 2813 sibi
313 2755 496 2831 usurpabant,
511 2756 615 2831 spretis
630 2754 769 2813 Ecclesiae
784 2755 956 2830 pasteribus,
972 2773 1044 2828 quos
1058 2754 1146 2833 gradu
1163 2767 1192 2813 et
1206 2768 1302 2815 aucte·

102 2853 184 2911 ritate
197 2850 338 2911 decidisse
351 2853 389 2910 ob
403 2850 526 2921 divitias,
540 2862 569 2907 et
579 2850 686 2927 flagitia
701 2849 919 2910 contendebant.
962 2850 1024 2909 Eos
1037 2851 1182 2911 damnavit
1191 2851 1301 2910 Lucius

102 2948 159 3008 111.
174 2957 239 3006 ante
253 2965 360 3006 annum
378 2950 464 3004 1185.
507 2946 650 3006 Paulatim
670 2964 769 3006 eorum
791 2947 881 3006 crevit
900 2965 1036 3007 numerus
1050 2957 1080 3006 et
1093 2946 1220 3017 audacia,
1242 2966 1303 3007 mu-

104 3065 173 3105 nera
186 3047 294 3123 quippe
323 3045 516 3104 ecclesiastica
530 3045 638 3121 passim
652 3045 708 3102 sibi
728 3045 912 3121 usurpabant,
927 3055 1070 3118 tamquam
1086 3046 1127 3122 pii
1148 3044 1302 3119 idoneique

105 3143 254 3211 Ministri;
272 3143 434 3219 juramenta
455 3142 552 3200 omnia
565 3140 759 3214 damnabant3
780 3142 933 3203 vindictam
955 3142 1095 3200 scelerum
1111 3143 1225 3220 publica
1239 3162 1304 3211 auc·
1325 3212 1328 3217 ¹

104 3241 214 3301 toritate
229 3241 331 3299 factam
345 3241 493 3318 scriptura
504 3257 662 3317 repugnare
676 3241 848 3300 asserebant.
891 3241 1074 3299 Sacramenta
1085 3240 1191 3308 omnia,
1203 3240 1303 3301 ordine
1328 3230 1335 3283 ’-

103 3349 236 3417 excepta
251 3339 452 3416 agnoscebant,
478 3338 620 3412 quamvis,
639 3336 716 3411 qued
731 3339 767 3397 ad
792 3338 1005 3420 matrimonium
1029 3339 1160 3416 pertinet,
1185 3357 1303 3416 gravem
1337 3340 1341 3397 ἒ

104 3437 219 3515 culpam
232 3438 264 3496 in
278 3436 341 3514 ejus
355 3455 419 3504 usu,
435 3437 492 3494 nisi
512 3438 549 3496 eb
562 3437 721 3514 gignendos
739 3437 825 3506 filies,
839 3446 1007 3496 astruerent.
1051 3434 1252 3496 Sciscidertaca
1273 3438 1303 3497 in
1335 3430 1338 3457 ³

106 3555 142 3596 ee
155 3535 287 3595 dicuntur
301 3555 318 3592 a
332 3534 538 3594 Waldensibus
559 3535 740 3614 discrepasse
762 3545 781 3572 ‘⁴
795 3536 873 3610 quod
887 3535 1087 3595 eucharistiam
1102 3536 1262 3613 reciperent
1272 3536 1304 3607 ;”
1339 3562 1342 3593 1

106 3653 172 3710 quta
185 3631 319 3692 Rainerii
337 3631 398 3690 haec
413 3630 560 3691 referentis
575 3633 660 3690 verba
684 3631 816 3691 videntur
840 3616 1024 3710 intelligenda
1049 3631 1084 3690 de
1109 3633 1197 3710 hujus
1212 3651 1305 3693 sacra·

106 3730 198 3792 menti
217 3750 234 3788 a
250 3727 444 3788 sacerdotibus
469 3728 609 3788 Ecclesia
635 3731 808 3807 receptione,
835 3730 945 3790 cellatis
968 3730 1044 3789 enim
1070 3731 1205 3790 omnibus
1227 3730 1304 3793 illius
1333 3722 1337 3733 ’

107 3829 163 3889 aevi
187 3827 379 3886 monumentis
406 3825 577 3886 Bessuetius
599 3826 774 3887 demonstrat
789 3827 960 3887 Waldensea
983 3846 1085 3886 omues
1105 3828 1305 3887 eucharistiam

108 3934 257 3985 veneratos
271 3926 361 3982 esse.⁵³
396 3922 598 3984 Waldensiam
614 3944 709 3985 meres
724 3927 821 4003 specie
835 3927 961 4002 integros
973 3925 1063 3983 fuisse
1078 3937 1187 3984 veteres
1204 3935 1305 3985 testan-

109 4038 165 4095 tur,
180 4024 230 4101 qui
243 4034 339 4082 tamen
352 4040 403 4082 ees
424 4022 556 4082 incusant
573 4023 650 4097 qued
671 4025 804 4084 mulieres
820 4043 918 4084 secum
939 4023 1193 4092 circumducerent,
1208 4027 1305 4102 Apoe-

110 4124 232 4184 telorum
247 4120 413 4198 exemplum
427 4139 459 4180 se
473 4121 577 4181 imitari
591 4132 761 4181 asserentes.

152 4219 340 4286 Ortlibenses,
362 4217 515 4287 Ordibarii,
538 4220 683 4288 liunearii,
700 4219 827 4289 Cathari,
842 4219 1004 4298 Peplioani,
1020 4218 1210 4288 albanenses,
1227 4218 1309 4279 Ceu·

110 4314 513 4393 terezensas,'Bagnelenses,
540 4317 682 4393 Patareni,
706 4317 833 4395 Bulgari,
851 4316 1001 4387 Tolosani,
1027 4316 1132 4390 allique
1159 4316 1306 4397 quamplu-

343 4553 386 4619 (1)
405 4548 544 4600 Bemardus
556 4547 635 4598 Serm.
647 4547 697 4597 lxv.
709 4553 734 4598 ct
744 4546 802 4597 lxvi.
813 4561 886 4612 super
897 4546 984 4598 cantio.
1024 4562 1028 4573 ¹

345 4639 388 4706 (2)
407 4636 472 4688 Hist
483 4635 542 4686 Ver.
554 4635 571 4687 1.
583 4634 618 4687 xi·
629 4651 648 4684 s
661 4636 701 4683 92.
