2798 5092
359 372 419 434 uu
440 372 700 434 uouus'rnuu
725 375 1001 438 utrumnum
1234 362 1290 436 rur

97 531 188 607 pimus,
214 545 248 594 ut
276 535 478 615 virginitatem,
507 554 570 609 quae
599 534 634 593 de
670 535 778 612 nuptiis
807 536 942 599 nascitur.
976 535 1194 613 praeseramus.”
1252 537 1293 595 Et

96 641 202 706 postea:
227 643 247 672 ‘⁸
261 635 348 693 Nunc
369 645 463 693 autern
488 653 554 691 cum
577 634 773 693 hereticorum
794 635 832 692 sit
856 636 990 694 damnare
1012 636 1158 714 conjugia,
1180 645 1210 693 et
1231 636 1288 694 Dei

95 749 216 809 spernere
230 734 438 799 conditionem.
454 733 591 807 quicquid
613 733 649 792 de
663 733 746 793 laude
768 732 872 791 dixerit
884 734 1059 811 nuptiarum,
1075 735 1197 793 libenter
1211 734 1289 792 audi-

97 847 159 888 urus.
178 868 185 898 r
202 830 337 890 Ecclesia
358 832 436 890 enirn'
458 832 639 890 matrimonia
660 850 718 889 nun
740 823 863 898 damnat,
879 831 930 888 sed
953 831 1088 908 subjicit:
1112 851 1165 890 nec
1180 832 1290 910 abjicit,

96 927 324 1007 seddispensut.”

128 1029 170 1085 ll.
195 1026 264 1107 obj.
281 1028 452 1106 6.Nuptiule
467 1028 673 1086 commercium
689 1046 746 1086 non
761 1039 931 1104 potestesse
953 1029 1061 1100 absque
1076 1025 1207 1092 libidine.
1224 1046 1287 1100 quur

97 1124 219 1201 peccandi
244 1138 289 1183 est
312 1126 444 1202 proxima
469 1126 602 1183 occasio:
630 1127 688 1182 imo
711 1135 740 1182 et
764 1108 874 1202 peccati
902 1124 1050 1202 originalis
1079 1125 1287 1182 transmittendi

98 1238 176 1277 crura.
219 1221 362 1279 Praeterea
377 1221 465 1298 pudet
478 1222 647 1298 conjugatos
660 1221 755 1297 operis
769 1221 939 1298 conjugalis,
955 1231 1051 1297 utpote
1068 1220 1167 1296 turpis.

126 1316 210 1396 Resp.
232 1314 267 1377 Iu
282 1319 416 1395 praesenti
440 1337 533 1376 rerum
548 1316 712 1376 conditione
729 1317 817 1376 libido
837 1305 953 1391 quidem
970 1319 998 1375 in
1020 1335 1107 1394 opere
1122 1317 1284 1393 nuptiarum

98 1413 170 1484 adest,
185 1434 250 1489 quae
265 1427 359 1474 tumen
387 1425 535 1492 peccatum
558 1434 616 1472 non
631 1424 676 1472 est
690 1415 763 1472 iutra
786 1415 893 1472 limites
915 1410 1036 1490 legitimi
1063 1412 1230 1471 commercii
1251 1412 1309 1495 adr

98 1529 172 1587 genus
186 1512 337 1571 hominurn
354 1511 580 1590 propagandum.
624 1513 688 1569 Nec
711 1511 776 1569 iude
791 1512 880 1569 oritur
901 1511 1030 1586 proxima
1052 1510 1189 1588 peccandi
1207 1529 1288 1568 occa·

98 1606 147 1676 sio;
159 1612 291 1682 quamvis
305 1609 382 1667 enirn
398 1609 563 1683 contingere
579 1607 671 1684 possit
682 1609 820 1686 conjuges
835 1607 947 1665 libidini
959 1607 1139 1685 indulgentes
1154 1625 1284 1683 peccare,

98 1704 185 1774 lerius,
198 1707 243 1766 vel
257 1708 384 1785 gravius,
399 1707 427 1764 id
443 1720 538 1764 temen
560 1725 618 1764 suae
636 1706 775 1765 voluntati
799 1716 828 1764 et
849 1705 1006 1763 infirmitati
1027 1704 1208 1763 tribuendum
1231 1717 1285 1783 est,

99 1817 203 1878 possunt
215 1806 295 1865 cuim
311 1806 375 1865 Deo
390 1806 517 1882 adjutore
540 1807 578 1863 ita
593 1806 699 1882 nuptiis
714 1805 769 1864 lrui
784 1817 814 1862 ut
829 1823 864 1862 ue
879 1803 973 1862 levern
988 1805 1103 1880 culpam
1124 1803 1282 1862 admittant.

99 1897 298 1961 Transmittitur
321 1914 469 1980 peccatum
493 1902 611 1976 originis
633 1901 669 1958 ad
692 1901 812 1977 prolem,
829 1920 886 1959 non
911 1903 948 1958 ob
972 1902 1099 1977 conjugii
1124 1919 1208 1977 opus,
1232 1900 1284 1957 sed

98 1996 127 2054 ob
138 1997 206 2058 rdae
220 2000 492 2076 prevaricationem.
509 2017 576 2072 quae
596 2017 682 2056 causa
702 2011 747 2056 est
760 2018 811 2056 cur
830 2017 931 2090 omuep
948 1998 1079 2055 homines
1094 2017 1128 2055 ea
1141 1999 1204 2055 labe
1219 1998 1283 2055 inu·
1327 2079 1332 2091 Ι

98 2093 208 2155 ciuntur:
232 2097 396 2157 “carnalis
418 2097 659 2175 concupiscentie
681 2094 809 2155 malum”
824 2095 929 2168 iniquit
950 2095 1139 2171 Augustinus,
1162 2103 1184 2174 “¹
1199 2113 1283 2171 prop·

53 2202 58 2209 '
99 2202 131 2250 ter
141 2194 212 2268 quod
228 2195 317 2254 homo
329 2197 378 2270 qui
390 2215 442 2274 per
462 2194 540 2254 illam
563 2181 696 2263 nuscitur,
712 2194 797 2261 trahit
810 2193 948 2271 originale
964 2203 1123 2269 peccatum,
1138 2191 1281 2250 discerna-

99 2307 149 2350 uur
161 2313 177 2351 a
190 2295 315 2354 bonitate
333 2296 506 2372 nuptiarum.
551 2293 622 2352 Haec
636 2292 714 2351 enim
729 2312 792 2367 quae
808 2292 843 2351 ub
865 2291 1079 2368 impudentibus
1099 2289 1283 2368 impudenter

99 2387 217 2461 ludatur,
229 2393 369 2471 pudenda
389 2393 625 2469 concupiscentia
645 2392 722 2449 nulla
742 2409 817 2458 esse,
839 2390 896 2448 nisi
911 2390 999 2449 horno
1024 2401 1090 2448 ante
1111 2403 1281 2467 peccassetr

100 2492 188 2566 nuptie
212 2490 280 2551 rerd
296 2503 404 2556 essent,
427 2493 538 2550 etiamsi
559 2509 645 2550 nemo
666 2489 845 2566 peccasset.”
887 2490 981 2549 Pudet
994 2489 1132 2567 conjuges
1147 2490 1184 2546 ob
1200 2489 1285 2548 rehe-

100 2600 203 2653 mcnterrt
232 2610 321 2667 quam
345 2592 384 2651 in·
403 2602 467 2650 actu
488 2590 631 2669 conjugali
661 2591 847 2666 experiuntur
867 2590 1026 2667 libidinem,
1049 2607 1113 2662 que
1136 2599 1283 2665 peccatum

99 2689 196 2766 originis
212 2702 314 2774 secuta
335 2700 389 2758 est,
404 2692 478 2749 sicut
495 2689 595 2766 puduit
615 2688 707 2748 Adam
724 2703 752 2747 ct
767 2690 871 2756 Evam,
892 2709 923 2746 se
942 2690 1033 2748 visis:
1056 2707 1109 2747 nec
1124 2701 1220 2746 tamen
1235 2688 1284 2746 ali·

99 2788 149 2861 quid
167 2789 248 2851 dese
264 2801 350 2868 turpe
371 2791 400 2849 in
420 2790 537 2848 homine
552 2807 569 2845 a
583 2789 647 2847 Deo
662 2787 788 2857 condito,
804 2806 857 2846 nec
882 2789 911 2846 in
937 2806 1025 2865 opere
1046 2787 1184 2867 conjugii,
1200 2787 1278 2862 quod
1370 2810 1373 2821 ¹

99 2883 157 2939 llere
170 2889 295 2936 instituit
313 2900 338 2926 '³⁴
352 2907 372 2926 ‘⁴'
426 2888 442 2917 t·
472 2907 484 2916 ’“
497 2887 609 2921 '''“⁷⁸“’':
626 2886 649 2922 α’
683 2897 725 2926 ⁶⁰⁶
