<?xml version="1.0" encoding="UTF-8"?>
<!DOCTYPE html PUBLIC "-//W3C//DTD XHTML 1.0 Transitional//EN"
    "http://www.w3.org/TR/xhtml1/DTD/xhtml1-transitional.dtd">
<html xmlns="http://www.w3.org/1999/xhtml" xml:lang="en" lang="en">
 <head>
  <title>
</title>
<meta http-equiv="Content-Type" content="text/html;charset=utf-8" />
  <meta name='ocr-system' content='tesseract 3.04.00' />
  <meta name='ocr-capabilities' content='ocr_page ocr_carea ocr_par ocr_line ocrx_word'/>
</head>
<body>
  <div class='ocr_page' id='page_1' title='image "./theologidogmati02kenrgoog_0031.png"; bbox 0 0 2798 5092; ppageno 0'>
   <div class='ocr_carea' id='block_1_1' title="bbox 92 327 873 391">
    <p class='ocr_par' dir='ltr' id='par_1_1' title="bbox 92 327 873 391">
     <span class='ocr_line' id='line_1_1' title="bbox 92 327 873 391; baseline 0.004 -3"><span class='ocrx_word' id='word_1_1' title='bbox 92 333 131 388; x_wconf 73' lang='lat'>28</span> <span class='ocrx_word' id='word_1_2' title='bbox 515 328 572 389; x_wconf 84' lang='lat' dir='ltr'>DE</span> <span class='ocrx_word' id='word_1_3' title='bbox 595 327 873 391; x_wconf 78' lang='lat' dir='ltr'>SAOERDO&#39;PIO.</span> 
     </span>
    </p>
   </div>
   <div class='ocr_carea' id='block_1_2' title="bbox 89 486 1353 2702">
    <p class='ocr_par' dir='ltr' id='par_1_2' title="bbox 89 486 1289 662">
     <span class='ocr_line' id='line_1_2' title="bbox 89 486 1289 569; baseline 0.003 -24"><span class='ocrx_word' id='word_1_4' title='bbox 89 501 119 545; x_wconf 91' lang='lat' dir='ltr'>et</span> <span class='ocrx_word' id='word_1_5' title='bbox 132 486 265 546; x_wconf 89' lang='lat' dir='ltr'>sacerdos</span> <span class='ocrx_word' id='word_1_6' title='bbox 280 506 311 545; x_wconf 88' lang='lat' dir='ltr'>es</span> <span class='ocrx_word' id='word_1_7' title='bbox 328 487 377 546; x_wconf 91' lang='lat' dir='ltr'>tibi</span> <span class='ocrx_word' id='word_1_8' title='bbox 392 486 471 546; x_wconf 92' lang='lat' dir='ltr'>solus</span> <span class='ocrx_word' id='word_1_9' title='bbox 493 529 501 546; x_wconf 89' lang='lat'>.</span> <span class='ocrx_word' id='word_1_10' title='bbox 524 528 533 546; x_wconf 95' lang='lat'>.</span> <span class='ocrx_word' id='word_1_11' title='bbox 556 529 563 546; x_wconf 89' lang='lat'>.</span> <span class='ocrx_word' id='word_1_12' title='bbox 586 487 677 565; x_wconf 82' lang='lat' dir='ltr'>lgitur</span> <span class='ocrx_word' id='word_1_13' title='bbox 689 488 715 546; x_wconf 90' lang='lat' dir='ltr'>si</span> <span class='ocrx_word' id='word_1_14' title='bbox 736 487 826 547; x_wconf 85' lang='lat' dir='ltr'>habes</span> <span class='ocrx_word' id='word_1_15' title='bbox 841 489 893 566; x_wconf 83' lang='lat' dir='ltr'>jus</span> <span class='ocrx_word' id='word_1_16' title='bbox 912 488 1069 550; x_wconf 89' lang='lat' dir='ltr'>sacerdotis</span> <span class='ocrx_word' id='word_1_17' title='bbox 1083 491 1114 550; x_wconf 90' lang='lat' dir='ltr'>in</span> <span class='ocrx_word' id='word_1_18' title='bbox 1135 489 1289 569; x_wconf 86' lang='lat' dir='ltr'>temetipso</span> 
     </span>
     <span class='ocr_line' id='line_1_3' title="bbox 93 584 757 662; baseline 0.003 -21"><span class='ocrx_word' id='word_1_19' title='bbox 93 626 101 641; x_wconf 92' lang='lat'>.</span> <span class='ocrx_word' id='word_1_20' title='bbox 125 627 132 641; x_wconf 95' lang='lat'>.</span> <span class='ocrx_word' id='word_1_21' title='bbox 157 625 165 642; x_wconf 91' lang='lat'>.</span> <span class='ocrx_word' id='word_1_22' title='bbox 187 584 318 662; x_wconf 86' lang='lat' dir='ltr'>digamus</span> <span class='ocrx_word' id='word_1_23' title='bbox 334 585 450 662; x_wconf 89' lang='lat' dir='ltr'>tinguis,</span> <span class='ocrx_word' id='word_1_24' title='bbox 465 584 596 662; x_wconf 87' lang='lat' dir='ltr'>digamus</span> <span class='ocrx_word' id='word_1_25' title='bbox 610 584 757 644; x_wconf 83' lang='lat' dir='ltr'>offersl”²</span> 
     </span>
    </p>

    <p class='ocr_par' dir='ltr' id='par_1_3' title="bbox 90 679 1353 2702">
     <span class='ocr_line' id='line_1_4' title="bbox 130 679 1289 758; baseline 0.004 -20"><span class='ocrx_word' id='word_1_26' title='bbox 130 679 221 758; x_wconf 86' lang='lat' dir='ltr'>Reap.</span> <span class='ocrx_word' id='word_1_27' title='bbox 244 680 346 739; x_wconf 80' lang='lat' dir='ltr'>Studio</span> <span class='ocrx_word' id='word_1_28' title='bbox 360 681 462 739; x_wconf 89' lang='lat' dir='ltr'>erroris</span> <span class='ocrx_word' id='word_1_29' title='bbox 477 692 556 739; x_wconf 84' lang='lat' dir='ltr'>actus</span> <span class='ocrx_word' id='word_1_30' title='bbox 571 681 766 739; x_wconf 79' lang='lat' dir='ltr'>&#39;l&#39;ertullianns</span> <span class='ocrx_word' id='word_1_31' title='bbox 782 682 946 758; x_wconf 75' lang='lat' dir='ltr'>presidium</span> <span class='ocrx_word' id='word_1_32' title='bbox 960 701 997 741; x_wconf 85' lang='lat' dir='ltr'>ex</span> <span class='ocrx_word' id='word_1_33' title='bbox 1012 684 1101 743; x_wconf 89' lang='lat' dir='ltr'>sacris</span> <span class='ocrx_word' id='word_1_34' title='bbox 1117 683 1289 758; x_wconf 88' lang='lat' dir='ltr'>quibusdam</span> 
     </span>
     <span class='ocr_line' id='line_1_5' title="bbox 92 777 1288 856; baseline 0.002 -19"><span class='ocrx_word' id='word_1_35' title='bbox 92 779 269 847; x_wconf 88' lang='lat' dir='ltr'>muneribus,</span> <span class='ocrx_word' id='word_1_36' title='bbox 295 797 358 852; x_wconf 88' lang='lat' dir='ltr'>quae</span> <span class='ocrx_word' id='word_1_37' title='bbox 381 779 409 837; x_wconf 88' lang='lat' dir='ltr'>iu</span> <span class='ocrx_word' id='word_1_38' title='bbox 435 777 580 837; x_wconf 80' lang='lat' dir='ltr'>nonnullis</span> <span class='ocrx_word' id='word_1_39' title='bbox 602 796 694 837; x_wconf 88' lang='lat' dir='ltr'>rerum</span> <span class='ocrx_word' id='word_1_40' title='bbox 718 778 859 856; x_wconf 86' lang='lat' dir='ltr'>adjunctis</span> <span class='ocrx_word' id='word_1_41' title='bbox 882 780 999 839; x_wconf 89' lang='lat' dir='ltr'>obibant</span> <span class='ocrx_word' id='word_1_42' title='bbox 1018 781 1094 848; x_wconf 86' lang='lat' dir='ltr'>laici,</span> <span class='ocrx_word' id='word_1_43' title='bbox 1109 781 1288 855; x_wconf 70' lang='lat' dir='ltr'>exquisivit:</span> 
     </span>
     <span class='ocr_line' id='line_1_6' title="bbox 92 872 1291 951; baseline 0.003 -19"><span class='ocrx_word' id='word_1_44' title='bbox 92 883 112 910; x_wconf 81' lang='lat'>‘⁸</span> <span class='ocrx_word' id='word_1_45' title='bbox 123 874 234 933; x_wconf 84' lang='lat' dir='ltr'>Omnes</span> <span class='ocrx_word' id='word_1_46' title='bbox 249 872 334 941; x_wconf 87' lang='lat' dir='ltr'>uos,&#39;’</span> <span class='ocrx_word' id='word_1_47' title='bbox 351 874 453 947; x_wconf 84' lang='lat' dir='ltr'>inquit,</span> <span class='ocrx_word' id='word_1_48' title='bbox 469 883 488 910; x_wconf 78' lang='lat'>‘⁶</span> <span class='ocrx_word' id='word_1_49' title='bbox 500 874 581 932; x_wconf 89' lang='lat' dir='ltr'>Deus</span> <span class='ocrx_word' id='word_1_50' title='bbox 590 873 649 931; x_wconf 91' lang='lat' dir='ltr'>vult</span> <span class='ocrx_word' id='word_1_51' title='bbox 663 875 701 931; x_wconf 90' lang='lat' dir='ltr'>ita</span> <span class='ocrx_word' id='word_1_52' title='bbox 714 893 778 932; x_wconf 87' lang='lat' dir='ltr'>esse</span> <span class='ocrx_word' id='word_1_53' title='bbox 791 874 958 951; x_wconf 88' lang='lat' dir='ltr'>dispositos,</span> <span class='ocrx_word' id='word_1_54' title='bbox 971 888 1001 934; x_wconf 93' lang='lat' dir='ltr'>ut</span> <span class='ocrx_word' id='word_1_55' title='bbox 1014 876 1120 950; x_wconf 87' lang='lat' dir='ltr'>ubique</span> <span class='ocrx_word' id='word_1_56' title='bbox 1130 895 1291 936; x_wconf 84' lang='lat' dir='ltr'>sacramen·</span> 
     </span>
     <span class='ocr_line' id='line_1_7' title="bbox 93 971 1289 1052; baseline 0.002 -20"><span class='ocrx_word' id='word_1_57' title='bbox 93 973 128 1032; x_wconf 89' lang='lat' dir='ltr'>tis</span> <span class='ocrx_word' id='word_1_58' title='bbox 143 975 207 1050; x_wconf 89' lang='lat' dir='ltr'>ejus</span> <span class='ocrx_word' id='word_1_59' title='bbox 229 972 367 1031; x_wconf 81' lang='lat' dir='ltr'>obeundis</span> <span class='ocrx_word' id='word_1_60' title='bbox 390 972 448 1049; x_wconf 90' lang='lat' dir='ltr'>apti</span> <span class='ocrx_word' id='word_1_61' title='bbox 462 971 600 1048; x_wconf 75' lang='lat' dir='ltr'>simus.’&#39;,</span> <span class='ocrx_word' id='word_1_62' title='bbox 642 972 706 1031; x_wconf 89' lang='lat' dir='ltr'>Hoc</span> <span class='ocrx_word' id='word_1_63' title='bbox 730 992 795 1031; x_wconf 92' lang='lat' dir='ltr'>cum</span> <span class='ocrx_word' id='word_1_64' title='bbox 818 984 942 1033; x_wconf 88' lang='lat' dir='ltr'>versaret</span> <span class='ocrx_word' id='word_1_65' title='bbox 961 987 1171 1052; x_wconf 80' lang='lat' dir='ltr'>argumentum,</span> <span class='ocrx_word' id='word_1_66' title='bbox 1194 976 1289 1034; x_wconf 89' lang='lat' dir='ltr'>verbis</span> 
     </span>
     <span class='ocr_line' id='line_1_8' title="bbox 93 1071 1347 1150; baseline 0.007 -22"><span class='ocrx_word' id='word_1_67' title='bbox 93 1071 138 1129; x_wconf 87' lang='lat' dir='ltr'>vel</span> <span class='ocrx_word' id='word_1_68' title='bbox 152 1071 292 1141; x_wconf 87' lang='lat' dir='ltr'>sententia</span> <span class='ocrx_word' id='word_1_69' title='bbox 305 1090 371 1129; x_wconf 91' lang='lat' dir='ltr'>eum</span> <span class='ocrx_word' id='word_1_70' title='bbox 394 1088 529 1147; x_wconf 80' lang='lat' dir='ltr'>peccasse</span> <span class='ocrx_word' id='word_1_71' title='bbox 545 1071 648 1130; x_wconf 82' lang='lat' dir='ltr'>mitum</span> <span class='ocrx_word' id='word_1_72' title='bbox 670 1089 728 1129; x_wconf 87' lang='lat' dir='ltr'>non</span> <span class='ocrx_word' id='word_1_73' title='bbox 749 1082 807 1140; x_wconf 87' lang='lat' dir='ltr'>est;</span> <span class='ocrx_word' id='word_1_74' title='bbox 830 1072 923 1131; x_wconf 88' lang='lat' dir='ltr'>solent</span> <span class='ocrx_word' id='word_1_75' title='bbox 944 1073 1021 1132; x_wconf 89' lang='lat' dir='ltr'>enim</span> <span class='ocrx_word' id='word_1_76' title='bbox 1047 1074 1152 1133; x_wconf 75' lang='lat' dir='ltr'>erroris</span> <span class='ocrx_word' id='word_1_77' title='bbox 1174 1076 1288 1150; x_wconf 92' lang='lat' dir='ltr'>patroni</span> <span class='ocrx_word' id='word_1_78' title='bbox 1345 1132 1347 1137; x_wconf 88' lang='lat'>.</span> 
     </span>
     <span class='ocr_line' id='line_1_9' title="bbox 92 1165 1290 1248; baseline 0.003 -22"><span class='ocrx_word' id='word_1_79' title='bbox 92 1167 167 1226; x_wconf 92' lang='lat' dir='ltr'>haud</span> <span class='ocrx_word' id='word_1_80' title='bbox 193 1180 322 1226; x_wconf 87' lang='lat' dir='ltr'>accurate</span> <span class='ocrx_word' id='word_1_81' title='bbox 348 1185 393 1224; x_wconf 90' lang='lat' dir='ltr'>res</span> <span class='ocrx_word' id='word_1_82' title='bbox 419 1165 532 1234; x_wconf 81' lang='lat' dir='ltr'>referre,</span> <span class='ocrx_word' id='word_1_83' title='bbox 557 1167 602 1224; x_wconf 88' lang='lat' dir='ltr'>vel</span> <span class='ocrx_word' id='word_1_84' title='bbox 630 1167 800 1225; x_wconf 89' lang='lat' dir='ltr'>ratiocinari.</span> <span class='ocrx_word' id='word_1_85' title='bbox 843 1168 1008 1243; x_wconf 85' lang='lat' dir='ltr'>Unicuique</span> <span class='ocrx_word' id='word_1_86' title='bbox 1037 1169 1105 1228; x_wconf 91' lang='lat' dir='ltr'>licet</span> <span class='ocrx_word' id='word_1_87' title='bbox 1132 1171 1290 1248; x_wconf 83' lang='lat' dir='ltr'>baptizare,</span> 
     </span>
     <span class='ocr_line' id='line_1_10' title="bbox 93 1265 1290 1345; baseline 0.002 -19"><span class='ocrx_word' id='word_1_88' title='bbox 93 1277 209 1345; x_wconf 81' lang='lat' dir='ltr'>urgente</span> <span class='ocrx_word' id='word_1_89' title='bbox 225 1267 413 1325; x_wconf 71' lang='lat' dir='ltr'>necessitate:</span> <span class='ocrx_word' id='word_1_90' title='bbox 436 1266 516 1324; x_wconf 91' lang='lat' dir='ltr'>licuit</span> <span class='ocrx_word' id='word_1_91' title='bbox 529 1267 614 1325; x_wconf 86' lang='lat' dir='ltr'>etiarn</span> <span class='ocrx_word' id='word_1_92' title='bbox 626 1265 708 1334; x_wconf 92' lang='lat' dir='ltr'>olim,</span> <span class='ocrx_word' id='word_1_93' title='bbox 723 1266 760 1325; x_wconf 91' lang='lat' dir='ltr'>ob</span> <span class='ocrx_word' id='word_1_94' title='bbox 775 1267 1002 1343; x_wconf 84' lang='lat' dir='ltr'>persecutionem</span> <span class='ocrx_word' id='word_1_95' title='bbox 1024 1279 1210 1345; x_wconf 75' lang='lat' dir='ltr'>grassantem,</span> <span class='ocrx_word' id='word_1_96' title='bbox 1227 1288 1290 1328; x_wconf 90' lang='lat' dir='ltr'>sus·</span> 
     </span>
     <span class='ocr_line' id='line_1_11' title="bbox 93 1363 1293 1442; baseline 0 -18"><span class='ocrx_word' id='word_1_97' title='bbox 93 1365 188 1442; x_wconf 86' lang='lat' dir='ltr'>cipere</span> <span class='ocrx_word' id='word_1_98' title='bbox 202 1364 403 1423; x_wconf 89' lang='lat' dir='ltr'>eucharistiam</span> <span class='ocrx_word' id='word_1_99' title='bbox 418 1363 541 1440; x_wconf 88' lang='lat' dir='ltr'>propriis</span> <span class='ocrx_word' id='word_1_100' title='bbox 557 1363 697 1432; x_wconf 86' lang='lat' dir='ltr'>manibus,</span> <span class='ocrx_word' id='word_1_101' title='bbox 711 1383 796 1438; x_wconf 90' lang='lat' dir='ltr'>quam</span> <span class='ocrx_word' id='word_1_102' title='bbox 811 1382 862 1423; x_wconf 84' lang='lat' dir='ltr'>eos</span> <span class='ocrx_word' id='word_1_103' title='bbox 876 1363 979 1423; x_wconf 84' lang='lat' dir='ltr'>offerre</span> <span class='ocrx_word' id='word_1_104' title='bbox 993 1365 1208 1438; x_wconf 89' lang='lat' dir='ltr'>quodammodo</span> <span class='ocrx_word' id='word_1_105' title='bbox 1222 1363 1293 1427; x_wconf 84' lang='lat' dir='ltr'>&#39;dicit</span> 
     </span>
     <span class='ocr_line' id='line_1_12' title="bbox 92 1460 1290 1537; baseline 0.002 -17"><span class='ocrx_word' id='word_1_106' title='bbox 92 1462 299 1529; x_wconf 85' lang='lat' dir='ltr'>Tertullianus,</span> <span class='ocrx_word' id='word_1_107' title='bbox 314 1480 349 1519; x_wconf 90' lang='lat' dir='ltr'>eo</span> <span class='ocrx_word' id='word_1_108' title='bbox 364 1460 440 1534; x_wconf 91' lang='lat' dir='ltr'>quod</span> <span class='ocrx_word' id='word_1_109' title='bbox 455 1460 570 1519; x_wconf 89' lang='lat' dir='ltr'>nonnisi</span> <span class='ocrx_word' id='word_1_110' title='bbox 586 1460 717 1537; x_wconf 90' lang='lat' dir='ltr'>precibus</span> <span class='ocrx_word' id='word_1_111' title='bbox 734 1460 901 1536; x_wconf 71' lang='lat' dir='ltr'>premissis,</span> <span class='ocrx_word' id='word_1_112' title='bbox 913 1479 976 1520; x_wconf 91' lang='lat' dir='ltr'>eam</span> <span class='ocrx_word' id='word_1_113' title='bbox 991 1474 1147 1522; x_wconf 86' lang='lat' dir='ltr'>sumerent.</span> <span class='ocrx_word' id='word_1_114' title='bbox 1189 1463 1290 1522; x_wconf 87' lang='lat' dir='ltr'>Sacer·</span> 
     </span>
     <span class='ocr_line' id='line_1_13' title="bbox 93 1554 1293 1629; baseline 0.003 -15"><span class='ocrx_word' id='word_1_115' title='bbox 93 1556 174 1614; x_wconf 84' lang='lat' dir='ltr'>dotes</span> <span class='ocrx_word' id='word_1_116' title='bbox 184 1555 302 1623; x_wconf 88' lang='lat' dir='ltr'>idcirco,</span> <span class='ocrx_word' id='word_1_117' title='bbox 311 1555 367 1613; x_wconf 90' lang='lat' dir='ltr'>lato</span> <span class='ocrx_word' id='word_1_118' title='bbox 379 1554 502 1629; x_wconf 90' lang='lat' dir='ltr'>quodam</span> <span class='ocrx_word' id='word_1_119' title='bbox 512 1573 610 1622; x_wconf 90' lang='lat' dir='ltr'>sensu,</span> <span class='ocrx_word' id='word_1_120' title='bbox 620 1554 804 1615; x_wconf 90' lang='lat' dir='ltr'>omnesdicit.</span> <span class='ocrx_word' id='word_1_121' title='bbox 826 1554 910 1622; x_wconf 85' lang='lat' dir='ltr'>Quod</span> <span class='ocrx_word' id='word_1_122' title='bbox 922 1555 1143 1615; x_wconf 87' lang='lat' dir='ltr'>autemadditde</span> <span class='ocrx_word' id='word_1_123' title='bbox 1154 1556 1293 1618; x_wconf 84' lang='lat' dir='ltr'>differen-</span> 
     </span>
     <span class='ocr_line' id='line_1_14' title="bbox 94 1653 1292 1734; baseline 0.003 -22"><span class='ocrx_word' id='word_1_124' title='bbox 94 1656 132 1712; x_wconf 93' lang='lat' dir='ltr'>tia</span> <span class='ocrx_word' id='word_1_125' title='bbox 155 1655 230 1712; x_wconf 90' lang='lat' dir='ltr'>inter</span> <span class='ocrx_word' id='word_1_126' title='bbox 241 1653 402 1711; x_wconf 88' lang='lat' dir='ltr'>sacerdotes</span> <span class='ocrx_word' id='word_1_127' title='bbox 417 1663 446 1710; x_wconf 92' lang='lat' dir='ltr'>et</span> <span class='ocrx_word' id='word_1_128' title='bbox 458 1653 547 1712; x_wconf 88' lang='lat' dir='ltr'>laicos</span> <span class='ocrx_word' id='word_1_129' title='bbox 562 1653 703 1711; x_wconf 79' lang='lat' dir='ltr'>Ecclesiae</span> <span class='ocrx_word' id='word_1_130' title='bbox 718 1653 881 1711; x_wconf 86' lang='lat' dir='ltr'>auctoritate</span> <span class='ocrx_word' id='word_1_131' title='bbox 897 1654 1059 1723; x_wconf 89' lang='lat' dir='ltr'>constituta,</span> <span class='ocrx_word' id='word_1_132' title='bbox 1075 1656 1292 1734; x_wconf 88' lang='lat' dir='ltr'>intelligendum</span> 
     </span>
     <span class='ocr_line' id='line_1_15' title="bbox 94 1750 1295 1828; baseline 0.002 -16"><span class='ocrx_word' id='word_1_133' title='bbox 94 1764 139 1812; x_wconf 89' lang='lat' dir='ltr'>est</span> <span class='ocrx_word' id='word_1_134' title='bbox 152 1752 187 1812; x_wconf 89' lang='lat' dir='ltr'>de</span> <span class='ocrx_word' id='word_1_135' title='bbox 201 1752 327 1810; x_wconf 86' lang='lat' dir='ltr'>externis</span> <span class='ocrx_word' id='word_1_136' title='bbox 343 1751 459 1810; x_wconf 89' lang='lat' dir='ltr'>honoris</span> <span class='ocrx_word' id='word_1_137' title='bbox 474 1750 598 1819; x_wconf 85' lang='lat' dir='ltr'>indiciis,</span> <span class='ocrx_word' id='word_1_138' title='bbox 612 1770 676 1824; x_wconf 80' lang='lat' dir='ltr'>quoe</span> <span class='ocrx_word' id='word_1_139' title='bbox 696 1751 852 1810; x_wconf 87' lang='lat' dir='ltr'>discrimen</span> <span class='ocrx_word' id='word_1_140' title='bbox 866 1771 883 1809; x_wconf 92' lang='lat' dir='ltr'>a</span> <span class='ocrx_word' id='word_1_141' title='bbox 903 1751 969 1810; x_wconf 92' lang='lat' dir='ltr'>Deo</span> <span class='ocrx_word' id='word_1_142' title='bbox 988 1752 1095 1812; x_wconf 86' lang='lat' dir='ltr'>factum</span> <span class='ocrx_word' id='word_1_143' title='bbox 1111 1765 1295 1828; x_wconf 88' lang='lat' dir='ltr'>sequuntur:</span> 
     </span>
     <span class='ocr_line' id='line_1_16' title="bbox 94 1850 1292 1924; baseline 0.002 -15"><span class='ocrx_word' id='word_1_144' title='bbox 94 1851 151 1909; x_wconf 92' lang='lat' dir='ltr'>uisi</span> <span class='ocrx_word' id='word_1_145' title='bbox 165 1850 286 1910; x_wconf 88' lang='lat' dir='ltr'>velimus</span> <span class='ocrx_word' id='word_1_146' title='bbox 301 1850 510 1909; x_wconf 88' lang='lat' dir='ltr'>Tertullianum</span> <span class='ocrx_word' id='word_1_147' title='bbox 525 1850 579 1909; x_wconf 87' lang='lat' dir='ltr'>hae</span> <span class='ocrx_word' id='word_1_148' title='bbox 593 1851 678 1908; x_wconf 90' lang='lat' dir='ltr'>etiarn</span> <span class='ocrx_word' id='word_1_149' title='bbox 693 1850 766 1908; x_wconf 92' lang='lat' dir='ltr'>inre</span> <span class='ocrx_word' id='word_1_150' title='bbox 781 1860 973 1909; x_wconf 77' lang='lat' dir='ltr'>transversum</span> <span class='ocrx_word' id='word_1_151' title='bbox 993 1863 1099 1919; x_wconf 90' lang='lat' dir='ltr'>actum,</span> <span class='ocrx_word' id='word_1_152' title='bbox 1115 1851 1193 1924; x_wconf 92' lang='lat' dir='ltr'>quod</span> <span class='ocrx_word' id='word_1_153' title='bbox 1214 1851 1292 1911; x_wconf 86' lang='lat' dir='ltr'>haud</span> 
     </span>
     <span class='ocr_line' id='line_1_17' title="bbox 94 1946 1353 2024; baseline 0.002 -19"><span class='ocrx_word' id='word_1_154' title='bbox 94 1947 256 2007; x_wconf 87' lang='lat' dir='ltr'>verosimile</span> <span class='ocrx_word' id='word_1_155' title='bbox 271 1960 333 2015; x_wconf 89' lang='lat' dir='ltr'>est;</span> <span class='ocrx_word' id='word_1_156' title='bbox 348 1966 414 2006; x_wconf 89' lang='lat' dir='ltr'>nam</span> <span class='ocrx_word' id='word_1_157' title='bbox 424 1947 576 2024; x_wconf 83' lang='lat' dir='ltr'>exprobrat</span> <span class='ocrx_word' id='word_1_158' title='bbox 586 1947 631 2005; x_wconf 90' lang='lat' dir='ltr'>sui</span> <span class='ocrx_word' id='word_1_159' title='bbox 642 1948 778 2023; x_wconf 90' lang='lat' dir='ltr'>temporis</span> <span class='ocrx_word' id='word_1_160' title='bbox 794 1946 953 2007; x_wconf 73' lang='lat' dir='ltr'>haereticis:</span> <span class='ocrx_word' id='word_1_161' title='bbox 977 1948 1089 2006; x_wconf 85' lang='lat' dir='ltr'>“laicis</span> <span class='ocrx_word' id='word_1_162' title='bbox 1102 1948 1292 2010; x_wconf 82' lang='lat' dir='ltr'>sacerdotalia</span> <span class='ocrx_word' id='word_1_163' title='bbox 1351 1999 1353 2008; x_wconf 81' lang='grc'><strong>.</strong></span> 
     </span>
     <span class='ocr_line' id='line_1_18' title="bbox 93 2042 1343 2123; baseline 0.001 -20"><span class='ocrx_word' id='word_1_164' title='bbox 93 2045 193 2103; x_wconf 89' lang='lat' dir='ltr'>munia</span> <span class='ocrx_word' id='word_1_165' title='bbox 206 2042 402 2123; x_wconf 79' lang='lat' dir='ltr'>injungunt.”⁸</span> <span class='ocrx_word' id='word_1_166' title='bbox 442 2042 589 2119; x_wconf 85' lang='lat' dir='ltr'>Quidquid</span> <span class='ocrx_word' id='word_1_167' title='bbox 602 2044 651 2112; x_wconf 87' lang='lat' dir='ltr'>sit,</span> <span class='ocrx_word' id='word_1_168' title='bbox 665 2054 776 2102; x_wconf 88' lang='lat' dir='ltr'>constat</span> <span class='ocrx_word' id='word_1_169' title='bbox 791 2061 857 2102; x_wconf 91' lang='lat' dir='ltr'>eum</span> <span class='ocrx_word' id='word_1_170' title='bbox 873 2044 1024 2122; x_wconf 86' lang='lat' dir='ltr'>agnovisse</span> <span class='ocrx_word' id='word_1_171' title='bbox 1037 2043 1148 2102; x_wconf 81' lang='lat' dir='ltr'>visibile</span> <span class='ocrx_word' id='word_1_172' title='bbox 1162 2055 1192 2103; x_wconf 91' lang='lat' dir='ltr'>et</span> <span class='ocrx_word' id='word_1_173' title='bbox 1204 2056 1297 2104; x_wconf 82' lang='lat' dir='ltr'>exter·</span> <span class='ocrx_word' id='word_1_174' title='bbox 1339 2102 1343 2111; x_wconf 83' lang='lat'>‚</span> 
     </span>
     <span class='ocr_line' id='line_1_19' title="bbox 93 2127 1292 2218; baseline -0.001 -17"><span class='ocrx_word' id='word_1_175' title='bbox 93 2161 163 2201; x_wconf 90' lang='lat' dir='ltr'>num</span> <span class='ocrx_word' id='word_1_176' title='bbox 177 2141 379 2210; x_wconf 89' lang='lat' dir='ltr'>sacerdotium,</span> <span class='ocrx_word' id='word_1_177' title='bbox 392 2140 532 2200; x_wconf 87' lang='lat' dir='ltr'>offerendi</span> <span class='ocrx_word' id='word_1_178' title='bbox 544 2141 726 2208; x_wconf 86' lang='lat' dir='ltr'>sacrificium,</span> <span class='ocrx_word' id='word_1_179' title='bbox 736 2127 786 2197; x_wconf 84' lang='lat' dir='ltr'>se&#39;d</span> <span class='ocrx_word' id='word_1_180' title='bbox 796 2151 824 2198; x_wconf 88' lang='lat' dir='ltr'>et</span> <span class='ocrx_word' id='word_1_181' title='bbox 835 2140 996 2202; x_wconf 89' lang='lat' dir='ltr'>remittendi</span> <span class='ocrx_word' id='word_1_182' title='bbox 1006 2152 1123 2218; x_wconf 88' lang='lat' dir='ltr'>peccata</span> <span class='ocrx_word' id='word_1_183' title='bbox 1136 2152 1292 2218; x_wconf 75' lang='lat' dir='ltr'>postestate</span> 
     </span>
     <span class='ocr_line' id='line_1_20' title="bbox 94 2236 1293 2315; baseline 0.002 -18"><span class='ocrx_word' id='word_1_184' title='bbox 94 2238 240 2298; x_wconf 89' lang='lat' dir='ltr'>donatum.</span> <span class='ocrx_word' id='word_1_185' title='bbox 282 2237 404 2297; x_wconf 83' lang='lat' dir='ltr'>Constat</span> <span class='ocrx_word' id='word_1_186' title='bbox 417 2239 501 2296; x_wconf 90' lang='lat' dir='ltr'>etiam</span> <span class='ocrx_word' id='word_1_187' title='bbox 517 2249 634 2296; x_wconf 86' lang='lat' dir='ltr'>caeteros</span> <span class='ocrx_word' id='word_1_188' title='bbox 648 2254 748 2296; x_wconf 88' lang='lat' dir='ltr'>omnes</span> <span class='ocrx_word' id='word_1_189' title='bbox 763 2247 856 2314; x_wconf 87' lang='lat' dir='ltr'>patres</span> <span class='ocrx_word' id='word_1_190' title='bbox 870 2236 900 2295; x_wconf 94' lang='lat' dir='ltr'>id</span> <span class='ocrx_word' id='word_1_191' title='bbox 913 2237 1048 2296; x_wconf 88' lang='lat' dir='ltr'>babuisse</span> <span class='ocrx_word' id='word_1_192' title='bbox 1068 2256 1250 2315; x_wconf 86' lang='lat' dir='ltr'>persuasum,</span> <span class='ocrx_word' id='word_1_193' title='bbox 1264 2250 1293 2299; x_wconf 90' lang='lat' dir='ltr'>et</span> 
     </span>
     <span class='ocr_line' id='line_1_21' title="bbox 95 2332 604 2392; baseline 0 -1"><span class='ocrx_word' id='word_1_194' title='bbox 95 2333 130 2391; x_wconf 91' lang='lat' dir='ltr'>ad</span> <span class='ocrx_word' id='word_1_195' title='bbox 152 2332 262 2392; x_wconf 83' lang='lat' dir='ltr'>Christi</span> <span class='ocrx_word' id='word_1_196' title='bbox 276 2333 449 2392; x_wconf 87' lang='lat' dir='ltr'>voluntatem</span> <span class='ocrx_word' id='word_1_197' title='bbox 464 2333 604 2392; x_wconf 89' lang='lat' dir='ltr'>retulisse.</span> 
     </span>
     <span class='ocr_line' id='line_1_22' title="bbox 90 2427 1293 2509; baseline 0.002 -21"><span class='ocrx_word' id='word_1_198' title='bbox 90 2494 92 2499; x_wconf 56' lang='grc'>,</span> <span class='ocrx_word' id='word_1_199' title='bbox 136 2435 174 2490; x_wconf 81' lang='grc'>37</span> <span class='ocrx_word' id='word_1_200' title='bbox 199 2428 266 2509; x_wconf 77' lang='lat' dir='ltr'>obj.</span> <span class='ocrx_word' id='word_1_201' title='bbox 281 2434 311 2489; x_wconf 83' lang='lat'>4.</span> <span class='ocrx_word' id='word_1_202' title='bbox 333 2429 533 2489; x_wconf 89' lang='lat' dir='ltr'>Theodoretus</span> <span class='ocrx_word' id='word_1_203' title='bbox 549 2429 633 2491; x_wconf 83' lang='lat' dir='ltr'>refert</span> <span class='ocrx_word' id='word_1_204' title='bbox 647 2429 856 2497; x_wconf 90' lang='lat' dir='ltr'>Frumentium,</span> <span class='ocrx_word' id='word_1_205' title='bbox 869 2430 1007 2506; x_wconf 87' lang='lat' dir='ltr'>juvenem</span> <span class='ocrx_word' id='word_1_206' title='bbox 1021 2430 1056 2489; x_wconf 86' lang='lat' dir='ltr'>ab</span> <span class='ocrx_word' id='word_1_207' title='bbox 1071 2427 1150 2487; x_wconf 88' lang='lat' dir='ltr'>lodis</span> <span class='ocrx_word' id='word_1_208' title='bbox 1164 2440 1293 2508; x_wconf 89' lang='lat' dir='ltr'>captum,</span> 
     </span>
     <span class='ocr_line' id='line_1_23' title="bbox 95 2526 1292 2604; baseline 0.003 -18"><span class='ocrx_word' id='word_1_209' title='bbox 95 2529 213 2604; x_wconf 83' lang='lat' dir='ltr'>gratiam</span> <span class='ocrx_word' id='word_1_210' title='bbox 230 2527 304 2604; x_wconf 87' lang='lat' dir='ltr'>apud</span> <span class='ocrx_word' id='word_1_211' title='bbox 320 2545 370 2586; x_wconf 87' lang='lat' dir='ltr'>eos</span> <span class='ocrx_word' id='word_1_212' title='bbox 385 2528 496 2595; x_wconf 87' lang='lat' dir='ltr'>iniisse,</span> <span class='ocrx_word' id='word_1_213' title='bbox 511 2527 636 2585; x_wconf 89' lang='lat' dir='ltr'>suasisse</span> <span class='ocrx_word' id='word_1_214' title='bbox 650 2539 744 2584; x_wconf 89' lang='lat' dir='ltr'>autem</span> <span class='ocrx_word' id='word_1_215' title='bbox 766 2526 969 2585; x_wconf 87' lang='lat' dir='ltr'>mercatoribus</span> <span class='ocrx_word' id='word_1_216' title='bbox 984 2526 1052 2585; x_wconf 94' lang='lat' dir='ltr'>illuc</span> <span class='ocrx_word' id='word_1_217' title='bbox 1065 2530 1292 2589; x_wconf 84' lang='lat' dir='ltr'>commeantibus</span> 
     </span>
     <span class='ocr_line' id='line_1_24' title="bbox 97 2620 1296 2702; baseline -0.002 -19"><span class='ocrx_word' id='word_1_218' title='bbox 97 2639 127 2683; x_wconf 90' lang='lat' dir='ltr'>ut</span> <span class='ocrx_word' id='word_1_219' title='bbox 140 2626 343 2684; x_wconf 87' lang='lat' dir='ltr'>convenientes</span> <span class='ocrx_word' id='word_1_220' title='bbox 358 2625 491 2684; x_wconf 91' lang='lat' dir='ltr'>inunum</span> <span class='ocrx_word' id='word_1_221' title='bbox 506 2623 630 2683; x_wconf 90' lang='lat' dir='ltr'>divinam</span> <span class='ocrx_word' id='word_1_222' title='bbox 647 2625 816 2702; x_wconf 88' lang='lat' dir='ltr'>perficerent</span> <span class='ocrx_word' id='word_1_223' title='bbox 829 2623 1074 2702; x_wconf 63' lang='lat' dir='ltr'>liturgiam-sos</span> <span class='ocrx_word' id='word_1_224' title='bbox 1085 2620 1154 2684; x_wconf 60' lang='lat' dir='ltr'>attur</span> <span class='ocrx_word' id='word_1_225' title='bbox 1172 2629 1296 2683; x_wconf 66' lang='lat' dir='ltr'>snam</span> 
     </span>
    </p>
   </div>
   <div class='ocr_carea' id='block_1_3' title="bbox 92 2738 1293 2890">
    <p class='ocr_par' dir='ltr' id='par_1_4' title="bbox 92 2738 1293 2890">
     <span class='ocr_line' id='line_1_25' title="bbox 92 2738 242 2784; baseline -0.013 -6"><span class='ocrx_word' id='word_1_226' title='bbox 92 2738 160 2778; x_wconf 65' lang='lat' dir='ltr'>terso</span> <span class='ocrx_word' id='word_1_227' title='bbox 214 2743 242 2784; x_wconf 79' lang='grc' dir='ltr'>ας</span> 
     </span>
     <span class='ocr_line' id='line_1_26' title="bbox 135 2743 1293 2890; baseline -0.003 -21"><span class='ocrx_word' id='word_1_228' title='bbox 135 2743 224 2890; x_wconf 52' lang='grc' dir='ltr'>8ΐέ</span> <span class='ocrx_word' id='word_1_229' title='bbox 247 2812 382 2890; x_wconf 85' lang='lat' dir='ltr'>Liturgiae</span> <span class='ocrx_word' id='word_1_230' title='bbox 398 2829 454 2870; x_wconf 83' lang='lat' dir='ltr'>vox</span> <span class='ocrx_word' id='word_1_231' title='bbox 467 2811 561 2870; x_wconf 90' lang='lat' dir='ltr'>latiori</span> <span class='ocrx_word' id='word_1_232' title='bbox 575 2829 661 2869; x_wconf 90' lang='lat' dir='ltr'>sensu</span> <span class='ocrx_word' id='word_1_233' title='bbox 677 2828 712 2868; x_wconf 90' lang='lat' dir='ltr'>eo</span> <span class='ocrx_word' id='word_1_234' title='bbox 726 2808 782 2867; x_wconf 90' lang='lat' dir='ltr'>loci</span> <span class='ocrx_word' id='word_1_235' title='bbox 799 2821 932 2885; x_wconf 88' lang='lat' dir='ltr'>usurpata</span> <span class='ocrx_word' id='word_1_236' title='bbox 946 2818 1000 2876; x_wconf 89' lang='lat' dir='ltr'>est,</span> <span class='ocrx_word' id='word_1_237' title='bbox 1016 2807 1051 2866; x_wconf 91' lang='lat' dir='ltr'>ad</span> <span class='ocrx_word' id='word_1_238' title='bbox 1066 2826 1165 2885; x_wconf 90' lang='lat' dir='ltr'>preces</span> <span class='ocrx_word' id='word_1_239' title='bbox 1180 2808 1293 2866; x_wconf 87' lang='lat' dir='ltr'>scilicet</span> 
     </span>
    </p>
   </div>
   <div class='ocr_carea' id='block_1_4' title="bbox 96 2903 1292 3074">
    <p class='ocr_par' dir='ltr' id='par_1_5' title="bbox 96 2903 1292 3074">
     <span class='ocr_line' id='line_1_27' title="bbox 96 2903 1292 2987; baseline -0.004 -21"><span class='ocrx_word' id='word_1_240' title='bbox 96 2928 189 2967; x_wconf 88' lang='lat' dir='ltr'>sacras</span> <span class='ocrx_word' id='word_1_241' title='bbox 212 2909 412 2987; x_wconf 87' lang='lat' dir='ltr'>designandas,</span> <span class='ocrx_word' id='word_1_242' title='bbox 428 2928 499 2983; x_wconf 92' lang='lat' dir='ltr'>quas</span> <span class='ocrx_word' id='word_1_243' title='bbox 524 2907 623 2966; x_wconf 89' lang='lat' dir='ltr'>fideles</span> <span class='ocrx_word' id='word_1_244' title='bbox 646 2907 687 2965; x_wconf 95' lang='lat' dir='ltr'>illi</span> <span class='ocrx_word' id='word_1_245' title='bbox 709 2905 872 2973; x_wconf 87' lang='lat' dir='ltr'>recitabant,</span> <span class='ocrx_word' id='word_1_246' title='bbox 895 2904 1044 2963; x_wconf 88' lang='lat' dir='ltr'>deficiente</span> <span class='ocrx_word' id='word_1_247' title='bbox 1065 2903 1225 2973; x_wconf 89' lang='lat' dir='ltr'>sacerdote,</span> <span class='ocrx_word' id='word_1_248' title='bbox 1241 2903 1292 2978; x_wconf 93' lang='lat' dir='ltr'>qui</span> 
     </span>
     <span class='ocr_line' id='line_1_28' title="bbox 97 3001 1291 3074; baseline -0.003 -9"><span class='ocrx_word' id='word_1_249' title='bbox 97 3027 159 3067; x_wconf 90' lang='lat' dir='ltr'>mos</span> <span class='ocrx_word' id='word_1_250' title='bbox 184 3008 285 3067; x_wconf 92' lang='lat' dir='ltr'>alicubi</span> <span class='ocrx_word' id='word_1_251' title='bbox 309 3008 464 3067; x_wconf 85' lang='lat' dir='ltr'>etiamnum</span> <span class='ocrx_word' id='word_1_252' title='bbox 489 3020 634 3074; x_wconf 82' lang='lat' dir='ltr'>servatur3</span> <span class='ocrx_word' id='word_1_253' title='bbox 657 3005 750 3065; x_wconf 89' lang='lat' dir='ltr'>solent</span> <span class='ocrx_word' id='word_1_254' title='bbox 774 3003 851 3061; x_wconf 90' lang='lat' dir='ltr'>enim</span> <span class='ocrx_word' id='word_1_255' title='bbox 871 3001 982 3071; x_wconf 87' lang='lat' dir='ltr'>fideles,</span> <span class='ocrx_word' id='word_1_256' title='bbox 997 3003 1143 3061; x_wconf 89' lang='lat' dir='ltr'>nonnullis</span> <span class='ocrx_word' id='word_1_257' title='bbox 1164 3003 1194 3072; x_wconf 83' lang='lat' dir='ltr'>iu</span> <span class='ocrx_word' id='word_1_258' title='bbox 1217 3003 1291 3062; x_wconf 88' lang='lat' dir='ltr'>locis</span> 
     </span>
    </p>
   </div>
   <div class='ocr_carea' id='block_1_5' title="bbox 95 3100 1291 3376">
    <p class='ocr_par' dir='ltr' id='par_1_6' title="bbox 95 3100 1291 3376">
     <span class='ocr_line' id='line_1_29' title="bbox 96 3100 1290 3186; baseline -0.006 -21"><span class='ocrx_word' id='word_1_259' title='bbox 96 3108 169 3167; x_wconf 87' lang='lat' dir='ltr'>intra</span> <span class='ocrx_word' id='word_1_260' title='bbox 184 3109 344 3186; x_wconf 84' lang='lat' dir='ltr'>provincias</span> <span class='ocrx_word' id='word_1_261' title='bbox 360 3109 410 3167; x_wconf 87' lang='lat' dir='ltr'>has</span> <span class='ocrx_word' id='word_1_262' title='bbox 433 3107 594 3174; x_wconf 88' lang='lat' dir='ltr'>soederatas,</span> <span class='ocrx_word' id='word_1_263' title='bbox 609 3104 761 3165; x_wconf 87' lang='lat' dir='ltr'>convenire</span> <span class='ocrx_word' id='word_1_264' title='bbox 776 3101 822 3160; x_wconf 91' lang='lat' dir='ltr'>die</span> <span class='ocrx_word' id='word_1_265' title='bbox 843 3100 1008 3168; x_wconf 90' lang='lat' dir='ltr'>Dominica,</span> <span class='ocrx_word' id='word_1_266' title='bbox 1022 3100 1057 3159; x_wconf 89' lang='lat' dir='ltr'>ad</span> <span class='ocrx_word' id='word_1_267' title='bbox 1078 3119 1179 3178; x_wconf 88' lang='lat' dir='ltr'>preces</span> <span class='ocrx_word' id='word_1_268' title='bbox 1200 3101 1290 3160; x_wconf 92' lang='lat' dir='ltr'>simul</span> 
     </span>
     <span class='ocr_line' id='line_1_30' title="bbox 95 3198 1289 3280; baseline -0.005 -17"><span class='ocrx_word' id='word_1_269' title='bbox 95 3205 265 3276; x_wconf 86' lang='lat' dir='ltr'>suadendas,</span> <span class='ocrx_word' id='word_1_270' title='bbox 281 3207 395 3280; x_wconf 92' lang='lat' dir='ltr'>quando</span> <span class='ocrx_word' id='word_1_271' title='bbox 418 3224 477 3264; x_wconf 90' lang='lat' dir='ltr'>uon</span> <span class='ocrx_word' id='word_1_272' title='bbox 499 3205 580 3263; x_wconf 90' lang='lat' dir='ltr'>datur</span> <span class='ocrx_word' id='word_1_273' title='bbox 603 3201 758 3262; x_wconf 88' lang='lat' dir='ltr'>sacerdotis</span> <span class='ocrx_word' id='word_1_274' title='bbox 779 3199 872 3276; x_wconf 88' lang='lat' dir='ltr'>copia.</span> <span class='ocrx_word' id='word_1_275' title='bbox 915 3199 1058 3258; x_wconf 76' lang='lat' dir='ltr'>Ceterum</span> <span class='ocrx_word' id='word_1_276' title='bbox 1082 3198 1191 3258; x_wconf 89' lang='lat' dir='ltr'>nemini</span> <span class='ocrx_word' id='word_1_277' title='bbox 1212 3198 1289 3257; x_wconf 86' lang='lat' dir='ltr'>laico</span> 
     </span>
     <span class='ocr_line' id='line_1_31' title="bbox 95 3294 1291 3376; baseline -0.007 -15"><span class='ocrx_word' id='word_1_278' title='bbox 95 3322 221 3376; x_wconf 91' lang='lat' dir='ltr'>unquam</span> <span class='ocrx_word' id='word_1_279' title='bbox 243 3302 324 3361; x_wconf 89' lang='lat' dir='ltr'>licuit</span> <span class='ocrx_word' id='word_1_280' title='bbox 343 3303 514 3360; x_wconf 87' lang='lat' dir='ltr'>sacrificium</span> <span class='ocrx_word' id='word_1_281' title='bbox 539 3299 651 3360; x_wconf 82' lang='lat' dir='ltr'>offerre.</span> <span class='ocrx_word' id='word_1_282' title='bbox 693 3295 826 3356; x_wconf 82' lang='lat' dir='ltr'>Proiecto</span> <span class='ocrx_word' id='word_1_283' title='bbox 852 3294 1053 3354; x_wconf 84' lang='lat' dir='ltr'>Theodoretus</span> <span class='ocrx_word' id='word_1_284' title='bbox 1078 3304 1195 3352; x_wconf 87' lang='lat' dir='ltr'>testatur</span> <span class='ocrx_word' id='word_1_285' title='bbox 1220 3294 1291 3353; x_wconf 88' lang='lat' dir='ltr'>Fru-</span> 
     </span>
    </p>
   </div>
   <div class='ocr_carea' id='block_1_6' title="bbox 96 3391 1311 3568">
    <p class='ocr_par' dir='ltr' id='par_1_7' title="bbox 96 3391 1311 3568">
     <span class='ocr_line' id='line_1_32' title="bbox 96 3391 1311 3470; baseline -0.008 -11"><span class='ocrx_word' id='word_1_286' title='bbox 96 3402 233 3459; x_wconf 91' lang='lat' dir='ltr'>mentium</span> <span class='ocrx_word' id='word_1_287' title='bbox 252 3398 453 3458; x_wconf 79' lang='lat' dir='ltr'>Alexandriam</span> <span class='ocrx_word' id='word_1_288' title='bbox 468 3418 613 3458; x_wconf 90' lang='lat' dir='ltr'>reversum</span> <span class='ocrx_word' id='word_1_289' title='bbox 628 3398 663 3456; x_wconf 92' lang='lat' dir='ltr'>ab</span> <span class='ocrx_word' id='word_1_290' title='bbox 678 3393 834 3455; x_wconf 86' lang='lat' dir='ltr'>Athanasio</span> <span class='ocrx_word' id='word_1_291' title='bbox 848 3393 1006 3470; x_wconf 87' lang='lat' dir='ltr'>episcopali</span> <span class='ocrx_word' id='word_1_292' title='bbox 1020 3393 1182 3451; x_wconf 87' lang='lat' dir='ltr'>charactere</span> <span class='ocrx_word' id='word_1_293' title='bbox 1203 3391 1311 3469; x_wconf 66' lang='lat' dir='ltr'>insig-</span> 
     </span>
     <span class='ocr_line' id='line_1_33' title="bbox 97 3487 1294 3568; baseline -0.007 -15"><span class='ocrx_word' id='word_1_294' title='bbox 97 3497 283 3565; x_wconf 67' lang='lat' dir='ltr'>nitum-aq,</span> <span class='ocrx_word' id='word_1_295' title='bbox 293 3495 466 3568; x_wconf 64' lang='grc' dir='ltr'>ἀρχιερατικῆς</span> <span class='ocrx_word' id='word_1_296' title='bbox 476 3495 542 3566; x_wconf 69' lang='lat' dir='ltr'>desp</span> <span class='ocrx_word' id='word_1_297' title='bbox 552 3495 652 3566; x_wconf 63' lang='grc' dir='ltr'>κάρυκος</span> <span class='ocrx_word' id='word_1_298' title='bbox 662 3492 878 3563; x_wconf 68' lang='grc' dir='ltr'>μεταδιδοὺς-ιιι</span> <span class='ocrx_word' id='word_1_299' title='bbox 887 3487 923 3546; x_wconf 87' lang='lat' dir='ltr'>ad</span> <span class='ocrx_word' id='word_1_300' title='bbox 937 3487 1024 3547; x_wconf 89' lang='lat' dir='ltr'>ludos</span> <span class='ocrx_word' id='word_1_301' title='bbox 1038 3498 1235 3556; x_wconf 87' lang='lat' dir='ltr'>reverteretur,</span> <span class='ocrx_word' id='word_1_302' title='bbox 1251 3488 1294 3545; x_wconf 88' lang='lat' dir='ltr'>eis</span> 
     </span>
    </p>
   </div>
   <div class='ocr_carea' id='block_1_7' title="bbox 96 3588 490 3666">
    <p class='ocr_par' dir='ltr' id='par_1_8' title="bbox 96 3588 490 3666">
     <span class='ocr_line' id='line_1_34' title="bbox 96 3588 490 3666; baseline -0.01 -15"><span class='ocrx_word' id='word_1_303' title='bbox 96 3604 271 3653; x_wconf 88' lang='lat' dir='ltr'>sacramenta</span> <span class='ocrx_word' id='word_1_304' title='bbox 286 3588 490 3666; x_wconf 88' lang='lat' dir='ltr'>impertiturus.</span> 
     </span>
    </p>
   </div>
   <div class='ocr_carea' id='block_1_8' title="bbox 549 3781 838 3823">
    <p class='ocr_par' dir='ltr' id='par_1_9' title="bbox 549 3781 838 3823">
     <span class='ocr_line' id='line_1_35' title="bbox 549 3781 838 3823; baseline -0.01 0"><span class='ocrx_word' id='word_1_305' title='bbox 549 3781 838 3823; x_wconf 72' lang='lat' dir='ltr'>aumsnvnnstonns.</span> 
     </span>
    </p>
   </div>
   <div class='ocr_carea' id='block_1_9' title="bbox 96 3918 1294 4195">
    <p class='ocr_par' dir='ltr' id='par_1_10' title="bbox 96 3918 1294 4195">
     <span class='ocr_line' id='line_1_36' title="bbox 136 3918 1294 3996; baseline -0.006 -11"><span class='ocrx_word' id='word_1_306' title='bbox 136 3931 185 3985; x_wconf 79' lang='lat'>38.</span> <span class='ocrx_word' id='word_1_307' title='bbox 208 3926 303 3994; x_wconf 86' lang='lat' dir='ltr'>Quum</span> <span class='ocrx_word' id='word_1_308' title='bbox 320 3935 430 3982; x_wconf 89' lang='lat' dir='ltr'>constet</span> <span class='ocrx_word' id='word_1_309' title='bbox 443 3922 651 3982; x_wconf 88' lang='lat' dir='ltr'>ordinationem</span> <span class='ocrx_word' id='word_1_310' title='bbox 666 3939 730 3979; x_wconf 88' lang='lat' dir='ltr'>esse</span> <span class='ocrx_word' id='word_1_311' title='bbox 742 3931 962 3987; x_wconf 88' lang='lat' dir='ltr'>sacramentum,</span> <span class='ocrx_word' id='word_1_312' title='bbox 975 3929 1003 3978; x_wconf 92' lang='lat' dir='ltr'>et</span> <span class='ocrx_word' id='word_1_313' title='bbox 1016 3918 1205 3978; x_wconf 91' lang='lat' dir='ltr'>sacerdotium</span> <span class='ocrx_word' id='word_1_314' title='bbox 1221 3938 1294 3996; x_wconf 79' lang='lat' dir='ltr'>pras·</span> 
     </span>
     <span class='ocr_line' id='line_1_37' title="bbox 96 4016 1294 4101; baseline -0.006 -18"><span class='ocrx_word' id='word_1_315' title='bbox 96 4026 197 4101; x_wconf 91' lang='lat' dir='ltr'>cipuus</span> <span class='ocrx_word' id='word_1_316' title='bbox 212 4026 252 4083; x_wconf 93' lang='lat' dir='ltr'>sit</span> <span class='ocrx_word' id='word_1_317' title='bbox 276 4021 357 4090; x_wconf 91' lang='lat' dir='ltr'>ordo,</span> <span class='ocrx_word' id='word_1_318' title='bbox 371 4041 437 4080; x_wconf 88' lang='lat' dir='ltr'>nam</span> <span class='ocrx_word' id='word_1_319' title='bbox 459 4021 641 4100; x_wconf 87' lang='lat' dir='ltr'>episcopatus</span> <span class='ocrx_word' id='word_1_320' title='bbox 657 4020 720 4097; x_wconf 91' lang='lat' dir='ltr'>ipse</span> <span class='ocrx_word' id='word_1_321' title='bbox 735 4029 780 4078; x_wconf 89' lang='lat' dir='ltr'>est</span> <span class='ocrx_word' id='word_1_322' title='bbox 793 4018 944 4078; x_wconf 90' lang='lat' dir='ltr'>sacerdotii</span> <span class='ocrx_word' id='word_1_323' title='bbox 958 4017 1105 4096; x_wconf 80' lang='lat' dir='ltr'>perfectio,</span> <span class='ocrx_word' id='word_1_324' title='bbox 1120 4016 1211 4091; x_wconf 93' lang='lat' dir='ltr'>liquet</span> <span class='ocrx_word' id='word_1_325' title='bbox 1221 4017 1294 4078; x_wconf 87' lang='lat' dir='ltr'>illud</span> 
     </span>
     <span class='ocr_line' id='line_1_38' title="bbox 96 4093 1145 4195; baseline -0.008 -15"><span class='ocrx_word' id='word_1_326' title='bbox 96 4093 302 4183; x_wconf 85' lang='lat' dir='ltr'>saclamentum</span> <span class='ocrx_word' id='word_1_327' title='bbox 318 4139 400 4179; x_wconf 87' lang='lat' dir='ltr'>esse:</span> <span class='ocrx_word' id='word_1_328' title='bbox 423 4121 500 4195; x_wconf 92' lang='lat' dir='ltr'>quod</span> <span class='ocrx_word' id='word_1_329' title='bbox 514 4121 544 4180; x_wconf 90' lang='lat' dir='ltr'>in</span> <span class='ocrx_word' id='word_1_330' title='bbox 558 4119 691 4179; x_wconf 78' lang='lat' dir='ltr'>confesso</span> <span class='ocrx_word' id='word_1_331' title='bbox 705 4116 781 4195; x_wconf 91' lang='lat' dir='ltr'>apud</span> <span class='ocrx_word' id='word_1_332' title='bbox 793 4116 959 4178; x_wconf 83' lang='lat' dir='ltr'>Catholicos</span> <span class='ocrx_word' id='word_1_333' title='bbox 974 4118 1075 4176; x_wconf 82' lang='lat' dir='ltr'>omnes</span> <span class='ocrx_word' id='word_1_334' title='bbox 1091 4124 1145 4173; x_wconf 88' lang='lat' dir='ltr'>est.</span> 
     </span>
    </p>
   </div>
   <div class='ocr_carea' id='block_1_10' title="bbox 490 4293 928 4620">
    <p class='ocr_par' dir='ltr' id='par_1_11' title="bbox 490 4293 928 4620">
     <span class='ocr_line' id='line_1_39' title="bbox 495 4293 881 4363; baseline -0.003 -20"><span class='ocrx_word' id='word_1_335' title='bbox 495 4297 538 4363; x_wconf 87' lang='lat' dir='ltr'>(l)</span> <span class='ocrx_word' id='word_1_336' title='bbox 558 4294 588 4345; x_wconf 92' lang='lat' dir='ltr'>L.</span> <span class='ocrx_word' id='word_1_337' title='bbox 598 4295 629 4345; x_wconf 92' lang='lat' dir='ltr'>de</span> <span class='ocrx_word' id='word_1_338' title='bbox 640 4294 733 4345; x_wconf 82' lang='lat' dir='ltr'>exhort.</span> <span class='ocrx_word' id='word_1_339' title='bbox 743 4300 796 4345; x_wconf 88' lang='lat' dir='ltr'>cast</span> <span class='ocrx_word' id='word_1_340' title='bbox 806 4309 827 4344; x_wconf 82' lang='lat' dir='ltr'>c·</span> <span class='ocrx_word' id='word_1_341' title='bbox 838 4293 881 4344; x_wconf 77' lang='lat' dir='ltr'>rii.</span> 
     </span>
     <span class='ocr_line' id='line_1_40' title="bbox 497 4380 660 4447; baseline -0.012 -18"><span class='ocrx_word' id='word_1_342' title='bbox 497 4383 539 4447; x_wconf 79' lang='lat'>(2)</span> <span class='ocrx_word' id='word_1_343' title='bbox 559 4380 660 4430; x_wconf 90' lang='lat' dir='ltr'>Ibidem.</span> 
     </span>
     <span class='ocr_line' id='line_1_41' title="bbox 494 4464 928 4534; baseline -0.002 -18"><span class='ocrx_word' id='word_1_344' title='bbox 494 4469 536 4534; x_wconf 83' lang='lat'>(³)</span> <span class='ocrx_word' id='word_1_345' title='bbox 555 4466 585 4516; x_wconf 93' lang='lat' dir='ltr'>L.</span> <span class='ocrx_word' id='word_1_346' title='bbox 596 4467 627 4516; x_wconf 89' lang='lat' dir='ltr'>de</span> <span class='ocrx_word' id='word_1_347' title='bbox 637 4465 768 4532; x_wconf 81' lang='lat' dir='ltr'>prascript.</span> <span class='ocrx_word' id='word_1_348' title='bbox 784 4464 842 4515; x_wconf 79' lang='lat' dir='ltr'>her.</span> <span class='ocrx_word' id='word_1_349' title='bbox 854 4480 875 4515; x_wconf 91' lang='lat' dir='ltr'>c.</span> <span class='ocrx_word' id='word_1_350' title='bbox 886 4464 928 4515; x_wconf 85' lang='lat' dir='ltr'>xli</span> 
     </span>
     <span class='ocr_line' id='line_1_42' title="bbox 490 4550 870 4620; baseline -0.005 -18"><span class='ocrx_word' id='word_1_351' title='bbox 490 4555 533 4620; x_wconf 82' lang='lat'>(4)</span> <span class='ocrx_word' id='word_1_352' title='bbox 554 4552 620 4603; x_wconf 81' lang='lat' dir='ltr'>Hist.</span> <span class='ocrx_word' id='word_1_353' title='bbox 631 4552 701 4603; x_wconf 77' lang='lat' dir='ltr'>Eccl.</span> <span class='ocrx_word' id='word_1_354' title='bbox 712 4552 729 4603; x_wconf 87' lang='lat'>1.</span> <span class='ocrx_word' id='word_1_355' title='bbox 739 4551 757 4602; x_wconf 82' lang='lat' dir='ltr'>i.</span> <span class='ocrx_word' id='word_1_356' title='bbox 768 4567 789 4602; x_wconf 88' lang='lat' dir='ltr'>c.</span> <span class='ocrx_word' id='word_1_357' title='bbox 799 4550 870 4601; x_wconf 85' lang='lat' dir='ltr'>xxiii.</span> 
     </span>
    </p>
   </div>
   <div class='ocr_carea' id='block_1_11' title="bbox 0 0 1409 5092">
    <p class='ocr_par' dir='ltr' id='par_1_12' title="bbox 0 0 1409 5092">
     <span class='ocr_line' id='line_1_43' title="bbox 0 0 1409 5092; baseline 0 0"><span class='ocrx_word' id='word_1_358' title='bbox 0 0 1409 5092; x_wconf 95' lang='lat' dir='ltr'> </span> 
     </span>
    </p>
   </div>
  </div>
 </body>
</html>
