2798 5092
324 940 766 1027 TRACTATUS
814 950 1057 1030 XVIII.-

64 1302 200 1422 DE
250 1303 600 1498 ¹CULTU
643 1314 1268 1448 RELIGIOSO.

513 1685 818 1704 --—-·———

483 1931 849 1989 PRAENOTANDA.

106 2166 135 2222 l.
165 2164 342 2241 “Ambigua
370 2158 441 2220 eet'’
475 2160 569 2234 iuquit
591 2162 635 2219 vir
668 2163 894 2224 Protestanticue
928 2158 1151 2236 eruditissimus.
1177 2169 1265 2228 “rel·

61 2260 150 2337 igiosi
171 2262 265 2320 cultus
293 2259 465 2339 appellatio:
489 2277 554 2317 nam
579 2270 609 2317 et
629 2260 781 2338 religiosus
815 2274 869 2330 est,
903 2264 997 2324 honos
1024 2267 1074 2340 qui
1102 2267 1157 2326 soli
1193 2265 1259 2325 Deo

59 2357 198 2428 defertur,
238 2369 269 2418 et
308 2358 460 2436 religiosus
501 2365 555 2424 est,
596 2359 647 2431 qui
686 2360 724 2417 ob
776 2359 870 2420 Deum
915 2361 1039 2422 defertur
1079 2365 1200 2442 Angelis
1236 2374 1265 2423 et
1390 2422 1395 2433 ,

56 2459 224 2536 Apostolisz
247 2457 432 2532 nequeenim
461 2454 486 2511 is
515 2453 608 2514 honor
628 2455 663 2515 ad
687 2475 871 2519 communem
892 2462 1065 2537 civilemque
1098 2465 1184 2523 vitam
1200 2482 1264 2541 per·
1379 2440 1395 2517 i

58 2554 178 2614 tinet.”²
217 2555 525 2624 Latris-sarpam
547 2555 707 2632 'I'heologis
729 2569 795 2633 post
817 2560 1025 2636 Augustinum¹
1044 2562 1137 2620 cultus
1161 2581 1261 2639 supre·
1380 2546 1388 2557 ⁵

59 2672 125 2712 mus
154 2653 246 2712 dictus
281 2664 344 2711 est:
378 2652 758 2720 Dulia-nwma-inlerior
788 2655 881 2712 cultus
918 2656 1030 2715 famulis
1065 2658 1121 2717 Dei
1152 2660 1262 2734 praesti·

59 2763 125 2809 tus:
147 2748 659 2832 hgpicrduliffimpum-eximia
682 2750 824 2809 inferioris
851 2751 944 2810 cultus
966 2755 1091 2830 species,
1113 2774 1175 2829 quse
1199 2757 1262 2817 Vir·

60 2847 119 2923 gini
148 2847 248 2906 Mariae
274 2847 415 2929 tribuitur.
456 2844 654 2907 siderationis
685 2864 741 2903 vox
766 2845 802 2904 ad
831 2866 1000 2924 supremum
1028 2852 1135 2910 cultum
1165 2852 1260 2932 desig·

59 2943 182 3004 nandum
207 2945 314 3023 saepius
339 2945 480 3013 sumitur;
502 2943 655 3018 aliquando
675 2941 838 3025 inferiorern
860 2945 968 3004 cultum
983 2947 1151 3024 religiosum
1167 2949 1262 3028 desig·

61 3040 198 3100 uat:.sed
212 3041 308 3110 latius,
323 3042 408 3099 etiam
424 3060 476 3118 pro
488 3041 566 3099 civili
581 3039 668 3106 cultu,
691 3036 749 3112 quo
770 3038 904 3099 homiues
926 3040 992 3099 aliis
1018 3045 1192 3116 obsequium
1218 3057 1261 3103 tes

62 3151 161 3208 tantur,
174 3140 317 3218 evulgato
329 3140 481 3216 interprete
495 3137 638 3196 adhibitus
654 3147 707 3205 est,
724 3136 799 3196 sicut
812 3157 829 3195 a
842 3139 984 3198 veteribus
997 3140 1154 3218 plerisque.
1176 3142 1263 3219 Apud
1367 3182 1370 3187 -

62 3237 192 3313 profanos
201 3239 356 3314 scriptores
368 3236 479 3304 orandi,
488 3247 517 3294 et
526 3233 720 3294 concionandi
734 3253 821 3294 seusu
832 3255 1051 3312 nonnumquam
1063 3248 1197 3315 usurpata
1207 3251 1261 3297 est.

31 3320 36 3337 ⁷
59 3331 209 3391 Veneratio
223 3343 350 3391 econtra
363 3351 441 3410 saepe
456 3331 563 3404 indicat
574 3331 651 3410 ¹apud
667 3332 798 3406 antiquos
819 3334 928 3393 cultum
952 3353 1129 3413 supremum,
1144 3335 1216 3395 adeo
1231 3349 1262 3395 ut
1280 3372 1312 3384 -

63 3448 244 3489 vocumusus
271 3430 427 3507 plurimum
442 3430 574 3489 varietur.
616 3430 685 3508 Ipsa
705 3430 859 3507 Augustini
884 3430 1029 3491 distinctio
1059 3432 1193 3510 superius
1218 3434 1261 3493 in·
1380 3422 1383 3429 ¹

30 3586 50 3617 n
64 3525 152 3585 dicata
160 3547 212 3587 usu
227 3529 319 3606 magis
333 3547 420 3602 quam
436 3529 463 3586 vi
478 3547 579 3587 vocum
596 3529 702 3587 nititur.
1369 3548 1397 3593 ‘t

102 3629 130 3682 2.
150 3625 274 3704 Vulgare
289 3636 333 3684 eet
351 3624 549 3704 prejudicium
572 3625 739 3695 Catholicos
754 3624 849 3684 colere
870 3637 996 3695 sanctos,
1011 3628 1151 3707 imagines
1173 3643 1202 3688 et
1217 3651 1257 3689 re·
1379 3624 1391 3705 ¹,

68 3722 172 3794 liquisse,
187 3723 265 3798 quod
279 3723 314 3783 de
328 3724 404 3782 cultu
420 3723 550 3800 ejusdem
564 3723 688 3800 generis,
704 3742 737 3780 ac
751 3723 826 3781 illius
842 3726 892 3797 qui
907 3726 971 3785 Deo
986 3726 1112 3786 redditur
1127 3728 1257 3806 plerique
1276 3783 1280 3791 ,

71 3819 233 3898 intelligunt;
255 3820 379 3895 ideoque
394 3820 423 3879 in
441 3821 543 3880 limine
558 3840 662 3879 vocum
682 3821 903 3903 explicationem
929 3825 1157 3901 praemittendam
1178 3826 1258 3884 duxi-

70 3932 136 3983 mus,
149 3928 179 3977 ut
191 3918 304 3977 claritas
318 3916 448 3976 dicendis
462 3917 587 3976 accedat.
630 3917 771 3994 Religiosi
785 3918 878 3976 cultus
891 3921 1007 3980 nomine
1022 3940 1137 3981 omnem
1153 3921 1256 3978 intelli·

74 4012 155 4085 gimns
168 4015 308 4075 honorem
333 4016 384 4089 qui
399 4015 464 4074 Deo
478 4014 613 4083 redditur,
636 4015 681 4072 vel
696 4015 831 4073 creaturis
854 4017 890 4074 ob
912 4020 1138 4096 supernaturalia
1151 4017 1256 4090 quibus

74 4124 191 4171 ornantur
205 4112 290 4172 dona.
333 4112 507 4190 Supremum
522 4112 722 4171 etabsolutum
745 4112 851 4172 cultum
868 4113 933 4173 Deo
947 4113 1043 4173 deberi
1058 4115 1094 4173 ob
1109 4131 1254 4173 summam
1347 4180 1352 4203 Σ

74 4205 125 4281 ejus
138 4211 337 4286 perfectionem
351 4222 380 4269 et
394 4212 571 4290 majestatem
585 4210 765 4287 exploratum
779 4221 833 4280 est,
848 4230 934 4285 quem
957 4214 988 4285 in
1008 4212 1142 4272 Ecclesia
1155 4213 1253 4273 cathu·
1361 4212 1369 4221 '

75 4301 120 4360 lica
139 4306 192 4368 dari
213 4310 297 4387 juvat
324 4308 529 4378 demonstrare,
551 4298 897 4381 antequam'vindicemus
913 4328 998 4383 quem
1027 4319 1141 4388 praestat
1168 4310 1254 4373 rebus
1342 4310 1345 4315 ’

76 4403 160 4462 creatis
174 4416 290 4485 propter
305 4404 401 4464 Deum
418 4406 565 4464 honoram.

324 4562 366 4628 (l)
386 4562 487 4612 Grotius
499 4563 525 4612 in
543 4562 665 4612 animadv.
678 4563 756 4613 Riret.
769 4580 792 4628 p.
805 4565 846 4612 43.

324 4651 366 4714 (2)
386 4648 416 4698 L.
428 4665 454 4698 x.
465 4648 495 4698 de
505 4649 551 4698 civ.
564 4649 642 4699 Deio.
657 4652 679 4698 l.

140 4711 363 4776 tunm-16
396 4725 399 4736 “
