2798 5092
593 352 820 415 tersum,
1245 359 1309 422 m!

112 522 139 573 ut
150 529 259 573 nomen
272 511 371 571 Aeacii
385 509 549 581 damnaret,
563 512 717 591 pontificia
737 513 870 592 potestati
890 512 985 574 debita
997 517 1123 594 prestita
1135 512 1302 580 reverentia.

112 610 299 671 Smcdssima
313 608 403 670 edidit
416 609 530 670 decreta
542 609 584 669 ad-
597 609 779 689 disciplinam
793 612 987 684 muniendam,
1002 624 1032 674 et
1044 616 1168 692 plurima
1181 616 1306 696 gloriose

112 710 241 787 patravit.

149 809 196 863 51.
221 806 409 866 dumaaiss
433 805 473 865 11.
488 808 557 865 524
571 805 748 866 Novembris
758 809 842 876 166.
856 806 893 866 56
908 811 944 869 17
960 808 989 868 N
992 808 1135 869 orembris
1148 811 1208 869 tas
1222 811 1306 870 sedit.

113 901 386 963 Reconciliationem
409 902 550 963 Ecclesia
576 902 731 964 Orientalis
756 924 823 965 cnm
848 904 979 965 Romana
1002 907 1130 976 tentavit,
1154 923 1190 965 ea
1210 917 1306 969 tamen

112 997 273 1058 conditione
288 1009 320 1058 ut
332 1017 439 1060 nomen
452 999 550 1058 Aeacii
563 1008 712 1060 taceretur.
752 1001 800 1060 Eo
813 1001 930 1060 sedente
945 1000 1110 1062 clodoveus
1124 1001 1301 1064 Francorum
1353 1082 1355 1088 Ι

112 1114 160 1157 rex
174 1097 349 1174 baptismum
366 1097 505 1174 suscepit.

149 1200 199 1254 52.
222 1197 418 1264 Santonus,
433 1195 508 1255 sedit
523 1200 592 1254 522
608 1195 783 1256 Novembris
796 1196 844 1256 die
858 1199 920 1263 1138,
932 1195 969 1255 56
985 1199 1021 1256 13
1034 1195 1054 1255 J
1056 1196 1106 1256 ulii
1118 1200 1186 1256 ert.
1217 1198 1308 1268 Festi,

114 1293 236 1353 Romani
252 1293 401 1362 senatoris,
416 1294 568 1353 Anastasio
588 1294 752 1370 imperatori
767 1294 897 1362 faventis,
912 1311 1000 1372 opera
1013 1294 1140 1354 schisma
1154 1295 1309 1356 conflatum

114 1400 164 1458 est,
180 1388 259 1464 quod
273 1401 329 1448 tres
344 1407 434 1449 anuos
448 1387 568 1457 durarit,
583 1388 738 1449 Laurentio
749 1391 883 1469 antipapa
896 1400 1001 1450 creato.
1042 1389 1243 1452 Theudoricus
1255 1410 1309 1452 rex

114 1504 177 1544 sese
192 1485 358 1547 dirimenda
376 1486 419 1546 liti
434 1487 563 1565 ingessit,
589 1486 678 1545 misso
691 1487 847 1558 visitatore,
867 1497 896 1547 et
909 1487 1027 1565 syuodo
1046 1501 1144 1549 coacta
1166 1506 1205 1548 ex
1219 1489 1306 1566 Sym·

114 1583 204 1642 machi
219 1602 373 1653 consensu,
388 1583 438 1658 qui
452 1583 619 1643 criminibus
634 1584 690 1642 sibi
703 1585 836 1662 impactis
849 1585 988 1645 immunis
1002 1587 1114 1663 agnitus
1128 1597 1182 1656 est,
1197 1598 1227 1645 et
1237 1587 1307 1664 legi⁴

115 1681 198 1741 timue
212 1681 344 1759 pontifex
360 1680 484 1740 babitus.
524 1681 708 1740 Anastasium
727 1682 927 1760 imperatorem
940 1684 1040 1742 Aeacii
1056 1684 1202 1745 memorie
1215 1684 1312 1746 faven-

113 1787 165 1839 tem
179 1779 358 1839 anathemate
373 1778 523 1855 percussit.
565 1778 752 1838 Sanctissime
766 1780 840 1839 rexit
851 1779 1028 1840 Ecclesiam.

618 1936 746 1997 Smcsno
765 1937 814 1997 VI.

148 2103 199 2159 53.
215 2096 392 2158 Hoamsnas
403 2101 467 2155 527
481 2093 499 2154 J
502 2094 552 2154 ulii
566 2093 612 2153 die
627 2099 685 2154 nrt
701 2095 736 2154 ad
750 2100 769 2155 6
784 2096 907 2174 Augusti
919 2100 987 2165 523,
998 2095 1161 2157 Ecclesiam
1172 2098 1311 2176 guberna·

110 2199 158 2266 rit,
169 2205 199 2254 et
213 2194 374 2254 Orientales
384 2191 419 2251 ad
429 2210 531 2270 paoem
542 2193 713 2252 etunitatem
724 2195 875 2253 revocavit.
907 2193 954 2253 Eo
968 2193 1086 2253 sedeam
1097 2194 1225 2255 Africani
1236 2197 1311 2273 epis·

106 2294 175 2372 copi
189 2293 225 2351 ab
237 2292 336 2360 exilio,
351 2289 428 2365 qnod
451 2289 551 2366 viginti
565 2298 676 2365 septem
699 2308 789 2348 anuos
804 2289 962 2358 duraverat,
976 2290 1101 2349 revocati
1115 2299 1192 2351 suut.
1235 2289 1308 2367 Sey·

105 2391 172 2452 thas
188 2389 346 2450 monachos
360 2388 506 2468 repressit,
522 2386 600 2444 nullo
622 2397 716 2446 tamen
731 2386 844 2448 decreto
864 2387 899 2446 de
914 2387 1111 2466 propositione
1136 2406 1222 2464 quam
1243 2406 1309 2465 prce

103 2491 279 2570 pugnabant
292 2487 381 2546 edito.

144 2591 199 2649 54.
221 2584 396 2645 65555551.
415 2587 450 2641 13
473 2580 596 2660 Augusti
619 2544 666 2640 die
688 2584 979 2661 555552355515155
1000 2585 1137 2662 suscepit,
1152 2573 1306 2658 sancteque

99 2690 202 2748 tenuit
227 2683 262 2742 ad
288 2687 323 2741 16
349 2681 424 2741 diem
451 2680 524 2756 Maji
548 2698 623 2738 anuo
646 2685 715 2739 526.
758 2680 792 2740 15
814 2682 954 2740 orientem
975 2681 1030 2740 iter
1050 2692 1203 2759 aggressus
1226 2700 1307 2740 coeco

99 2788 206 2846 visum
228 2781 316 2848 dedit,
329 2781 442 2853 aliaque
457 2776 578 2855 patravit
593 2777 738 2844 miracula,
759 2790 787 2834 et
809 2778 844 2834 ab
870 2777 1040 2853 imperatore
1065 2776 1182 2835 Justiuo
1196 2795 1312 2836 summe

96 2880 220 2944 honore
234 2890 373 2955 exceptus
387 2889 439 2935 est.
482 2876 509 2932 Δ
531 2870 716 2932 Theoderico
735 2874 906 2933 Arianerum
928 2891 995 2951 rege
1021 2874 1052 2932 iu
1076 2891 1219 2932 carcerem
1242 2892 1310 2932 con-

89 2982 200 3056 jectus
218 2980 288 3039 obiit
302 2978 437 3036 erumnis
454 2975 615 3035 confectus.

146 3086 200 3141 55.
224 3079 321 3137 Funus
335 3076 388 3135 tv.
406 3075 513 3154 (verius
528 3073 596 3154 111.)
613 3072 731 3132 1265111
753 3071 800 3129 die
821 3071 1150 3130 526555555551555115
1170 3071 1258 3129 cessit
1274 3075 1310 3129 13

96 3183 152 3241 die
170 3177 350 3256 Septembris
369 3177 455 3232 1523.
487 3173 641 3232 ·Omuibus
655 3170 763 3229 effulsit
777 3169 953 3228 virtutibus.²
1352 3205 1356 3212 .

148 3279 202 3336 56.
225 3273 411 3332 Bonrrscws
426 3271 477 3340 11,
502 3290 518 3328 a
538 3275 572 3328 21
598 3268 776 3345 Septembris
790 3266 836 3324 die
861 3267 1008 3325 5555539
1030 3263 1232 3324 5611155117
1253 3263 1311 3324 De·

99 3373 237 3436 cembris
252 3375 307 3430 531
324 3369 398 3428 rexit
421 3368 594 3427 Ecclesiam.
638 3365 772 3423 Schisma
785 3363 891 3422 factum
906 3372 979 3421 5515
1001 3361 1142 3422 Dioscoro
1163 3362 1308 3439 antipapa,

99 3475 160 3549 qui
177 3482 272 3530 tamen
287 3470 359 3527 intra
373 3484 479 3545 pauens
496 3465 558 3524 dies
573 3463 722 3523 defunctus
737 3461 919 3522 Bouilacium
934 3460 1042 3534 absque
1063 3459 1167 3519 remulo
1181 3460 1305 3535 reliquit.

96 3566 140 3631 In
156 3566 274 3645 synodo
290 3566 431 3632 Romana,
447 3581 522 3623 anno
545 3566 614 3628 531,
631 3561 770 3639 Vigilium
792 3559 944 3616 diaconum
968 3574 1165 3616 successorem
1180 3557 1240 3615 sibi‘
1251 3572 1307 3616 sta·

98 3669 184 3733 tuit3
207 3662 258 3721 sed
282 3660 432 3739 deinceps,
455 3659 541 3716 altera
566 3656 679 3734 synoda
704 3665 886 3733 congregata,
912 3652 1028 3712 rescidit
1053 3653 1210 3723 decretum,
1232 3654 1309 3728 quod

100 3760 201 3822 sacris
216 3757 372 3816 canonibus
387 3755 594 3814 adversabatur.
637 3752 789 3830 Synodum
804 3750 1007 3810 Arausicanam
1018 3749 1069 3818 11,
1084 3750 1114 3809 in
1126 3769 1182 3826 qua
1197 3769 1306 3810 errores

102 3855 409 3935 Semipelagiauorum
425 3852 549 3912 damuati
564 3861 641 3920 eunt,
657 3849 814 3928 apostolica
828 3848 1009 3907 confirmavit
1021 3847 1199 3906 auctoritate.

150 3961 202 4015 57.
225 3953 361 4012 ,1555555
377 3949 427 4021 11..
443 3960 634 4029 cognomento
660 3949 832 4015 Mercurius,
848 3947 895 4005 die
916 3950 1076 4004 2655122
1097 3944 1226 4004 Januarii
1248 3949 1305 4004 532

105 4056 223 4115 electus
246 4051 282 4110 ad
311 4052 387 4111 diem
414 4055 453 4110 26
478 4049 552 4127 Maji
575 4053 633 4108 535
661 4047 745 4105 55611.
795 4047 958 4105 Acoemetas
984 4043 1151 4111 monachos,
1172 4056 1309 4120 negantes

107 4155 215 4216 Unum
238 4151 275 4210 de
296 4151 438 4212 Trinitate
461 4166 579 4228 passum
604 4164 669 4206 esse
694 4163 790 4212 carue,
805 4143 950 4203 damnarit
974 4143 1004 4201 in
1019 4140 1140 4219 Synodo
1161 4140 1310 4201 Romana:

107 4254 227 4326 aliaque
243 4263 341 4309 sancte
357 4261 385 4307 et
400 4248 532 4326 preclare
546 4246 647 4323 gessit.

153 4355 205 4409 56.
227 4349 261 4406 S.
277 4348 447 4414 duarenus,
461 4344 508 4403 die
526 4346 561 4400 13
582 4340 736 4399 15511535
759 4337 955 4415 pontificatum
976 4333 1112 4411 suscepit.
1153 4332 1211 4393 Iter
1232 4333 1312 4396 055-

1333 4228 1358 4260 U

155 4529 201 4596 (l)
221 4527 316 4578 Omnes
324 4516 387 4590 quos
397 4522 525 4585 hucusque
536 4518 704 4570 recensuimus
721 4515 849 4582 5551111555
865 4510 943 4563 sancti
954 4511 1080 4570 habentur,
1091 4509 1200 4576 plerique
1209 4514 1317 4577 martyrii

108 4617 190 4680 gloria
202 4615 315 4663 illustres.
350 4612 382 4658 33
395 4609 486 4674 priores
496 4608 527 4656 ab
538 4605 653 4656 Etbniois
664 4603 729 4669 pessi
740 4610 806 4652 sunt
840 4599 892 4660 Qui
902 4599 965 4649 inter
981 4603 1111 4663 sequenter
1122 4607 1260 4651 sanctorum
1271 4600 1315 4652 lto.

108 4719 187 4757 nores
195 4702 226 4752 ab
236 4697 349 4750 Ecclesia
358 4696 480 4763 recipiunt
489 4695 674 4761 dsmgnemus
685 4699 744 4743 ncta
755 4688 875 4757 apposita.

156 4789 234 4847 Vua.
251 4783 386 4846 lib-32
