2798 5092
407 360 465 420 ΕΤ
485 357 723 421 minuamus
743 356 982 420 ORDINIBUS.
1250 357 1288 415 41

97 537 155 577 curn
169 518 307 585 ostiariis,
322 519 526 597 quinquaginta
540 518 658 579 duos.'’¹
699 517 839 577 Oratores
846 517 972 577 Psalmis
997 513 1289 576 canendis-destinati

97 629 123 674 et
133 616 270 685 Fossarii,
286 618 466 690 quibuscum
476 616 635 694 sepeliendi
650 626 778 675 mortuos
791 615 982 683 incumbebat,
994 612 1069 692 apud
1081 623 1193 672 veteres
1207 611 1291 670 etiam

97 724 363 785 commemorantur,
375 715 426 774 sed
441 713 571 775 ordinem
588 733 646 776 nou
657 714 878 774 constituebant.

132 815 178 873 68.
201 812 298 870 Greci
312 812 548 873 subdiaconatum
562 821 592 872 et
604 813 770 872 lectoratum
795 812 920 871 minores
934 809 1075 869 estimant
1087 807 1213 878 ordines,
1227 810 1290 883 qoi-
1332 831 1334 835 ¹

96 908 153 975 bns⁴
168 907 265 966 officia
279 908 410 983 quaedam
432 909 572 969 accedunt
596 909 760 969 nominibus
781 896 907 986 propriis
927 906 1071 966 distincta.
1111 904 1203 966 Iidem
1230 907 1289 966 fere
1313 977 1315 981 7

94 1016 309 1065 suntseotarum
324 1007 455 1067 omnium
480 1007 675 1067 Orientalium
693 1025 800 1068 mores.
841 1006 968 1066 Psaltem
984 1003 1202 1064 subdiaconoet
1221 1005 1291 1065 Lec-

97 1103 144 1160 tori
158 1102 266 1162 addunt
281 1102 438 1163 chaldei!
484 1145 487 1151 -

121 1203 179 1268 169.
201 1201 250 1259 Ex
265 1219 300 1259 ea
313 1220 377 1275 quae
392 1202 469 1279 riget
483 1201 616 1261 varietata
631 1202 704 1262 inter
717 1201 920 1264 Occidentales
933 1210 961 1260 et
976 1197 1136 1260 Orientales
1150 1198 1186 1257 de
1200 1199 1291 1259 mino·

97 1315 154 1356 rum
168 1297 301 1356 ordinum
316 1316 436 1358 numero
449 1310 479 1357 et
494 1300 671 1368 muneribus,
685 1299 801 1378 plurimi
811 1299 935 1359 inierunt
945 1317 979 1357 ea
989 1316 1055 1356 esre
1066 1307 1172 1357 tantum
1187 1296 1291 1364 officia,
1342 1285 1352 1308 '

98 1397 127 1454 ab
138 1397 279 1455 Ecclesiae
305 1397 475 1474 praesulibus
498 1398 636 1465 instituta,
657 1408 686 1456 et
709 1398 744 1457 ad
768 1408 1009 1474 sacramentorum
1035 1396 1210 1475 dignitatem,
1225 1395 1295 1454 deli·

99 1496 185 1555 ciente
200 1495 298 1555 divina
315 1496 503 1565 institutione,
520 1495 799 1580 haud-pertingere.⁸
839 1495 913 1554 Aliis
933 1494 1051 1553 adversa
1065 1493 1168 1553 arridet
1181 1503 1292 1553 senten

97 1593 143 1650 tia.
186 1593 221 1652 ld
246 1605 341 1654 tamen
360 1594 539 1671 exploratum
554 1603 598 1653 est
617 1612 652 1652 ea
672 1612 738 1653 esse
758 1593 966 1667 antiquissima,
981 1592 1040 1652 imo
1060 1610 1119 1650 non
1132 1591 1293 1651 dubitarunt

98 1688 255 1750 Tridentini
271 1701 365 1768 patres
379 1690 410 1749 in
435 1690 571 1750 doctrina
594 1691 787 1769 explicatione
808 1690 948 1749 affirmare
962 1708 996 1748 ea
1010 1691 1044 1749 ab
1058 1689 1140 1748 initio
1153 1688 1293 1748 Ecclesia

98 1791 240 1866 riguisse:
264 1791 331 1847 “ab
354 1790 419 1867 ipso
443 1789 587 1849 Ecclesia
602 1789 685 1849 initio
700 1790 883 1865 sequentinm
907 1788 1039 1849 ordinum
1059 1788 1186 1856 nomina,
1207 1797 1292 1862 atque

98 1887 319 1964 uniuscujusque
334 1905 432 1945 eorum
448 1887 563 1964 propria
580 1887 748 1954 ministeria,
763 1887 930 1946 subdiaconi
951 1886 1071 1954 scilicet,
1086 1884 1222 1961 acolythi,
1244 1902 1293 1942 sx-

99 1986 215 2053 orcistae,
230 1984 357 2053 lectoris,
372 1995 400 2043 et
415 1985 535 2052 ostiarii,
548 1985 579 2042 in
593 1966 648 2043 usn
663 1984 753 2042 fuisse
775 1995 996 2061 cognoscuntur,
1012 1980 1144 2057 quamvis
1159 2001 1217 2041 non
1232 1983 1292 2060 pari

99 2081 228 2159 gradu.'’⁴
268 2081 449 2141 Definierunt
469 2083 576 2141 etiamr
600 2081 745 2161 “Siquis
767 2081 881 2149 dixerit,
902 2091 1004 2158 prater
1024 2078 1214 2139 sacerdotium
1235 2097 1293 2138 non

99 2197 156 2237 esse
170 2179 200 2238 in
215 2178 350 2237 Ecclesia
364 2178 515 2239 catholica
530 2178 601 2237 alios
616 2177 743 2247 ordines,
757 2189 786 2238 et
801 2177 934 2256 majores,
950 2167 1128 2244 armisonas,
1145 2194 1196 2254 per
1206 2193 1290 2250 quos,

100 2275 169 2334 uelut
196 2292 248 2352 per
276 2275 379 2353 gradus
407 2275 558 2349 quosdam,
585 2275 616 2334 in
644 2273 834 2335 sacerdotium
862 2273 1011 2343 teudatnr;
1032 2273 1183 2334 anathema
1210 2272 1294 2332 sit.”⁵

102 2372 163 2431 Non
183 2371 251 2432 ideo
266 2382 360 2431 umen
372 2372 407 2431 de
422 2371 478 2431 lide
492 2371 646 2431 tenendum
662 2383 706 2431 est
720 2373 846 2433 minores
867 2390 940 2447 quos
953 2380 1159 2430 recensuerunt
1178 2369 1294 2430 ordines

101 2467 228 2529 divinitus
253 2488 318 2528 esse
343 2457 498 2539 institutos,
526 2489 592 2530 nam
619 2469 649 2528 id
677 2469 824 2529 definitum
854 2488 911 2528 non
940 2480 995 2538 est,
1017 2467 1068 2527 sed
1092 2486 1158 2528 esse
1185 2468 1216 2528 in
1236 2469 1294 2528 Ec·

102 2566 183 2626 alesia
204 2567 359 2626 catholica
383 2569 509 2629 minores
530 2567 658 2638 ordines,
680 2567 756 2643 quod
778 2567 895 2642 quidem
915 2567 1107 2626 certissimum
1127 2577 1156 2626 st
1181 2568 1295 2626 notissi-

103 2683 174 2724 mum
191 2676 246 2724 est.

139 2767 187 2822 70.
215 2760 362 2822 Tentura
373 2764 544 2840 ceremonia
557 2773 602 2823 est
615 2763 819 2831 ecclesiastica,
828 2781 885 2836 qua
896 2762 1151 2849 tondentuqcapilli
1161 2762 1196 2821 ad
1208 2763 1296 2823 instar

104 2876 220 2927 coronas,
236 2858 304 2918 dum
320 2860 384 2933 quis
399 2880 415 2918 e
428 2859 566 2921 laicorum
591 2878 713 2923 numero
727 2861 756 2920 in
777 2860 883 2919 clerum
904 2868 1061 2938 cooptatur.
1104 2859 1149 2919 De
1164 2860 1226 2938 ejus
1241 2861 1296 2921 ori·

103 2956 163 3031 gine
177 2955 254 3015 docti
276 2956 408 3016 homines
437 2957 606 3035 disceptant,
628 2958 833 3018 recentioribus
852 2956 980 3034 pluribus
1002 2957 1183 3035 opinantibus
1198 2975 1295 3017 mona·

104 3052 168 3111 ehos
182 3053 302 3131 capillos
319 3045 527 3131 praecidisse'in
543 3055 716 3132 poenitentia
731 3054 879 3118 indicium.
895 3064 924 3113 et
935 3053 1064 3123 clericos,
1079 3054 1188 3112 saeculo
1199 3054 1295 3114 forsan

104 3161 256 3221 erroneos
273 3151 399 3209 imitatos
420 3163 452 3210 ut
472 3152 571 3219 mundi
592 3162 788 3230 contemptum
814 3152 1016 3231 significarent.
1058 3151 1203 3210 Ceterum
1219 3153 1296 3211 Mar-

105 3247 191 3306 lenius
205 3247 291 3325 longe
306 3257 388 3306 antea
403 3267 465 3319 eam
487 3249 640 3308 adhibitam
655 3260 763 3319 censet,
778 3270 844 3310 nam
867 3250 1025 3328 Gregorius
1039 3249 1230 3316 Turonensis,
1245 3249 1295 3323 qui

107 3359 137 3402 eo
151 3343 247 3403 floruit
259 3341 376 3412 seculo,
391 3345 453 3423 ejus
474 3345 614 3424 originem
636 3345 670 3404 ad
691 3347 724 3418 S.
740 3347 856 3406 Petrum
877 3347 982 3414 retulit,
1007 3345 1084 3420 quod
1098 3362 1162 3404 eam
1183 3344 1245 3421 jam
1260 3345 1294 3402 ab

114 3440 230 3515 antiquis
245 3441 422 3518 temporibus
446 3451 587 3502 serratam
609 3442 757 3502 ostendit·l
797 3443 866 3503 Non
881 3442 1034 3503 admodum
1048 3462 1064 3500 a
1078 3440 1164 3520 priori
1184 3449 1297 3501 senten·

112 3536 145 3594 tia
170 3538 303 3598 abhorret
338 3538 634 3601 Calvinus:“‘Unde
653 3541 792 3619 originem
820 3540 951 3600 habuerit
976 3536 1142 3601 clericorum
1170 3549 1296 3613 tonsura,

107 3635 210 3694 abunde
226 3636 270 3695 rel
286 3655 322 3695 ex
337 3656 395 3696 uuo
415 3639 577 3716 Augustino
592 3649 712 3699 constat.
735 3639 786 3716 (el.
807 3638 843 3697 de
857 3656 944 3717 opere
957 3638 1091 3698 monach.
1107 3639 1137 3697 in
1151 3639 1209 3698 fin.·
1219 3650 1295 3713 atqu.

108 3729 239 3811 Retracto)
281 3733 378 3800 Quum
394 3735 445 3793 illo
460 3737 565 3798 saeculo
586 3737 720 3814 capillum
742 3756 799 3796 non
814 3737 921 3796 alerent
941 3738 996 3796 nisi
1011 3737 1134 3805 delicati,
1149 3749 1178 3795 et
1191 3737 1240 3810 qui
1255 3737 1296 3794 ni·

112 3839 192 3890 torem
208 3833 440 3910 elegantiamque
453 3852 511 3892 non
526 3835 594 3893 satis
606 3835 716 3894 virilem
733 3834 1066 3904 affectabant‚videbatur
1080 3853 1144 3894 esse
1159 3854 1215 3894 non
1230 3834 1297 3893 boni

108 3931 235 4009 exempli,
251 3933 275 3989 si
292 3933 405 3991 clericis
420 3932 448 3991 id
463 3935 681 4010 permitteretur.
722 3933 899 4006 iubebantur
920 3953 988 4013 ergo
1009 3935 1105 3994 clerici
1121 3933 1166 3992 vel
1180 3932 1296 4013 tondere

139 4121 176 4191 (l)
195 4123 271 4190 Apud
283 4122 420 4174 Eusebium
431 4123 488 4174 hiae
500 4124 568 4176 Eccl.
580 4126 597 4176 l.
609 4124 641 4176 vi.
653 4142 674 4177 c.
687 4125 749 4176 xliii.

141 4211 180 4277 (2)
198 4210 308 4276 Euoplia
318 4224 342 4274 p.
354 4213 413 4261 tta.

137 4298 172 4362 (3)
190 4296 256 4348 Vide
267 4295 422 4346 Drouenium
433 4297 464 4347 de
475 4313 501 4347 re
515 4298 708 4359 sacramentaria,
717 4297 734 4349 l.
744 4295 794 4347 viri.
804 4312 826 4348 e.
837 4296 872 4348 iii.

140 4383 174 4443 (4)
191 4385 256 4434 Sese.
267 4381 338 4432 xxiii.
351 4381 413 4448 Cap.
424 4382 451 4434 ii.

142 4471 176 4534 (5)
187 4469 280 4520 Ibidem
292 4483 347 4518 cen.
358 4468 385 4518 ii.
472 4514 474 4518 .

141 4557 174 4620 (t)
191 4555 230 4607 De
241 4554 351 4620 antiquis
362 4554 479 4606 Ecclesia
491 4554 576 4605 ritibus
587 4562 604 4605 t
616 4553 642 4605 ii.
651 4554 667 4606 Ι.
678 4554 695 4606 i.
702 4571 723 4607 c.
736 4553 784 4607 viil.
796 4561 839 4608 art.
850 4553 891 4606 vii.
902 4549 980 4604 cinus
990 4548 1091 4614 Gregor.
1102 4548 1198 4602 Toron·
1209 4549 1225 4602 1.
1235 4549 1252 4600 i.
1268 4546 1300 4599 de

115 4639 180 4700 gloria
189 4649 321 4709 martyr-c.
333 4641 412 4692 xxvii.
1062 4637 1063 4644 ’

697 4713 734 4770 4*
