2798 5092
366 344 423 408 DE
441 342 757 409 {manturanum
777 342 1049 408 Marathonii.
1232 350 1286 418 lul,

136 508 187 564 64.
208 503 283 564 Illud
299 505 489 565 certissimum
504 505 678 584 principium
692 505 873 564 statuendum
885 515 928 563 est
941 524 979 564 ex
992 504 1060 564 fidei
1069 503 1198 564 doctrina
1209 520 1295 581 posse

94 603 259 662 Ecclesiam
272 603 475 680 impedimenta
489 602 650 662 dirimentia
667 603 850 671 constituere,
864 611 893 660 et
907 603 936 660 in
952 603 988 660 iis
1003 601 1209 661 constituendis
1224 599 1299 658 hand

95 720 225 760 errasse:
243 701 382 775 “Siquis
397 700 511 770 dixerit,
523 701 686 760 Ecclesiam
701 720 759 759 non
774 701 901 779 potuisse
912 701 1083 759 constituere
1093 701 1298 777 impedimenta

96 799 312 860 matrimonium
327 799 497 869 dirimentia,
510 800 555 858 vel
568 800 596 858 in
612 800 646 858 iis
661 799 867 858 constituendis
881 817 1002 867 errasse,
1019 799 1168 857 anathema
1183 797 1266 856 sit.”¹

139 902 188 957 65.
210 897 356 955 Lntherus
372 896 579 970 Calvinusque‚
595 916 683 971 quum
699 898 812 975 nuptias
827 896 982 955 naturalem
998 906 1106 955 tantum
1123 905 1299 956 contractum

101 995 248 1061 haberent,
264 1011 313 1050 eas
328 994 443 1052 nonnisi
458 1003 566 1054 naturae
580 993 691 1071 legibus
705 993 751 1052 vel
765 992 869 1053 divinis
886 994 946 1071 regi
961 993 1120 1051 voluerunt.
1161 997 1300 1070 Apostata

101 1089 236 1167 insignis,
252 1087 298 1146 Μ.
313 1089 456 1148 Antonius
480 1089 516 1148 de
538 1091 684 1159 Dominis,
699 1089 839 1149 Ecclesiae
861 1100 1030 1167 potestatem
1052 1090 1105 1147 hae
1125 1090 1154 1147 in
1170 1108 1200 1147 re
1216 1091 1302 1150 etiam

102 1185 297 1273 impugnavit..
337 1186 484 1266 Launojus
506 1189 683 1266 principibus
708 1188 868 1258 blandiens,
891 1200 919 1247 et
942 1189 1040 1266 plures
1063 1189 1110 1246 alii
1134 1188 1304 1266 janseniano

99 1285 166 1363 pice
179 1280 256 1351 tacti,
271 1283 345 1341 inter
359 1303 431 1357 quos
446 1297 474 1343 et
488 1285 618 1363 synodus
631 1284 817 1345 Pistoriensis
839 1298 945 1354 auctor,
961 1287 1102 1344 Ecclesiae
1127 1286 1303 1345 abstulerunt

102 1402 189 1458 quam
205 1381 284 1440 civili
298 1382 432 1458 potestati
446 1383 602 1442 tribuerunt
617 1384 821 1443 anctoritatem.
864 1385 955 1442 Sectae
972 1385 1115 1462 pleraeque
1129 1384 1301 1442 recentiores
1318 1392 1361 1448 s

104 1499 156 1540 eos
182 1491 344 1557 agnoscunt
368 1480 549 1538 matrimonio
573 1481 669 1540 obices
696 1501 769 1555 quos
789 1481 838 1540 lex
859 1480 956 1540 divina
983 1483 1088 1550 statuit,
1117 1499 1179 1538 earn
1201 1479 1303 1540 intelli·

100 1586 201 1655 gentes
216 1595 280 1650 quae
295 1575 431 1634 Israelitis
446 1575 510 1635 data
524 1588 577 1645 est,
593 1579 638 1636 cui
653 1577 731 1637 nulla
744 1578 808 1655 lege
828 1578 953 1637 humana
974 1576 1102 1656 derogari
1128 1596 1214 1655 posse
1229 1576 1302 1634 affir-

101 1675 204 1732 mant*
245 1672 380 1746 Plerique
394 1680 490 1733 status
505 1674 633 1733 soederati
652 1694 702 1733 eos
723 1674 827 1753 gradus
849 1675 1104 1752 consanguinitatis
1120 1675 1213 1748 quiin
1229 1674 1302 1733 libro

102 1770 226 1829 Levitici
241 1771 432 1838 nominantur,
456 1771 521 1848 lege
546 1772 716 1831 definierunt
731 1773 842 1832 obstare
857 1772 1057 1840 matrimoni03
1080 1791 1135 1844 qua
1153 1771 1302 1830 deficiente

103 1868 271 1929 definitione
286 1867 383 1927 omnia
397 1869 491 1926 valere
511 1879 665 1928 censentur
686 1869 821 1948 conjugia
846 1870 876 1929 in
898 1869 974 1928 linea
995 1868 1158 1936 collaterali,
1174 1869 1303 1946 exceptis

104 1964 221 2024 fratrum
236 1975 268 2022 et
281 1982 410 2023 sororum
427 1965 646 2024 contuberniis.a

143 2062 192 2124 hh.
215 2062 262 2122 De
283 2062 428 2124 Ecclesiae
445 2073 585 2141 potestate
600 2064 678 2121 nulla
698 2062 774 2140 apud
789 2081 842 2120 nos
863 2061 899 2119 lis
926 2061 1029 2138 agitur,
1051 2061 1212 2119 continetur
1226 2062 1303 2119 enim

105 2160 186 2220 intra
198 2158 311 2242 sorum
333 2177 433 2228 suarm,
449 2179 501 2218 nec
523 2160 601 2219 enim
622 2159 772 2218 tribunalia
792 2157 888 2217 civilia
901 2156 1037 2216 nostratia
1053 2167 1212 2234 agnoscunt
1225 2157 1303 2234 leges

107 2258 403 2332 ecclesiasticasque
429 2271 523 2317 tamen
545 2266 632 2316 totam
654 2275 736 2315 suam
761 2255 819 2315 rim
840 2254 969 2313 obtinent
989 2254 1018 2312 in
1033 2255 1214 2312 conscientiae
1229 2253 1302 2312 soro.

108 2354 295 2435 Quasaautem
311 2375 327 2412 a
348 2355 411 2432 lege
427 2355 504 2413 civili
518 2353 653 2412 declarari
675 2353 824 2430 contigerit
850 2351 964 2428 nuptias
986 2350 1088 2418 irritas,
1104 2349 1138 2408 de
1154 2349 1304 2408 effectibus

110 2439 240 2513 civilibus
255 2453 415 2530 intelligere
439 2461 570 2529 oportet;
593 2470 646 2509 nec
666 2451 743 2510 enim
763 2449 859 2527 legum
883 2448 1017 2507 latoribus
1038 2450 1068 2508 in
1090 2449 1185 2507 animo
1205 2458 1250 2506 est
1270 2446 1305 2506 de

110 2551 192 2610 rebus
207 2549 415 2628 spiritualibus,
431 2549 476 2607 rel
491 2568 554 2622 quae
576 2548 610 2606 ad
633 2549 791 2607 animarum
813 2547 941 2624 regimen
962 2548 1113 2624 pertinent,
1130 2544 1237 2619 aliquid
1258 2544 1305 2603 dc·

109 2667 242 2708 cernere:
266 2666 355 2723 quum
370 2665 408 2704 ex
422 2646 623 2705 constitutione
638 2645 723 2703 totius
738 2644 902 2721 reipublice
920 2641 1024 2717 Status
1046 2645 1080 2702 ab
1093 2641 1230 2701 Ecclesia
1250 2640 1307 2699 dis·

110 2746 216 2805 crimen
230 2747 330 2805 omino
344 2743 515 2803 servandum
527 2745 584 2801 sit:
608 2763 660 2801 nec
675 2740 814 2816 quidquid
828 2741 918 2799 valeat
932 2751 1057 2817 potestas
1069 2741 1161 2799 civilis
1182 2742 1211 2798 in
1223 2741 1307 2798 rebus

116 2844 330 2904 ecclesiasticis.
372 2841 416 2900 lta
429 2844 516 2920 igitur
529 2840 603 2918 apud
619 2860 672 2899 nos
688 2841 876 2899 conciliantur
886 2841 960 2916 jura,
973 2838 1049 2911 quod
1065 2839 1197 2916 conjugia
1212 2852 1309 2897 contra

105 2936 251 3002 'Ecclesiae
266 2941 346 3020 leges
362 2941 510 3008 celebrata,
530 2941 564 2998 ab
579 2940 614 2997 iis
632 2939 681 3012 qni
699 2938 761 3015 ejus
777 2937 940 2995 auctoritate
954 2937 1144 3004 contiuentur,
1162 2937 1237 2994 nulla
1251 2938 1309 2994 sint

113 3020 229 3119 prorsus
243 3052 274 3099 et
287 3040 375 3109 irrita,
391 3037 631 3113 quandocumque
646 3037 708 3114 lege
722 3035 927 3093 Ecclesiastico
940 3034 1006 3091 talia
1018 3016 1195 3093 declarantur
1208 3055 1215 3092 ι
1239 3034 1310 3093 adeo

114 3139 296 3199 ut-omnisus
322 3137 480 3215 privilegiis
506 3155 593 3194 sacrae
618 3132 830 3192 communionis
853 3131 958 3209 privari
978 3144 1092 3204 queant,
1107 3131 1310 3189 ecclesiasticis

115 3237 244 3296 censuris
258 3235 385 3302 inflictis,
401 3235 451 3308 qui
465 3234 558 3292 civilis
573 3232 729 3290 sanctionis
745 3238 883 3308 praetextu
904 3229 1042 3306 conjuges
1057 3247 1089 3286 se
1101 3236 1211 3306 gerunt,
1227 3228 1309 3286 obice

114 3334 310 3396 ecclesiastico
324 3331 400 3391 haud
414 3326 525 3391 s'ublato
537 3336 559 3390 :⁴
581 3342 610 3389 et
629 3350 644 3389 e
667 3341 765 3389 contra
788 3348 851 3403 qnae
866 3327 962 3388 forsan
976 3327 1051 3386 haud
1067 3337 1201 3404 agnoscat
1215 3327 1308 3384 civilis

115 3442 243 3513 potestas
258 3432 402 3509 conjugia,
415 3430 488 3508 legis
514 3429 727 3489 conditionibus
749 3427 825 3486 hand
850 3426 987 3504 impletis,
1002 3426 1114 3503 possint
1135 3425 1191 3484 vim
1207 3425 1311 3485 habere

115 3529 145 3590 iu
164 3529 228 3590 foro
252 3527 457 3596 ecclesiastico,
472 3528 497 3585 si
519 3527 569 3604 jus
590 3526 728 3594 divinum,
744 3525 879 3592 naturale,
893 3523 938 3581 vel
949 3522 1174 3581 ecclesiasticum
1190 3540 1248 3580 non
1262 3522 1310 3582 ob·

116 3637 183 3688 stet.

150 3826 193 3893 (l)
211 3825 278 3876 Sese.
289 3825 356 3875 xxiv.
368 3840 422 3875 can.
433 3824 468 3876 iii.

148 3913 194 3982 (2)
212 3916 227 3945 “
235 3913 356 3977 Merriage
367 3913 444 3976 ought
455 3920 500 3963 not
510 3918 535 3962 to
545 3912 576 3962 be
585 3909 672 3960 within
683 3907 725 3960 the
735 3907 834 3971 dsgress
846 3905 875 3956 of
886 3905 1076 3970 consanguinity
1088 3921 1115 3955 or
1122 3904 1216 3969 affinity
1227 3900 1313 3952 forbid-

115 4000 163 4052 den
171 4000 202 4051 iu
212 4000 254 4052 the
264 4000 346 4060 word3
363 4017 409 4050 nor
419 4015 466 4050 con
478 3998 540 4048 such
550 3997 691 4047 incestuous
703 3995 833 4056 murriones
844 4008 900 4042 ever
908 3993 938 4042 be
949 3992 1019 4042 made
1032 3992 1115 4042 lawlnl
1126 3993 1158 4055 by
1169 4006 1217 4053 any
1229 3990 1277 4037 law
1288 3987 1317 4037 of

55 4136 57 4141 .
118 4102 184 4150 uu,
194 4103 222 4139 or
236 4094 340 4140 corruent
351 4088 380 4137 ot'
392 4087 488 4153 parties,
500 4102 528 4135 so
539 4102 566 4134 as
577 4085 647 4135 those
664 4099 765 4149 persons
784 4097 841 4145 may
852 4079 900 4130 live
918 4079 1036 4142 together,
1047 4095 1074 4128 as
1094 4095 1151 4128 man
1168 4076 1217 4126 and
1233 4073 1314 4126 wtfa”

55 4200 57 4219 =
120 4175 288 4242 Ptesbyterien
299 4174 438 4226 confession
447 4173 475 4222 of
488 4172 560 4231 saith,
571 4171 610 4222 ch.
627 4171 695 4220 xxiv.
706 4168 726 4228 b.
738 4169 772 4218 iv.

153 4265 195 4330 (³)
211 4262 275 4314 Vide
286 4259 378 4312 Kent’s
388 4259 528 4309 Comment.
539 4259 587 4309 vol.
598 4258 623 4307 ii.
637 4255 701 4306 Lect
715 4253 784 4304 xxvi.
795 4268 824 4302 n.
834 4244 877 4302 8'3.

138 4353 190 4415 ’(4)
206 4345 389 4415 Presbyteriani
400 4345 426 4394 in
438 4361 483 4394 sua
494 4344 645 4394 confessione
656 4342 741 4392 dicunt
757 4339 852 4388 nullam
870 4337 1006 4387 humanam
1023 4335 1102 4396 legem
1112 4347 1183 4397 posse
1195 4331 1318 4397 conjugiis

123 4444 200 4489 ωιιιιι
209 4437 288 4502 legam
299 4433 412 4485 divinam
423 4430 472 4479 vim
484 4430 601 4480 tribuere=
620 4435 645 4478 ut
656 4431 750 4478 constat
760 4440 812 4474 non
824 4440 909 4474 omnes
920 4422 1009 4486 gradus
1026 4419 1148 4469 Leviticos
1159 4417 1317 4467 infoederatis

125 4524 234 4592 aliquibus
244 4523 355 4578 sufibus
372 4517 545 4582 impedimenta
566 4512 656 4566 haberi.
691 4519 705 4544 ‘⁴
714 4512 744 4562 In
761 4511 853 4560 several
870 4509 899 4559 of
912 4508 953 4559 the
971 4507 1062 4558 untes
1083 4506 1171 4565 States,
1187 4503 1318 4564 marriages

127 4610 203 4667 nun
213 4615 252 4671 the
264 4606 378 4668 leviticsl
390 4603 496 4666 degrees,
509 4600 591 4654 under
601 4615 667 4653 some
685 4595 833 4665 acceptiores,
850 4610 891 4645 ure
910 4595 981 4645 made
1001 4592 1057 4644 void
1075 4593 1108 4658 by
1120 4596 1215 4642 statute.
1250 4588 1319 4637 Kent

130 4697 171 4754 uu
