2798 5092
436 352 493 412 DE
514 352 942 416 PRAEuusuluautottm
1225 358 1287 418 m

96 514 259 574 versatione
273 512 383 592 lapsuri
396 522 472 580 sunt,
488 523 519 570 ut
532 512 602 571 tales
617 531 667 570 eos
681 513 747 573 vitae
758 514 843 592 hujus
855 515 920 572 finis
932 515 1078 586 inveniat}
1092 517 1193 594 procul
1202 516 1289 577 dubio

95 631 144 672 uec
158 612 211 671 illo
226 622 359 687 tempore
374 629 431 683 quo
446 610 518 668 bene
540 609 643 687 pieque
658 611 766 678 vivunt,
781 611 810 670 in
832 612 950 670 istorum
964 630 1085 672 numero
1105 614 1286 692 computandi

94 719 165 769 suut
211 708 283 766 Non
298 706 377 764 enim
391 715 457 764 sunt
472 726 488 764 a
502 725 597 765 massa
620 706 787 784 perditionis
805 708 981 784 praescientia
996 709 1051 767 Dei
1065 720 1094 767 et
1108 711 1287 788 pradestina-

95 807 169 867 tione
185 806 321 874 discreti,
337 814 366 862 et
389 803 454 862 ideo
476 823 530 863 nec
552 803 709 864 secundum
732 807 908 884 propositum
931 809 1032 876 vocati,
1045 829 1078 866 ac
1093 828 1143 885 per
1164 811 1219 869 hoc
1233 829 1287 869 nec

95 903 226 964 electi.”²

136 1001 227 1081 Resp.
250 1002 323 1068 Quae
338 1002 446 1061 Paulus
461 1002 496 1060 dc
510 1001 648 1059 electione
663 1001 698 1059 ad
712 1001 809 1070 fidem,
820 1013 849 1061 et
861 1003 897 1061 de
911 1003 979 1062 fidei
993 1003 1069 1062 dono
1083 1004 1222 1082 denegato
1235 1017 1289 1067 tra·

97 1099 178 1168 didit,
193 1100 229 1159 ed
244 1100 414 1160 electionem
429 1101 464 1160 ad
478 1100 608 1177 gloriam,
624 1099 699 1158 etad
721 1102 946 1179 reprobationem
969 1103 1051 1162 facile
1073 1104 1288 1174 transferuntur,

95 1202 168 1260 inter
192 1212 340 1258 satamon
364 1200 574 1268 discernuntur,
598 1211 626 1257 et
651 1219 719 1258 sane
742 1201 928 1278 'intelligenda
945 1213 1021 1260 sunt.
1065 1202 1109 1261 De
1135 1203 1289 1280 Augustini

97 1298 240 1359 sententis
268 1298 349 1357 valde
375 1297 610 1358 cautiorertitur:
639 1298 668 1357 id
689 1309 784 1358 tamen
809 1298 929 1357 fidenter
952 1301 1290 1368 affirmamus,omnibus

98 1395 345 1478 consentientibus
374 1395 481 1453 scholis
510 1394 670 1463 catholicis,
696 1407 725 1452 et
752 1395 908 1454 manifestis
930 1397 1020 1473 ipsius
1043 1389 1219 1457 testimoniis
1235 1400 1294 1458 sul·

100 1492 288 1570 irrigantibus,
303 1511 368 1551 eum
384 1506 564 1566 nequaquam
578 1491 710 1558 docuisse
731 1493 957 1577 reprobationem
968 1492 1131 1574 somnolem
1145 1505 1173 1553 et
1187 1495 1293 1574 positi·

98 1608 168 1649 cum
192 1589 255 1648 fieri
281 1608 332 1666 pro
357 1589 414 1648 Dei
429 1590 555 1656 arbitrio,
570 1589 677 1662 absque
692 1589 830 1650 malorum
845 1591 1008 1649 meritorum
1035 1593 1214 1669 precisione.
1240 1594 1291 1654 >ln

100 1687 213 1764 objecto
227 1686 291 1745 loco
305 1687 376 1746 nihil
393 1686 558 1764 hujusmodi
572 1686 685 1755 dicitur,
700 1705 766 1753 nam
781 1689 988 1765 prescientiam
1003 1690 1058 1748 Dei
1070 1701 1134 1749 aute
1148 1690 1293 1768 praedesti·

99 1786 244 1845 astionem
260 1795 489 1847 commemorat.¹
815 1783 817 1786 ’
1050 1785 1053 1789 ’

140 1887 207 1941 140.
233 1881 301 1961 obj.
317 1886 346 1940 6.
368 1882 546 1960 Augustinus
560 1881 618 1939 sit:
640 1881 765 1948 “Quum
781 1881 811 1939 in
826 1882 919 1958 primo
933 1883 1050 1942 bomine
1064 1886 1196 1945 universa
1207 1904 1292 1964 geue·

101 1980 141 2041 ris
154 1979 295 2038 massaio
311 1979 577 2037 condemnationem
592 1976 752 2046 defluxerit,
765 1996 828 2051 quse
842 1979 913 2036 liunt
926 1996 963 2036 ex
977 1997 1011 2036 ea
1022 1999 1088 2038 vasa
1100 1982 1128 2040 in
1143 1983 1279 2044 honorem

101 2095 161 2136 nou
185 2076 309 2153 propriae
325 2075 457 2153 justitiae,
476 2074 527 2132 sed
544 2075 599 2133 Dei
622 2073 821 2132 misericordia
836 2093 904 2132 vasa
924 2093 999 2133 esse.
1041 2076 1125 2143 Quod
1148 2097 1214 2138 vero
1234 2080 1294 2139 slia-

103 2173 173 2233 daut
183 2175 216 2232 iu
231 2172 443 2239 contumeliam,
459 2190 518 2231 nou
530 2171 670 2247 iniquitati
683 2170 734 2230 sed
745 2170 855 2249 judicic
868 2171 1109 2248 deputandum.”¹
1149 2173 1193 2234 Ita
1207 2177 1291 2236 rerba

101 2273 198 2333 scint
211 2271 362 2331 Calvinus.
1104 2322 1106 2326 .
1245 2338 1246 2343 η

136 2366 228 2446 Resp.
251 2367 358 2441 Utique
372 2367 403 2424 in
420 2365 504 2442 primi
529 2366 652 2425 hominis
676 2365 758 2442 lapsu
772 2365 844 2424 ratio
865 2367 985 2426 habetur
1003 2387 1056 2428 cut·
1074 2388 1167 2447 genus
1188 2370 1287 2430 bume-

99 2485 165 2529 mrm
185 2465 340 2544 spoliatum
354 2465 392 2523 sit
406 2463 488 2523 donis
507 2464 614 2541 gratie,
629 2474 659 2524 at
678 2465 714 2522 ab
727 2465 808 2523 orani
824 2466 890 2543 jure
910 2466 946 2525 ad
967 2484 1086 2544 regnum
1106 2467 1219 2528 calcate
1231 2468 1290 2528 dic·

99 2539 281 2624 tuta’idcirco
295 2563 330 2620 ab
344 2561 505 2638 Augustino
526 2569 654 2619 “massa
673 2560 835 2620 damnata.’'
878 2563 998 2622 Summa
1018 2563 1073 2623 Dei
1094 2564 1292 2626 misericordia

100 2661 235 2738 confingit
248 2671 279 2718 ut
293 2659 382 2732 aliqui
396 2659 431 2719 ad
445 2659 565 2736 gloriam
579 2660 736 2718 evehantur
748 2679 756 2717 t
774 2660 855 2736 justo
871 2660 983 2736 judicio
996 2662 1029 2720 lit
1050 2673 1080 2720 ut
1094 2662 1142 2723 alii
1156 2664 1288 2742 rejician-

99 2768 159 2819 tur:
182 2767 309 2817 attamen
324 2755 360 2816 ad
374 2757 468 2816 solum
483 2756 539 2815 Dei
560 2757 706 2814 arbitrium
721 2755 864 2815 damuatio
884 2757 985 2817 borum
1001 2776 1058 2816 non
1072 2770 1117 2817 est
1129 2760 1287 2829 referenda,

100 2876 187 2931 quum
199 2845 312 2915 constet
325 2854 419 2914 Deum
434 2858 564 2914 omnium
583 2853 655 2911 velle
670 2853 800 2922 salutem,
814 2867 844 2912 et
856 2854 1005 2913 Christum
1029 2876 1088 2933 pro
1101 2859 1233 2918 omnibus
1247 2859 1290 2918 lu-

99 2955 174 3015 disss
188 2955 368 3032 sanguinem.
391 2955 533 3014 Praeterea
547 2953 678 3030 plurimis
694 2952 812 3010 remissa
823 2964 867 3010 est
877 2953 1020 3030 baptismo
1034 2956 1179 3034 originalis
1194 2958 1288 3036 culpa,

100 3074 220 3130 quorum
242 3053 383 3112 damnatio
409 3055 438 3110 in
462 3071 524 3110 eam
552 3053 631 3128 rejici
654 3049 760 3109 idcirco
785 3070 842 3110 uon
865 3063 969 3129 potest.
1013 3053 1057 3110 De
1079 3057 1203 3131 parvulis
1224 3058 1290 3117 loco

100 3154 211 3231 objecto
240 3152 341 3229 agebat
367 3151 544 3227 Augustinus
572 3162 669 3206 contra
694 3149 873 3227 Pelagianos,
902 3148 1065 3223 nullamque
1094 3152 1204 3229 dicebat
1229 3153 1290 3214 dari

100 3270 185 3328 posse
210 3252 349 3308 rationem
372 3268 423 3307 cur
447 3247 562 3322 quidam
589 3249 729 3325 baptismo
754 3248 939 3307 liberarentur
958 3268 975 3306 a
997 3268 1078 3308 noxa*
1096 3251 1225 3328 originis,
1241 3253 1290 3313 alii

100 3351 207 3425 absque
220 3349 364 3426 baptismo
376 3347 545 3406 decedentes
561 3348 617 3405 vita
632 3359 737 3408 aeterna
750 3360 888 3416 carerent,
904 3348 959 3406 nisi
974 3349 1049 3422 quod
1071 3369 1171 3408 omnes
1186 3351 1286 3411 eadem

103 3447 339 3508 condemnatione
365 3457 481 3522 propter
505 3444 597 3504 Adam
622 3445 879 3522 obstringerentur:
913 3445 1010 3504 “Hoc
1030 3447 1155 3505 diximus
1177 3462 1292 3527 propter

100 3563 159 3614 eos,
174 3545 224 3618 qui
239 3563 296 3602 non
311 3542 436 3600 valentes
452 3542 480 3600 iu
496 3560 583 3599 causa
598 3543 695 3618 gratiae
709 3542 900 3599 inscrutabilia
914 3542 970 3600 Dei
986 3542 1095 3618 judicia
1109 3549 1288 3620 perscrutari,

100 3661 148 3701 cur
161 3661 198 3702 ex
210 3642 303 3700 Adam
317 3659 422 3707 massa,
437 3657 503 3712 qua
518 3639 645 3715 prolecto
657 3657 695 3698 ex
709 3657 767 3697 uno
779 3637 1085 3699 incondemnationcrn
1098 3651 1154 3700 tota
1166 3643 1291 3722 collapsa

103 3750 156 3808 est,
171 3738 242 3798 illud
257 3757 307 3796 vas
323 3739 405 3796 saciat
418 3738 447 3794 in
463 3736 610 3803 honorem,
626 3735 697 3794 illud
710 3737 739 3794 in
754 3735 974 3804 contumeliam
997 3749 1090 3795 tamen
1105 3735 1209 3799 audent
1230 3761 1291 3818 par·

102 3836 182 3894 tulos
197 3853 261 3893 reos
277 3834 456 3910 propriorum
470 3832 640 3890 constituere
655 3832 881 3909 peccatorum.'’⁸
920 3832 1067 3910 Deinceps
1081 3834 1166 3895 dicit:
1189 3847 1208 3874 ‘¹
1219 3837 1292 3896 Haec

102 3950 195 3992 massa
217 3933 242 3990 si
268 3943 347 3991 esset
367 3932 396 3989 in
412 3929 515 3997 media,
531 3941 561 3988 ut
582 3929 821 4002 quemadmodum
842 3931 915 3990 nibil
933 3933 1001 3991 boni
1023 3933 1062 3990 ita
1087 3951 1140 3992 nec
1161 3934 1228 3992 mali
1243 3936 1292 3993 ali·

103 4031 167 4104 quid
180 4041 348 4096 mereretur,
364 4036 422 4087 non
443 4028 546 4086 frustra
570 4027 712 4086 videretur
734 4028 878 4102 iniquitas,
893 4041 924 4087 ut
937 4048 974 4089 cx
997 4049 1029 4088 es
1051 4031 1152 4089 fierent
1172 4049 1241 4088 vasa
1260 4032 1292 4092 in

101 4129 310 4190 contumeliam.
363 4125 440 4184 Cum
475 4145 541 4184 vero
575 4144 625 4202 per
650 4124 771 4184 liberum
801 4127 944 4185 arbitrium
981 4127 1065 4202 primi
1101 4126 1227 4187 bominis
1256 4130 1287 4189 in

104 4216 370 4288 condemnationem
394 4224 529 4282 universa
542 4222 701 4290 defluxerit,
717 4222 816 4299 procul
838 4223 923 4303 dubio
938 4224 1014 4297 quod
1037 4242 1072 4283 ex
1087 4243 1121 4281 ea
1134 4225 1207 4284 fiunt
1225 4246 1292 4287 vasa

102 4323 302 4389 inhonorem,
326 4341 382 4380 non
407 4321 499 4398 ipsius
517 4321 647 4400 justitiae,
663 4339 727 4394 quae
748 4322 866 4399 gratiam
887 4321 964 4379 nulla
988 4323 1143 4398 praecessit,
1165 4324 1216 4383 sed
1234 4324 1290 4385 Dei

100 4423 322 4489 misericordiae3
344 4419 420 4492 quod
435 4418 500 4478 verb
516 4421 545 4478 in
559 4420 772 4488 coutumeliam,
787 4438 844 4480 non
860 4419 1001 4492 iniquitati
1017 4420 1083 4486 Dei,
1099 4439 1162 4493 quae
1177 4424 1250 4483 absit
1262 4437 1292 4483 ut

334 4577 376 4644 (l)
396 4576 426 4626 L.
438 4577 468 4626 de
479 4586 580 4642 corrept.
591 4585 616 4629 et
627 4585 680 4641 grat
690 4594 711 4627 c.
722 4577 763 4653 rii.
775 4594 800 4628 n.
815 4578 853 4627 16.

339 4664 381 4728 (2)
400 4662 449 4726 Ep.
461 4663 508 4712 cvi.
522 4662 552 4711 de
563 4663 636 4741 prsrd.
647 4671 673 4714 et
683 4663 760 4727 gratis
770 4679 839 4735 nuuc
850 4678 889 4730 ep
899 4661 1007 4712 clxxxvi.

338 4752 381 4815 (³)
401 4747 496 4800 ibidem
507 4764 532 4798 n.
547 4751 586 4797 12.
