2812 5092
377 333 433 393 DE
455 333 728 393 SAORAMENTI
750 333 947 393 RATIONE.
1199 339 1257 393 113

55 489 134 548 tizati
149 508 207 549 non
219 502 296 560 eunt,
312 503 424 552 constet
437 511 471 550 ea
484 502 644 551 contractus
658 509 733 557 esse,
748 490 799 550 sed
808 490 884 550 baud
898 501 1091 550 sacramenta:
1108 510 1161 550 nec
1172 493 1253 554 enim

55 599 121 647 ante
136 589 309 666 baptismum
330 600 540 650 sacramentum
553 591 645 649 ulium
665 591 756 667 recipi
771 600 873 667 potest.
915 591 948 649 Si
961 590 1174 667 dispensatione
1196 591 1253 650 dis·

56 687 134 764 paris
149 688 242 746 cultus
256 689 415 766 impetrata,
430 689 589 766 baptizatus
603 708 669 747 cum
685 689 793 755 infideli
804 689 959 756 contrahat,
972 698 1101 762 quaerunt
1115 690 1251 768 theologi,

56 795 152 844 utrum
167 795 327 845 contractus
342 787 387 846 uei
401 797 609 847 sacramentum
624 785 787 847 habendum
801 789 857 845 sit:
873 805 930 861 qua
941 787 970 844 in
980 806 1010 845 re
1025 786 1171 847 discordes
1185 800 1253 848 sunt

56 883 217 942 sententia.
260 885 353 943 Nobis
378 883 551 942 affirmantes
573 882 642 942 illud
665 901 729 942 esse
750 894 958 942 sacramentum
974 885 1065 962 magis
1088 886 1251 962 probantur,

53 982 205 1041 nonenim
219 1000 370 1041 censemus
386 983 494 1058 primos
505 981 697 1069 Christianos,
707 983 756 1056 qui
772 1000 809 1041 ex
822 981 1019 1060 adjunctorum
1029 982 1140 1043 difficili
1154 985 1252 1044 condi·

60 1081 139 1138 tione
154 1078 189 1136 ad
210 1081 324 1156 nuptias
344 1098 411 1138 cum
426 1079 548 1138 ethnicis
564 1077 702 1138 ineundas
723 1078 905 1148 ducebantur,
920 1081 1000 1139 omni
1014 1086 1109 1158 gratioe
1124 1083 1253 1142 subsidio

33 1184 36 1188 '
58 1177 90 1234 in
104 1175 211 1235 foedere
225 1176 275 1234 illc
286 1175 442 1236 sanciendo
453 1177 578 1252 privatos
589 1176 753 1251 fuisse‚qua
768 1175 965 1255 adjuvarentur
974 1178 1003 1235 in
1016 1178 1169 1257 conjugum
1185 1198 1253 1239 cou-

55 1275 189 1334 versione
204 1274 390 1352 procuranda.
432 1275 561 1348 AEquius
573 1274 656 1333 nobis
668 1275 789 1333 habetur
801 1285 831 1333 et
842 1275 974 1352 benignu
990 1275 1101 1352 Christi
1115 1277 1252 1338 voluntati

56 1370 218 1433 consonum
232 1373 330 1432 omnia
342 1373 551 1449 baptizatorum
565 1373 698 1450 conjugia
711 1373 878 1431 sacramenti
893 1373 1030 1450 dignitate
1045 1375 1170 1444 auxisse,
1185 1376 1253 1435 licet

56 1471 180 1549 obstaret
194 1469 347 1539 infidelitas
361 1468 479 1537 alterius
493 1486 530 1526 nc
544 1469 633 1546 gratia
646 1470 828 1547 reciperetur.
871 1469 1015 1530 Oaeterum
1026 1490 1085 1531 non
1099 1454 1252 1534 admodum

56 1568 125 1628 huic
138 1568 311 1627 inhaeremus
325 1567 465 1645 opinioni.
508 1566 554 1624 De
574 1568 707 1626 catholici
722 1587 786 1629 cum
807 1568 941 1628 heretico
962 1570 1097 1648 conjugio
1110 1590 1146 1630 ec
1160 1573 1251 1650 magis

55 1667 197 1726 metimus
212 1666 282 1725 illud
296 1666 468 1726 sacrementi
481 1666 586 1725 habere
600 1666 738 1725 rationem
752 1685 760 1735 r
781 1668 840 1726 imo
854 1666 890 1725 de
910 1668 1039 1745 ipsorum
1054 1669 1251 1731 hereticorum

55 1765 208 1843 conjugiis,
223 1766 355 1839 quamvis
369 1764 399 1822 hi
420 1765 590 1842 plerumque
604 1783 699 1824 sacros
721 1766 791 1824 ritus
806 1766 947 1836 omittant,
961 1778 991 1826 et
1005 1787 1064 1827 non
1077 1755 1194 1828 credant
1207 1764 1252 1828 sa·

56 1862 192 1923 crementi
206 1861 372 1939 dignitatem
381 1862 490 1938 nuptiis
502 1861 608 1919 inesse.
645 1861 789 1921 catenum
803 1863 866 1940 ipse
876 1875 1036 1923 contractus
1045 1865 1252 1943 baptizatorum

55 1962 205 2022 hominum
220 1961 310 2029 adest,
326 1979 413 2034 quem
435 1969 644 2019 sacramentum
665 1979 732 2018 csse
752 1959 906 2030 credimus,
921 1971 1009 2020 tctam
1027 1964 1118 2023 secuti
1132 1974 1252 2022 vetusta-

45 2058 133 2128 'temt
146 2058 268 2132 ideoque
283 2057 426 2125 heresim,
438 2057 514 2116 sicut
523 2067 552 2115 et
565 2067 714 2134 peccatum
726 2056 937 2131 quodcumque,
952 2059 1064 2118 obicem
1079 2061 1175 2136 gratias
1189 2080 1254 2120 esse

56 2157 188 2222 humor,
203 2154 254 2214 sed
275 2174 335 2229 quc
348 2173 406 2214 non
427 2156 491 2232 ipsa
511 2154 623 2214 tollatur
643 2155 812 2214 sacramenti
834 2156 966 2214 essentia.
1008 2155 1094 2224 Quod
1113 2157 1170 2215 ad
1162 2168 1252 2217 ruten-

56 2254 144 2314 tionis
169 2247 312 2312 desectum
327 2253 449 2329 pertinet
461 2270 501 2310 cx
513 2270 609 2311 errore
629 2251 665 2310 de
679 2253 847 2312 sacramenti
867 2262 976 2321 natura,
990 2255 1141 2330 opinamur
1153 2255 1183 2313 iu
1205 2274 1254 2314 vo·

53 2348 163 2411 lentate
176 2349 362 2433 contrahendi
382 2351 595 2410 matrimonium
609 2351 730 2427 reperiri
751 2350 942 2429 implicitam'
934 2351 1121 2411 intentionem
1136 2353 1252 2412 confici-

54 2449 135 2508 iendi
145 2458 367 2519 sacramentum,
382 2467 469 2524 quam
482 2449 591 2510 toliere
595 2449 695 2525 nequit
714 2449 779 2527 ipsa
792 2449 932 2508 connatis
946 2448 1085 2521 voluntas,
1101 2468 1191 2564 quum
1210 2470 1253 2512 er·

53 2542 124 2607 iore
137 2547 249 2607 nitatur.
