2798 5092
433 347 435 352 ’
520 352 588 412 oe
610 352 859 414 nnunnrno
1226 360 1286 419 arr
1342 435 1345 442 ¹

94 509 224 588 peritur;
247 519 266 547 “
279 519 310 569 ut
323 520 537 570 consummetur
550 512 754 588 prevaricatio,
779 524 808 571 et
829 514 915 572 tinem
938 515 1059 593 accipiat
1080 512 1237 593 peccatum,
1259 527 1287 575 et

94 608 224 667 doleatur
237 609 384 683 iniquitas,
395 621 425 668 ot
437 609 590 669 adducatur
599 610 712 687 justitia
722 611 940 688 sempiterna.”²
980 612 1065 679 Quod
1079 626 1172 672 autem
1186 614 1286 691 ligatus

95 705 206 764 dicatur
220 704 361 775 diabolus,
376 708 518 784 significat
531 725 590 765 non
604 724 718 766 omnem
732 709 853 766 nocendi
867 708 925 766 vim
937 709 1086 777 sublatam,
1101 710 1152 768 sed
1167 722 1288 787 potesta·

94 816 152 864 tem
167 807 232 883 ejus
256 805 410 883 plurimum
434 807 562 883 reprimi.
605 806 757 864 Newtonis
785 807 905 880 quesita
927 808 1133 883 respondemus
1155 809 1286 868 Satanam

95 902 218 961 liberum
233 902 322 960 fuisse
337 913 400 961 ante
416 901 525 960 Christi
539 901 702 969 adveutum,
718 903 832 976 quando
846 903 1024 985 ubique—fere
1038 902 1179 962 idolorum
1195 905 1287 964 cultus

95 1018 161 1058 cum
177 999 293 1077 flagitiis
308 1000 440 1058 omuibus
455 1000 587 1076 vigebat:
610 999 686 1072 quod
706 1001 733 1056 si
748 1000 882 1069 hereses,
896 1011 926 1058 et
939 1000 1047 1058 scelera
1061 999 1197 1078 deinceps
1212 1020 1289 1078 gras-

96 1108 157 1155 sata
168 1097 236 1164 sint,
249 1116 307 1155 non
322 1108 415 1155 tamen
427 1106 580 1174 potuerunt
590 1115 654 1156 sam
666 1106 790 1155 evertere
801 1097 963 1157 Ecclesiam
973 1116 1056 1171 quam
1070 1099 1135 1175 ipse.
1143 1111 1288 1157 erexerat:

96 1195 252 1272 purissima
265 1195 341 1252 enim
365 1196 468 1253 mansit
493 1194 630 1262 doctrina,
645 1203 674 1252 et
697 1185 831 1272 preclara
851 1214 965 1272 semper
985 1195 1049 1254 data
1069 1206 1136 1254 suut
1149 1197 1283 1265 virtutum

96 1290 243 1369 exempla.
284 1291 452 1349 Antichristi
466 1309 586 1368 regnum
601 1292 716 1350 nonnisi
731 1291 843 1351 diabolo
855 1292 890 1351 ad
900 1293 983 1350 breve
996 1295 1122 1370 tempus²
1132 1292 1225 1352 soluto
1236 1295 1290 1350 sub

96 1387 197 1446 mundi
210 1387 299 1445 linem
320 1397 467 1446 statuetur.
509 1386 616 1446 Omnia
638 1388 724 1466 igitur
737 1388 891 1456 coherent,
906 1388 957 1446 sed
970 1389 1026 1446 rnit
1039 1406 1138 1447 sorum
1153 1389 1289 1466 interpre-

95 1487 165 1544 tatio
179 1485 229 1558 qni
243 1483 340 1542 diviua
353 1484 469 1543 oracula
481 1482 515 1541 ad
530 1484 731 1542 contumeliam
747 1484 922 1543 inserendam
937 1495 1108 1562 pervertunt.
1178 1512 1181 1519 ·

136 1585 204 1640 111.
241 1579 308 1659 obj.
335 1584 365 1638 2.
387 1580 420 1638 Si
442 1599 507 1638 vera
528 1591 683 1656 martyrum
707 1581 877 1639 resurrectio
896 1599 931 1639 eo
951 1581 1010 1639 loc'r
1033 1599 1089 1639 non
1110 1573 1290 1658 intelligatur,

96 1678 264 1756 corporibus
278 1677 388 1736 scilicet
402 1694 468 1736 cum
483 1678 630 1736 animabus
645 1678 747 1736 iterum
762 1678 932 1754 conjunctis,
947 1679 1002 1737 alia
1023 1680 1190 1738 resurrectio
1204 1680 1290 1755 etiarn

95 1777 131 1835 ad
145 1777 267 1854 figuram
282 1776 387 1852 poterit
400 1774 572 1849 detorqueri,
588 1773 727 1852 denegato
741 1773 873 1852 dogmate
888 1774 1104 1834 fundamentali.
1210 1804 1215 1812 ·

125 1872 224 1951 Rcap.
246 1873 344 1939 Prima
368 1872 536 1931 resurrectio
550 1891 566 1930 a
580 1870 706 1930 secunda
719 1871 802 1948 plane
817 1870 998 1949 distinguitur
1012 1892 1028 1929 a
1047 1890 1128 1929 sacro
1142 1873 1290 1948 scriptore,

95 1971 227 2067 quamvip
242 1983 360 2045 utraque
375 1989 441 2028 vera
454 1971 500 2037 rit,
517 1969 566 2029 illa
580 1971 748 2036 animarum,
763 1969 825 2028 haec
834 1987 996 2045 corporum.
1036 1969 1127 2046 igitur
1140 1982 1290 2046 resurgunt

96 2080 237 2148 martyres
252 2070 399 2143 sanctique
414 2088 525 2136 omnes,
542 2069 644 2127 anime
666 2067 775 2126 scilicet
788 2085 804 2125 e
819 2068 945 2142 corporis
967 2085 1078 2125 carcerc
1092 2063 1244 2126 evadentes
1258 2068 1294 2126 ad

89 2167 190 2227 Deum
220 2167 356 2234 feruntur,
385 2167 571 2243 corporisque
601 2175 752 2242 expectant
783 2165 969 2230 consortium,
998 2175 1149 2241 postquam
1178 2163 1294 2247 fratrum

95 2284 221 2330 snorum,
240 2263 379 2341 expletus,
401 2262 486 2321 fuerit
510 2280 657 2321 numerus.
699 2260 784 2328 Quod
807 2273 901 2319 antem
928 2261 977 2319 illa
1004 2263 1295 2346 meis-orcomen-

98 2363 253 2441 explicatio
265 2363 360 2421 miuns
376 2340 491 2439 propria
505 2361 591 2419 alicui
605 2359 696 2419 videri
716 2359 818 2436 possit,
835 2377 892 2417 non
907 2358 972 2418 ideo
986 2372 1031 2418 est
1042 2360 1171 2437 figurata,
1191 2379 1294 2419 sensus

97 2462 173 2520 enirn
190 2459 286 2540 affinis
300 2469 353 2527 est,
368 2469 397 2516 et
409 2457 467 2516 lere
482 2457 557 2515 idom
581 2475 614 2514 ac
637 2457 798 2533 primarius,
813 2469 891 2515 etex
916 2453 1056 2534 adjunctis
1077 2452 1295 2518 satis-determi-

97 2571 186 2617 natur.
222 2557 357 2635 Regnent
370 2555 460 2614 sancti
474 2573 540 2613 cum
556 2553 674 2613 Christo
688 2554 801 2613 interim
816 2555 846 2613 in
861 2555 967 2613 celesti
981 2555 1085 2632 gloria.
1115 2570 1118 2575 ·

136 2661 204 2715 112.
230 2653 296 2733 Obj.
313 2658 341 2712 ³.
365 2653 496 2731 Regnum
524 2651 601 2710 mille
627 2670 764 2711 annorum
789 2653 819 2711 in
845 2654 925 2710 terris
946 2653 1071 2712 futurum
1092 2665 1147 2722 est,
1163 2654 1295 2713 Ecclesia

98 2755 172 2813 enlm
188 2771 205 2812 e
219 2753 290 2811 celo
304 2750 477 2809 descendere
493 2748 635 2826 Apostolo
650 2749 710 2806 vira
726 2761 779 2806 est.

135 2848 227 2927 Resp.
249 2848 277 2907 E
300 2849 371 2907 celo
384 2846 557 2906 descendere
582 2845 644 2902 visa
657 2856 701 2903 est
724 2863 799 2903 nova
816 2844 987 2911 Jerusalem,
1008 2847 1076 2918 quia
1098 2846 1206 2905 celitus
1231 2849 1296 2906 data

99 2961 163 3007 sunt
176 2946 275 3005 omnia
290 2944 439 3022 privilegia
453 2944 556 3016 quibus
578 2941 709 3000 Ecclesia
731 2949 853 3007 ornatur,
869 2949 1012 3018 tamquam
1035 2960 1141 3019 sponsa
1155 2947 1216 3002 viro
1230 2963 1294 3002 suo.

99 3043 166 3102 lude
181 3028 328 3120 profluunt
341 3040 435 3117 gratie
446 3039 577 3112 donaque
584 3039 690 3096 omnia.
732 3035 876 3094 Ceterum
890 3036 1003 3094 celeste
1014 3056 1132 3113 regnum
1144 3039 1290 3115 designari

102 3157 136 3196 eo
149 3138 207 3197 loci
223 3146 309 3216 patet,
325 3155 412 3209 quum
435 3135 514 3192 nullo
536 3150 673 3191 annorum
688 3131 781 3209 spatio
795 3131 962 3199 includatur,
977 3131 1027 3190 sed
1043 3135 1072 3191 in
1087 3132 1192 3191 secula
1206 3153 1293 3197 saecu·

100 3235 189 3294 lorum
208 3233 372 3293 duraturum
387 3233 573 3310 praedicetur:
596 3233 834 3293 :insectarentur
848 3226 958 3283 eluces-⁸

140 3329 338 3409 11101334.
360 3329 464 3388 Daniel
478 3328 514 3387 de
537 3347 626 3404 regno
640 3327 696 3386 hoc
720 3327 750 3385 iu
774 3328 857 3385 terris
878 3326 1045 3385 vaticinatus
1063 3336 1124 3384 est:
1148 3335 1294 3404 “regnum

103 3438 246 3496 autemst
260 3436 396 3504 potestas,
412 3437 440 3485 et
454 3424 619 3502 magnitudo
633 3426 724 3502 regni,
740 3433 864 3497 quaeest
877 3425 974 3482 subter
988 3442 1073 3482 omne
1088 3423 1199 3511 celum,
1214 3423 1295 3483 detur

102 3526 206 3606 populo
220 3537 383 3587 sanctorum
397 3524 586 3585 Altissimi.”⁴
626 3524 778 3582 Psalmista
792 3523 928 3600 de'regno
945 3523 1022 3596 quod
1036 3541 1137 3581 omnes
1152 3523 1294 3600 complec-

104 3635 203 3683 teretur
228 3633 316 3681 terras
344 3610 494 3698 magnifice
522 3619 619 3679 dirim
674 3618 763 3689 lsaias
791 3618 989 3695 pulcherrimis
1016 3619 1187 3695 imaginibus
1216 3622 1295 3698 regni

106 3718 209 3778 Christi
232 3717 395 3777 felicitatem
416 3716 556 3782 exhibuit,
577 3715 768 3791 snbjungens:
793 3715 890 3788 “quia
910 3714 1017 3791 replete
1037 3724 1081 3771 est
1092 3725 1164 3773 terra
1175 3716 1295 3773 scientia

107 3799 266 3876 Domini.''⁶
306 3814 479 3892 Apostolus:
503 3813 647 3872 “cecitas
662 3830 699 3869 ex
713 3824 790 3887 parte
805 3811 922 3888 contigit
935 3813 965 3869 iu
983 3810 1082 3879 lsrael,
1097 3810 1189 3870 donec
1202 3811 1294 3887 pleni·

108 3912 169 3973 tudo
181 3913 309 3991 gentium
323 3911 447 3977 intraret,
456 3918 485 3968 et
504 3909 545 3967 sic
565 3907 659 3967 omnis
670 3907 758 3965 lsrael
781 3905 1011 3977 salvnslieret.”⁷
1051 3907 1185 3975 Quotidie
1198 3915 1293 3966 autem

108 4025 224 4080 oramus,
241 4009 361 4069 Christo
375 4007 582 4080 obsequentes:
606 4013 625 4042 ‘⁶
639 4003 769 4062 adveniat
782 4022 901 4080 regnum
915 4004 1029 4064 tuum.’'
1071 4005 1143 4065 Hec
1157 4002 1294 4064 Newtou.

467 4164 507 4230 (l)
528 4162 594 4212 Dan.
605 4162 639 4211 ix.
651 4162 692 4210 34.

468 4251 509 4317 (2)
526 4256 541 4281 ‘⁶
549 4247 649 4299 Modico
660 4247 790 4313 tompors,'’
803 4249 881 4314 Apoc.
893 4264 935 4302 xx.
947 4251 972 4299 3.

471 4339 514 4405 (a)
534 4337 612 4401 Apes.
623 4349 666 4384 xx.
681 4337 705 4383 s.

470 4425 512 4491 (4)
532 4423 596 4474 Dara
609 4422 650 4472 rii.
662 4422 704 4471 27.

470 4512 513 4579 (5)
532 4511 573 4561 Ps.
584 4510 609 4560 ii.
618 4512 643 4560 8.

473 4599 516 4664 (6)
535 4598 592 4648 lsai.
602 4597 669 4648 xi.9.

475 4684 517 4749 (7)
537 4683 608 4735 Rom.
620 4683 652 4733 xi.
663 4684 758 4732 theto.
