2798 5092
171 278 235 407 iss
280 310 315 429 f]
339 334 363 359 ²
403 294 430 339 ⁸
458 330 515 391 00
537 329 733 391 sinconis
757 328 1082 391 rnrnorunurm

208 492 276 551 104.
299 488 459 568 Ligcmen,
474 490 618 548 vinculum
633 488 744 547 scilicet
759 487 860 566 prioris
871 488 1055 557 matrimonii,
1071 487 1138 546 iacit
1151 497 1183 547 ut
1196 487 1362 549 nonvaleat

166 590 377 650 matrimonium
391 600 490 666 postea
505 597 679 654 attentatum,
695 586 788 663 priore
808 587 931 662 conjuge
956 585 1048 644 adhuc
1062 586 1093 644 in
1108 585 1192 654 vivis,
1206 586 1277 645 licet
1291 605 1367 647 mot·-

167 694 214 744 tua
228 696 385 743 censeatur.
427 682 515 742 Nulla
529 683 656 742 absentia
677 682 807 756 quamvis
833 681 974 750 diuturna,
1000 700 1055 740 nec
1081 682 1156 740 bona
1180 682 1254 740 fides
1269 691 1366 759 potest

130 824 142 849 .
167 781 280 840 efficere
296 790 326 843 ut
339 799 428 840 noves·
436 781 548 839 valeant
562 780 678 856 nuptie,
694 779 759 836 viva
773 780 866 855 priore
887 780 1020 856 conjoge.
1062 777 1143 838 Hinc
1157 777 1297 847 Clemens
1311 777 1366 839 111.

165 876 372 953 interrogatus:
396 886 415 914 ‘⁶
429 876 496 950 quid
516 874 660 952 agendum
684 873 721 932 sit
746 872 782 931 de
807 873 982 941 mulieribus,
1004 892 1068 947 quac
1090 875 1167 933 viros
1181 893 1252 933 suos
1277 893 1366 935 causa

146 975 323 1064 captivatis,
338 973 634 1051 velperegrinationis
656 973 799 1040 absentes,
820 971 894 1030 ultra
917 973 1099 1049 septennium
1114 973 1284 1049 praestolatae
1306 954 1373 1032 iue-⁴

164 1071 237 1131 rint:
259 1089 312 1130 nec
323 1071 475 1128 certificari
491 1078 612 1146 possunt
625 1067 660 1126 de
675 1069 733 1126 vita
747 1067 791 1126 vel
807 1066 842 1126 de
863 1078 954 1126 morte
968 1069 1108 1145 ipsorum,
1123 1069 1192 1128 licet
1198 1087 1295 1146 ¹super
1309 1070 1365 1131 boc

165 1167 376 1227 solicitudinem
392 1166 571 1224 adhibuerint
585 1164 768 1242 diligentem:
790 1176 819 1223 et
832 1183 885 1242 pro
895 1165 1019 1242 juvenili
1033 1175 1124 1234 aetate,
1144 1176 1201 1243 seu
1210 1165 1365 1244 fragilitats

164 1267 267 1335 carnis,
277 1277 423 1340 nequeunt
433 1265 589 1332 continere,
605 1274 734 1340 petentes
744 1262 807 1321 aliis
820 1263 1001 1321 matrimonio
1012 1263 1141 1340 copulari
1151 1263 1364 1342 ;”.respondit:

164 1363 273 1438 “quod
297 1372 526 1438 quantocumque
540 1379 679 1419 annorum
702 1377 822 1418 numero
848 1361 887 1418 ita
912 1371 1086 1429 remaneant,
1110 1361 1272 1420 viventibus
1289 1361 1360 1421 viris

162 1461 233 1528 suis,
244 1479 301 1518 000
316 1470 438 1536 possunt
453 1458 487 1516 ad
502 1457 620 1516 aliorum
637 1457 811 1515 consortium
823 1457 959 1515 canonice
981 1457 1131 1517 convolare
1144 1477 1152 1516 t
1175 1460 1363 1519 necauctori·

164 1568 219 1617 tate
234 1557 373 1617 Ecclesioe
395 1558 540 1634 permittas
560 1555 737 1623 contrahere,
758 1555 850 1614 donec
874 1564 981 1614 certum
1005 1556 1142 1615 nuncium
1164 1557 1305 1634 recipiant
1326 1557 1365 1618 de

163 1665 253 1714 morte
267 1655 440 1713 viromm.'’1
481 1655 574 1732 Leges
588 1653 687 1712 civiles
705 1653 735 1712 in
751 1651 920 1727 quibusdam
934 1654 1052 1727 statibus
1075 1655 1188 1712 triennii
1202 1656 1364 1717 absentiam

113 1732 122 1751 ⁰
161 1771 275 1812 causam
289 1752 433 1830 ligaminis
448 1750 578 1810 solvendi
592 1750 751 1820 definiunt,
774 1759 803 1808 et
817 1768 922 1808 novum
944 1751 1111 1827 permittunt
1131 1751 1360 1823 matrimonium,

160 1850 281 1910 divortio
295 1853 400 1910 vinculi
415 1851 578 1910 concesso.²

204 1952 270 2008 105.
294 1948 442 2008 Ηο000100
454 1947 575 2027 publico
589 1957 705 2006 vocatur
728 1947 966 2024 impedimentum
995 1958 1088 2008 ortum
1110 1967 1146 2009 ex
1175 1949 1363 2028 sponsalibus

159 2047 253 2107 valide
268 2048 344 2107 initis
359 2067 424 2107 cum
439 2065 561 2125 persona
575 2046 788 2123 consanguinea
801 2047 830 2106 in
846 2048 939 2124 primo
959 2047 1057 2124 gradu
1075 2058 1162 2106 matre
1183 2048 1299 2107 scilicet
1314 2049 1362 2109 vel

160 2164 256 2204 sorore
281 2165 407 2223 sponsae,
430 2144 475 2202 vel
490 2155 569 2220 patre
584 2116 643 2201 011Ι
655 2143 715 2200 tilio
739 2144 851 2219 sponsi.
893 2143 992 2202 Oritur
1016 2145 1101 2203 etiam
1116 2163 1154 2204 ex
1175 2146 1363 2207 matrimonio

158 2252 228 2310 rato,
245 2241 322 2315 quod
334 2250 564 2300 consummatum
588 2258 644 2298 non
659 2239 753 2305 fuerit,
771 2250 800 2297 ct
813 2239 848 2297 ad
871 2249 1003 2314 quartum
1028 2240 1147 2318 gradum
1169 2241 1365 2304 extenditur.⁸

159 2338 349 2415 sponsalibus
370 2338 448 2414 juste
472 2336 583 2404 solutis,
602 2344 698 2394 manet
716 2335 964 2412 impedimentum,
980 2337 1051 2396 adeo
1079 2349 1161 2396 utne
1184 2338 1305 2412 quidem
1326 2358 1365 2401 ex

160 2454 275 2516 sponsae
299 2452 441 2493 consensu
465 2433 557 2511 possit
577 2451 701 2508 sponsus
725 2434 787 2509 ejus
802 2452 930 2492 sororem
950 2433 1064 2502 ducere,
1081 2432 1361 2513 absque-dispensa·

67 2558 72 2562 ·
158 2533 261 2594 11000.4
299 2531 347 2589 Ex
362 2529 543 2607 sponsalibus
558 2539 651 2587 autern
666 2529 799 2586 invalidis
815 2530 924 2588 nullum
939 2532 1027 2590 oritur
1040 2530 1293 2608 impedimentum.

200 2632 266 2686 106.
288 2625 473 2686 1101000000
488 2625 563 2683 valet
577 2625 788 2684 matrimonium
799 2626 881 2694 inire,
892 2645 1010 2703 necesse
1026 2628 1103 2686 enim
1118 2636 1163 2685 est
1177 2646 1356 2689 consensum

157 2733 299 2802 praestare,
316 2734 415 2781 natura
429 2731 590 2781 contractus
604 2720 727 2798 cognita.
770 2722 827 2788 Qui
839 2721 1003 2800 ad'tempus
1015 2723 1171 2792 insaniunt,
1184 2722 1280 2783 valide
1291 2731 1361 2785 con·

157 2823 270 2881 trahunt
293 2823 328 2881 iis
351 2837 512 2900 temporum
535 2821 690 2881 intervallis
717 2821 869 2896 inquibus
889 2823 1016 2883 suntsui
1037 2835 1197 2902 compotes.
1240 2824 1359 2887 Conso·

155 2932 224 2980 nant
236 2921 316 2999 leges
330 2920 457 2978 civiles.l

201 3022 267 3080 lor.
288 3017 400 3098 Affinea
414 3037 472 3078 non
494 3029 616 3095 possunt
640 3018 820 3077 matrimonio
841 3019 976 3097 conjungi
989 3020 1063 3080 intra
1075 3025 1208 3094 quartum
1223 3021 1357 3099 gradum,

154 3116 180 3177 si
194 3116 314 3176 affinitas
329 3117 434 3175 oriatur
446 3134 484 3173 err
499 3115 603 3192 copula
617 3114 731 3184 110110;ο
751 3115 778 3174 si
791 3133 828 3174 ex
842 3115 941 3175 illicita
960 3116 1196 3195 impedimentum
1211 3119 1359 3198 restringi·

180 3276 231 3343 .(l)
252 3275 314 3339 Gap.
326 3275 378 3323 xix.
390 3273 420 3323 de
432 3260 600 3339 sponsalibus

188 3364 231 3429 (2)
251 3370 265 3394 ‘⁸
278 3361 308 3411 In
319 3360 384 3410 New
395 3359 552 3424 Hampshire,
562 3358 662 3424 joining
672 3357 714 3408 the
730 3359 847 3422 religione
860 3359 952 3427 society
964 3359 1042 3412 011110
1050 3359 1163 3423 Shsksrs,
1174 3361 1232 3413 who
1243 3362 1306 3415 hold
1316 3371 1357 3416 c'o·

150 3448 285 3499 habitation
296 3447 424 3508 unlawsul‚
436 3445 485 3497 and
496 3444 643 3507 continuing
654 3444 680 3494 in
691 3445 745 3495 that
760 3447 852 3511 society
864 3447 901 3498 ior
912 3447 979 3508 three
989 3464 1069 3513 years,
1086 3448 1108 3498 is
1119 3465 1134 3498 a
1144 3448 1271 3501 sufficient
1282 3467 1356 3502 cause

149 3533 186 3583 101
197 3550 212 3583 0
222 3535 325 3584 divorcs.
360 3534 429 3599 Dyer
440 3549 464 3584 v.
476 3532 553 3597 Dyer,
560 3530 581 3580 Ι5
593 3531 655 3582 New
664 3531 818 3601 Hompebr're
835 3534 899 3602 Jeep.
911 3537 969 3585 271.
1002 3534 1032 3585 10
1044 3534 1219 3597 Gonnecticut,
1229 3536 1357 3588 divorcea

148 3617 247 3672 uinculo
259 3621 351 3684 applies
361 3628 387 3671 10
398 3635 467 3670 cases
479 3619 507 3668 01
523 3618 642 3682 adultery,
663 3619 712 3669 and
732 3619 873 3670 irauduleut
891 3628 1008 3682 contract,
1020 3621 1068 3670 and
1080 3621 1159 3672 wilful
1176 3622 1301 3673 desertion
1317 3622 1356 3674 fot

149 3709 217 3759 three
224 3723 302 3772 years,
314 3706 374 3758 with
386 3707 446 3758 total
454 3706 552 3769 neglect
563 3705 591 3754 01
600 3703 669 3771 duty,
681 3723 708 3756 or
716 3723 790 3756 seven
800 3724 872 3773 years
889 3709 991 3758 absence
1003 3707 1052 3759 and
1062 3708 1171 3758 unbcard
1184 3709 1216 3760 ot
1250 3709 1356 3762 8101010

152 3793 219 3846 Cede
233 3795 305 3843 1⁷02.
339 3793 368 3842 ln
382 3793 447 3842 Ohio
456 3793 498 3842 the
509 3791 628 3856 Supremo
639 3791 716 3842 court
727 3792 748 3842 is
759 3793 898 3844 authorizsd
906 3801 931 3843 10
939 3801 1010 3856 grant
1021 3810 1036 3843 a
1047 3794 1151 3855 divorse,
1162 3795 1185 3844 11
1191 3794 1270 3845 either
1281 3803 1354 3862 party

147 3880 194 3931 had
207 3897 222 3930 a
232 3879 320 3929 former
328 3878 441 3928 husband
452 3894 479 3927 or
491 3877 547 3927 wife
558 3878 636 3940 living
646 3885 672 3927 at
682 3877 723 3927 the
736 3894 802 3928 same
814 3878 873 3928 time
882 3881 910 3929 01
924 3879 971 3930 the
981 3878 1073 3934 second
1090 3880 1216 3942 marriage,
1231 3896 1259 3930 or
1272 3881 1355 3933 where

148 3965 225 4016 either
236 3969 306 4030 party
318 3962 340 4010 is
350 3961 454 4026 wiliully
465 3963 550 4011 absent
567 3959 630 4012 from
642 3961 684 4011 the
694 3962 763 4012 other
773 3963 809 4012 for
826 3963 894 4013 three
905 3965 1001 4029 years.”
1035 3963 1124 4015 Kent’s
1147 3964 1353 4026 Commentaries,

147 4053 217 4103 xxiii.
229 4050 298 4101 Lect.
306 4049 384 4100 xxvii.
394 4065 418 4099 n.
433 4052 488 4099 105.
500 4058 565 4099 note.
1173 4105 1182 4126 ἢ

181 4141 221 4205 (3)
240 4137 306 4188 Vide
314 4136 340 4186 S.
353 4134 392 4185 Pii
404 4134 436 4185 V.
448 4137 546 4187 constit.
559 4135 602 4186 Ad
608 4136 762 4187 Benearnum.
771 4143 795 4186 et
809 4151 862 4200 cap.
876 4138 888 4184 1
901 4136 931 4186 de
944 4136 1057 4203 Sponsal.
1068 4137 1094 4187 in
1105 4140 1129 4189 o.

182 4225 224 4290 (4)
243 4223 307 4273 Vide
319 4221 391 4272 Decr.
404 4220 431 4269 S.
442 4221 521 4283 Cong.
534 4238 603 4271 conc.
614 4223 629 4270 6
641 4221 656 4270 J
659 4221 702 4272 ulii
723 4223 796 4281 1658,
807 4223 936 4286 probatum
947 4223 1020 4272 Alex.
1032 4222 1082 4272 viii.

182 4308 224 4372 (5)
244 4313 258 4337 “
271 4307 312 4375 All
324 4322 425 4371 persons
434 4305 491 4355 who
508 4306 570 4355 have
581 4313 625 4354 not
648 4305 691 4355 the
707 4306 803 4367 regular
814 4321 858 4354 use
870 4306 899 4354 01
911 4306 954 4355 the
964 4307 1167 4370 understanding,
1184 4309 1311 4361 sufficient
1327 4316 1355 4361 to

146 4390 200 4440 deal
217 4391 277 4441 with
288 4393 417 4441 discretiori
430 4391 455 4439 10
467 4390 509 4439 1110
520 4406 634 4440 common
647 4391 727 4439 affairs
739 4391 767 4438 01
781 4390 829 4448 1110,
842 4406 869 4439 as
880 4389 952 4440 idiota
964 4392 1012 4442 and
1025 4391 1137 4450 lunatica,
1149 4403 1238 4460 except
1248 4396 1277 4446 10
1286 4394 1351 4447 their

146 4478 210 4528 lucid
221 4477 344 4537 intervala,
357 4493 396 4526 are
407 4478 535 4540 incapabla
547 4477 575 4524 01
582 4476 696 4538 agreeing
708 4485 733 4525 to
750 4492 798 4540 any
811 4482 927 4536 contract,
939 4478 986 4528 and
999 4478 1028 4528 01
1042 4493 1129 4528 course
1134 4487 1166 4529 -10
1179 4480 1233 4532 that
1244 4482 1273 4532 01
1286 4498 1350 4532 mar.

144 4563 234 4626 riage.”
269 4563 358 4612 Kent’s
370 4563 564 4612 Commentaries
577 4564 622 4612 vol.
634 4563 660 4611 ii.
673 4562 741 4612 Lect.
751 4562 819 4612 xxvi.
831 4579 855 4611 n.
868 4562 884 4611 1.

181 4653 223 4718 (6)
243 4650 305 4715 Gap.
320 4649 376 4700 Non
386 4647 469 4708 Debet,
481 4649 511 4699 de
523 4649 693 4720 consanguin.
