2798 5092
521 338 578 399 Du
598 337 878 401 esculentum

607 1049 748 1115 CAPUT
768 1048 809 1114 11.

480 1306 538 1362 be
567 1308 907 1365 SACERDO'PIO.

132 1545 182 1604 26.
203 1536 283 1601 Ordo
310 1557 400 1606 sacer,
428 1557 465 1599 ex
489 1538 583 1608 dictis,
606 1552 651 1599 est
673 1550 883 1603 sacramentnm
908 1542 1102 1621 novaelegis,
1127 1563 1145 1604 a
1172 1545 1295 1610 Christo

94 1640 221 1702 Domino
235 1648 332 1698 nostro
347 1636 518 1704 institutum,
528 1652 586 1710 quo
600 1647 727 1714 potestas
742 1637 777 1697 ad
791 1656 871 1697 sacra
884 1638 1016 1699 obeunda
1028 1641 1127 1700 munia
1137 1643 1295 1714 confertur,

93 1741 189 1820 gratie
203 1739 288 1797 etiam
308 1733 445 1794 subsidiis
466 1734 594 1813 adjectis.
636 1735 832 1796 Sacerdotium
854 1739 1000 1816 precipue
1025 1738 1204 1800 ordinatione
1225 1761 1296 1803 cou-

93 1838 189 1906 fertur,
204 1834 280 1911 quod
295 1832 411 1909 quidem
425 1831 594 1909 plenissime
608 1833 638 1891 in
652 1835 791 1911 episcopo
804 1836 977 1912 agnoscitur,
990 1848 1131 1910 qnatenus
1160 1848 1190 1896 et
1203 1856 1298 1897 sacer·
1323 1844 1327 1851 '

94 1935 175 1994 dotes
189 1932 264 1990 valet
276 1932 339 2008 ipse
353 1947 468 1998 creare;
490 1929 586 1988 minus
597 1928 732 2006 perfecte,
749 1948 815 1988 vere
829 1943 935 2000 tamen,
951 1933 981 1991 in
996 1934 1177 2011 presbytero.
1219 1933 1296 1994 lllud

93 2031 168 2089 circa
187 2027 321 2087 sacrificii
349 2026 522 2085 oblationem
546 2026 704 2103 presertim
718 2038 855 2096 versatur,
881 2028 932 2086 sed
958 2039 988 2087 et
1014 2039 1184 2107 potestatem
1198 2032 1296 2090 remit·

92 2128 181 2196 tendi,
195 2127 241 2187 vel
255 2124 395 2185 retinendi
416 2135 533 2202 peccata
550 2123 679 2191 includit,
695 2125 736 2183 uti
757 2143 795 2182 ex
815 2124 981 2203 disceptatis
1005 2128 1107 2202 liquet.
1149 2129 1295 2188 Lutherus

92 2245 193 2287 omnes
208 2225 378 2284 christianos
393 2220 554 2279 sacerdotes
569 2239 634 2279 esse
648 2220 833 2297 predicavit:
857 2224 1033 2301 “Agnoscat
1048 2227 1144 2300 itaque
1165 2228 1297 2300 quicum·

93 2342 149 2399 que
164 2341 196 2381 se
210 2321 396 2380 christianum
411 2336 475 2376 esse
490 2319 666 2395 cognoverit,
682 2336 783 2377 omnes
804 2338 858 2378 nos
880 2322 1026 2394 equaliter
1039 2341 1104 2382 esse
1118 2324 1295 2393 sacerdotes,

93 2421 150 2479 hcc
163 2430 217 2486 est,
239 2417 359 2476 eandem
374 2416 404 2473 in
419 2416 506 2473 serbo
527 2424 557 2472 ct
580 2433 763 2489 quocumque
783 2429 962 2476 sacramento
981 2418 1086 2478 habere
1101 2404 1295 2497 potestdtem:

94 2534 193 2575 verum
206 2532 265 2573 non
278 2513 363 2572 licere
379 2529 553 2585 quemquam
568 2510 623 2569 hac
637 2511 700 2588 ipsa
711 2512 762 2579 uti,
777 2513 834 2570 nisi
848 2532 992 2573 consensu
1007 2517 1231 2586 communitatis,
1247 2528 1296 2576 aut

95 2613 243 2672 vocatione
259 2605 425 2687 majoris.”¹
452 2607 578 2667 Omnem
592 2627 690 2667 veram
704 2609 854 2669 ministerii
868 2610 1016 2671 christiani
1027 2615 1176 2672 notionem
1191 2615 1296 2674 amise-

93 2720 158 2769 runt
171 2708 283 2767 sectarii
299 2705 429 2765 hodierni
442 2724 450 2774 ς
472 2723 562 2779 quum
575 2706 653 2765 enim
675 2706 848 2765 sacrificium
868 2692 1089 2768 eucharisticum
1103 2711 1244 2789 rejiciant,
1266 2722 1296 2770 et

94 2804 255 2868 remittendi
270 2813 384 2882 peccata
397 2811 567 2881 potestatem
584 2802 764 2880 impugnent,
785 2815 844 2863 tota
868 2807 1019 2864 ministerii
1033 2807 1110 2881 quod
1134 2817 1295 2885 agnoscunt

93 2905 164 2964 ratio
177 2904 208 2963 in
222 2901 432 2980 predicatione,
448 2910 477 2958 ct
490 2900 520 2958 io
533 2900 667 2976 precibus
679 2899 831 2960 fundendis
843 2915 980 2962 versatur.
1021 2904 1127 2962 Omnis
1141 2923 1210 2964 vero
1227 2925 1293 2965 auc·

93 3003 190 3063 toritas
204 3001 241 3058 iis
263 2997 483 3078 predicantibus
498 2996 664 3066 detrahitur,
687 3017 775 3073 quum
790 2999 928 3060 fateantur
949 3020 992 3070 se,
1007 3013 1036 3060 et
1057 3012 1166 3061 sectam
1186 3003 1292 3081 ipsam,

93 3099 176 3178 cujus
188 3095 347 3155 doctrinam
361 3094 538 3163 annuntiant,
553 3095 658 3153 erroris
673 3095 801 3172 periculo
815 3115 873 3156 non
887 3115 952 3156 esse
969 3097 1153 3157 immunem.l
1192 3100 1295 3159 Manet

92 3196 178 3275 igitur
191 3191 342 3254 ministerii
355 3191 502 3249 christiani
517 3209 622 3249 nomen
644 3195 919 3263 tantumtantum,
941 3195 1090 3254 sacerdotii
1105 3207 1199 3255 autem
1215 3198 1295 3257 nulle

94 3294 169 3373 apud
184 3293 336 3371 plerosque
351 3292 446 3366 imago
459 3308 467 3357 3
489 3287 710 3365 episcopalianis
732 3309 838 3350 nornen
851 3294 1049 3362 retinentibus,
1065 3295 1125 3353 veri
1139 3295 1293 3355 sacerdotii

93 3391 209 3449 notione
227 3387 327 3465 procul
341 3386 458 3463 abjecta.
500 3383 696 3453 Methodistae,
722 3386 818 3460 quise
838 3388 1017 3466 episcopales
1034 3402 1145 3458 vocant,
1169 3393 1292 3451 senioris

94 3504 200 3548 nomen
213 3487 352 3544 inlocum
366 3482 521 3542 sacerdotis
535 3481 719 3542 suffecerunt.
762 3484 898 3545 Errorem
912 3497 1079 3547 novatorum
1095 3488 1200 3549 decimi
1214 3492 1291 3551 sexti

94 3583 203 3651 seculi,
217 3583 267 3657 qui
282 3580 356 3660 apud
371 3598 469 3640 eorum
495 3589 649 3638 sectatores
672 3581 766 3639 adhuc
786 3583 873 3660 viget,
888 3581 1093 3644 damnaverunt
1112 3596 1206 3663 patres
1228 3589 1294 3647 Tri·

94 3679 221 3740 dentini:
244 3688 264 3715 ‘⁸
275 3677 379 3751 Siquis
393 3675 497 3735 dixerit
504 3695 561 3735 non
576 3695 640 3735 esse
655 3677 685 3735 in
697 3697 772 3737 novo
787 3678 974 3739 Testamenta
984 3681 1174 3741 sacerdotium
1189 3684 1292 3744 visible

93 3789 122 3836 et
134 3789 305 3844 externum
327 3775 372 3833 vel
394 3792 452 3832 non
473 3791 537 3833 esse
553 3784 721 3850 potestatem
747 3776 870 3850 aliquam
892 3778 1080 3838 consecrandi
1102 3791 1130 3838 et
1150 3780 1292 3842 offerendi

129 3971 172 4036 (1)
190 3967 221 4018 L.
232 3966 262 4018 de
273 3973 337 4032 capt
349 3962 467 4031 Babylon·
479 3972 497 4016 t.
507 3963 533 4015 ii.
549 3964 590 4015 fol.
603 3966 661 4016 298.

128 4056 171 4121 (2)
183 4052 347 4104 'oxonienses
358 4051 464 4102 fetentur
474 4050 613 4101 Ecclesiam
623 4050 698 4102 dubio
715 4051 773 4103 dare
783 4054 945 4116 occasionem,
953 4071 980 4106 se
996 4055 1147 4108 infallibilem
1155 4057 1222 4110 haud
1233 4076 1293 4127 pre·

93 4141 214 4202 dicand03
231 4148 256 4191 et
265 4139 352 4191 dicunt
362 4138 452 4189 mirum
463 4137 539 4189 videri
549 4153 601 4188 non
612 4137 698 4188 debere
709 4139 731 4190 si
741 4154 820 4190 errore
831 4141 960 4193 inficiatum
984 4149 999 4174 “
1008 4142 1065 4193 The
1073 4144 1180 4207 English
1190 4145 1292 4198 Church

93 4226 179 4289 taking
190 4241 223 4276 no
237 4212 299 4276 such
311 4223 371 4288 high
383 4222 479 4287 ground
495 4239 523 4272 as
533 4222 590 4283 this,
601 4223 717 4289 ereinly
730 4224 752 4275 is
763 4241 827 4291 open
838 4235 864 4277 to
875 4227 916 4278 the
928 4228 1001 4291 force,
1018 4229 1080 4280 such
1095 4247 1122 4280 as
1133 4232 1152 4281 it
1163 4231 1192 4292 is,
1209 4233 1238 4284 of
1249 4233 1293 4284 the

94 4312 223 4379 objection,
234 4326 262 4360 or
275 4311 314 4376 (as
325 4312 345 4362 it
355 4326 407 4360 was
415 4311 467 4377 just
483 4324 542 4360 now
550 4310 689 4375 expressed)
702 4326 736 4362 on
747 4311 789 4362 the
794 4311 960 4383 primufccie
970 4316 1033 4366 view
1045 4316 1074 4365 of
1082 4316 1123 4366 the
1134 4333 1189 4367 case
1207 4318 1229 4368 is
1245 4335 1292 4370 un·

94 4400 170 4465 likely
181 4408 207 4449 to
218 4398 280 4448 have
291 4397 417 4449 embraced
428 4397 470 4448 the
481 4396 561 4447 whole
572 4398 673 4447 counsel
684 4399 713 4447 oi
720 4397 788 4458 Gon,
799 4401 902 4452 hemum
911 4402 955 4453 she
971 4403 1030 4453 does
1037 4411 1082 4454 not
1093 4420 1190 4454 maome
1203 4406 1292 4456 infalli-

94 4487 179 4552 bilityt
197 4485 246 4536 and
257 4486 432 4551 consequently
440 4501 474 4535 no
483 4484 589 4550 surprise
596 4484 729 4535 ordistress
740 4486 828 4537 should
839 4489 870 4538 be
881 4489 924 4539 felt
934 4491 965 4555 by
978 4490 1022 4540 her
1032 4490 1122 4542 dutit‘ul
1133 4508 1191 4542 sons
1202 4492 1291 4544 should

94 4574 147 4626 that
157 4582 214 4625 turn
226 4580 270 4623 out
281 4581 306 4623 to
316 4574 346 4623 be
358 4573 399 4623 the
410 4575 465 4634 fact,
474 4572 556 4624 which
578 4573 622 4624 her
639 4589 696 4624 own
712 4574 851 4640 principles,
868 4575 958 4642 rightly
967 4577 1122 4641 understood,
1139 4581 1221 4632 would
1237 4582 1291 4632 lead

94 4659 163 4711 them
173 4667 199 4710 to
210 4655 366 4724 anticipste.”
400 4656 475 4709 Tract
486 4661 527 4708 71.
537 4659 585 4708 vol.
595 4658 631 4709 iii.
