2798 5092
120 363 178 421 844
601 360 826 422 urrunnu.

116 528 157 589 to,
170 538 222 579 seu
236 518 474 579 confederatione
488 519 570 579 factis
586 538 651 579 cnm
667 538 713 588 eo,
729 538 786 580 uon
800 528 950 597 expectata
963 519 1104 579 sententia
1117 516 1167 577 vel
1180 513 1311 576 mandato

110 616 217 694 judicis
231 617 478 694 cujuscumque.”¹

156 714 309 775 Matthaeus
331 715 461 786 Grabon,
474 734 512 776 ex
526 715 627 775 ordine
643 713 876 784 Praedicatorum,
894 715 923 774 in
946 715 1043 792 plures
1059 731 1172 773 errores
1185 710 1315 789 impegit,

117 812 313 889 impugnando
330 814 416 873 sitam
431 832 625 880 communem,
642 832 728 888 quam
750 813 893 891 degebant
912 812 1031 888 qnidam
1052 812 1133 872 nullo
1154 810 1317 889 Religionis

118 921 185 969 voto
199 910 332 969 adstricti.
373 916 412 969 25
427 912 503 971 illins
518 912 730 990 propositiones
746 910 892 970 damnatas
906 912 969 988 ipse
983 909 1134 987 abjuravit.

158 1007 260 1066 Petrus
285 1007 320 1067 de
345 1007 445 1077 Osma,
460 1009 631 1087 Theologiae
657 1010 687 1067 in
713 1010 781 1068 urbe
806 1009 1042 1067 salamanticensi
1069 1005 1225 1085 professor,
1242 1022 1317 1065 anuo

120 1107 207 1171 1479,
224 1103 349 1163 divinam
363 1105 555 1165 confessionis
575 1105 790 1165 sacramentalis
812 1105 1019 1163 institutionem
1040 1102 1166 1180 negavit,
1181 1102 1316 1174 aliosque

118 1202 307 1278 propugnavit
328 1219 450 1270 errores,
473 1221 545 1277 qnos
561 1213 627 1279 post
647 1202 819 1260 Toletanum
843 1200 1101 1278 archiepiscopum
1127 1198 1232 1257 Sixtus
1262 1195 1316 1256 IV.

119 1296 271 1356 damnavit.

160 1393 322 1453 Hermanno
337 1395 502 1462 Ruissrich,
517 1376 591 1454 anio
608 1399 695 1465 1499,
712 1395 816 1472 flagae,
829 1393 979 1452 Christum
995 1392 1122 1470 negarit,
1140 1401 1169 1450 et
1183 1391 1320 1469 Evange-

117 1493 188 1553 lium
203 1494 275 1552 iuter
295 1493 402 1551 fabulas
423 1494 585 1552 reconsuite
608 1495 731 1554 animam
746 1497 869 1552 asseruit
888 1506 953 1551 esse
977 1491 1148 1561 mortalem
1171 1490 1318 1550 infernum

118 1591 226 1651 nullum
242 1608 324 1659 esse;
341 1591 452 1664 aliaque
468 1590 553 1650 afide
570 1610 687 1668 prorsus
703 1592 795 1650 aliena
810 1590 917 1649 docuit.

590 1769 674 1829 XVI.
700 1771 839 1828 Smcuno.

160 1926 296 1995 Ferrarii,
312 1947 387 1987 anuo
404 1932 489 1991 1⁶01,
504 1928 532 1987 iu
548 1927 689 1986 Bohemia
702 1927 822 2005 grassati
836 1937 913 1995 snut,
928 1926 977 2001 qui
992 1935 1093 2006 praeter
1108 1944 1237 1987 erromm
1253 1944 1316 2005 por·

119 2037 205 2095 tenta,
220 2027 328 2085 scelera
341 2028 505 2104 turpissima
518 2028 546 2085 in
561 2026 646 2085 fossis
661 2038 689 2084 et
703 2027 849 2104 speluncis
866 2027 1021 2103 patrabant.

160 2124 316 2184 Martinus
331 2123 492 2192 Luthems,
508 2123 606 2182 Islebii
621 2126 649 2182 in
665 2124 802 2190 Saxonia,
820 2123 927 2200 plebeis
949 2122 1127 2198 parentibus,
1143 2139 1219 2181 anuo
1243 2124 1319 2179 1483

121 2232 214 2290 natus,
238 2221 367 2280 fulminis
392 2222 422 2279 iu
447 2220 574 2280 sodalem
601 2221 722 2280 immissi
746 2220 801 2278 ictu
825 2220 999 2297 perterritus,
1022 2228 1160 2276 “terrore
1180 2226 1211 2276 et
1230 2234 1322 2295 agone

121 2321 220 2381 mortis
236 2320 336 2378 subitae
350 2319 589 2386 circumvallatus,
605 2318 702 2378 emisit
722 2328 852 2377 coactum
873 2330 902 2375 ct
923 2318 1116 2376 necessarium
1138 2314 1269 2385 votum‚”
1290 2324 1323 2374 ut

120 2418 183 2495 ipse
196 2422 311 2484 narrat,¹
324 2428 352 2474 et
365 2417 394 2474 iu
406 2415 543 2475 Ordinem
556 2416 747 2475 Eremitarum
759 2416 791 2474 S.
804 2416 958 2493 Augustini
976 2416 1133 2493 ingressus,
1147 2413 1319 2493 Theologiae

122 2517 273 2577 Professor
287 2524 395 2571 creatus
412 2524 456 2570 est
476 2532 550 2572 anno
574 2518 660 2571 1598.
704 2517 799 2580 Quum
824 2514 887 2573 Leo
909 2514 948 2572 X.
971 2514 1003 2572 S.
1026 2514 1103 2573 Petri
1128 2513 1284 2593 templum,
1305 2532 1326 2571 a

122 2612 141 2672 J
143 2613 201 2673 ulio
215 2611 254 2670 11.
270 2609 444 2676 inchoatum,
458 2609 594 2686 perficere
610 2621 736 2687 cuperet,
749 2611 876 2670 fidelium
893 2630 945 2687 per
959 2602 1056 2670 o'rbem
1072 2609 1108 2669 ad
1123 2622 1234 2671 tantum
1248 2629 1323 2688 opus

122 2709 285 2788 largitiones
299 2706 460 2775 solicitant,
475 2706 630 2784 propositis
645 2707 730 2766 etiam
746 2706 941 2787 indulgentiis,
959 2709 994 2766 iis
1009 2709 1057 2783 qui
1073 2709 1123 2785 pio
1138 2710 1229 2768 animi
1244 2717 1324 2768 motu

123 2825 172 2867 eas
188 2805 409 2884 impertirentur.
452 2804 579 2872 ailberto,
595 2805 757 2864 Marchioni
781 2805 1040 2884 Brundeburgensi,
1060 2818 1089 2864 et
1102 2804 1324 2889 archiepiscopo

123 2903 307 2982 Moguntino,
333 2902 458 2980 injunxit
483 2901 621 2979 pontifex,
638 2913 670 2959 nr
694 2901 884 2981 indulgentias
912 2921 964 2981 per
985 2903 1171 2962 Germaniam
1195 2901 1322 2981 promul·

123 3014 211 3081 garet,
229 3004 278 3076 qni
293 3000 412 3060 loannis
426 2999 552 3058 Tetzelii
567 2998 686 3058 Ordinis
701 3000 921 3059 Praedicatorum
938 3000 1125 3068 Professoris,
1140 3012 1319 3061 caeteromm-

124 3120 180 3176 que
195 3101 270 3160 illius
284 3100 401 3160 Ordinis
417 3099 615 3159 Professomm
630 3119 718 3177 opera
733 3119 766 3157 ea
782 3101 809 3158 iu
825 3118 855 3158 re
869 3118 939 3157 usus
954 3110 1008 3158 est.
1050 3097 1084 3157 Id
1099 3099 1319 3177 Augustiniano·

123 3220 186 3261 rum
198 3201 339 3278 promovit
350 3199 496 3267 invidiam,
506 3198 555 3272 qui
566 3197 834 3267 Dominicanorum,
846 3209 876 3256 ut
885 3199 1005 3266 aiebant,
1019 3198 1124 3257 abusus
1136 3198 1319 3257 vehementer

124 3300 290 3378 redarguere
306 3300 433 3377 aggressi
448 3311 525 3367 suut,
541 3298 651 3357 favente
666 3298 817 3376 Staupitio,
834 3297 951 3356 Vicario
967 3296 1102 3355 Generali
1118 3297 1148 3356 iu
1164 3296 1319 3356 Germania

124 3396 240 3456 Ordinis
269 3397 470 3455 Eremit'arum.
511 3396 589 3455 Inter
622 3396 692 3455 alios
719 3396 861 3455 Lutherus
886 3394 1002 3472 scripsit
1032 3395 1183 3472 epistolam
1206 3394 1242 3454 ad
1271 3396 1317 3454 Ar·

125 3494 352 3572 chiepiscopum,
376 3513 449 3554 anuo
478 3498 564 3561 1517,
592 3512 715 3568 querens
737 3493 771 3551 de
796 3492 957 3552 immodicis
981 3485 1038 3551 illis
1060 3491 1193 3550 laudibus
1218 3492 1318 3566 quibus

125 3591 309 3652 Dominicani
334 3593 571 3671 indulgentiarum
594 3594 651 3651 vim
672 3591 773 3650 efferre
798 3592 973 3659 dicebantur,
988 3601 1018 3650 et
1037 3605 1136 3651 contra
1155 3610 1206 3650 eas
1228 3590 1318 3670 palum

125 3689 293 3749 debacchari
312 3691 407 3768 coepit.
448 3688 492 3748 Ad
515 3690 748 3767 justificationem
771 3688 978 3748 discutiendam
1000 3675 1180 3767 progressus,
1206 3688 1319 3748 camin

124 3787 311 3865 imputatione
325 3789 483 3846 extrinseca
493 3787 611 3864 justitiae
634 3787 754 3855 Christi,
776 3787 895 3864 speciali
919 3786 986 3848 fidei
1002 3787 1202 3867 apprehensas,
1218 3787 1319 3847 cousti-

123 3886 186 3953 tuit,
201 3894 498 3960 sacramentorumque
513 3886 696 3943 inhaerentem
721 3885 778 3943 vim
796 3885 956 3964 denegavit.
1000 3884 1099 3943 Venire
1121 3884 1318 3944 certitudinem

122 3983 317 4044 omnimodam
333 3983 429 4042 haberi
447 4002 543 4060 posse,
559 3984 629 4058 quin
650 3995 744 4042 tamen
767 3982 802 4042 de
828 3984 921 4042 cordis
946 3983 1113 4061 paenitentia
1137 3984 1209 4041 certi
1230 3982 1319 4041 simus

124 4082 254 4140 asseruit.
296 4080 341 4139 Ad
356 4080 464 4158 Papam
480 4080 579 4139 delatis
601 4081 664 4159 ejus
679 4081 831 4150 erroribus,
847 4100 878 4141 se
899 4081 1110 4160 paratissimum
1124 4078 1159 4138 ad
1174 4078 1319 4156 pontificia

125 4176 255 4236 mandata
269 4176 439 4254 excipienda
453 4177 607 4245 simulavit,
623 4176 770 4236 Christum
794 4179 824 4238 in
849 4197 895 4245 eo,
911 4187 943 4236 ut
964 4178 1065 4247 aiebat,
1090 4175 1251 4236 auditurus.
1293 4175 1320 4234 A

125 4272 223 4332 Leone
237 4277 276 4332 40
290 4275 352 4351 ejus
371 4293 479 4333 errores
496 4273 620 4333 damnati
635 4284 702 4332 suut
718 4264 752 4332 rs'
767 4274 848 4334 Juuii
874 4278 969 4343 15203
992 4272 1069 4348 quod
1083 4292 1149 4331 cum
1165 4272 1321 4352 accepisset

125 4369 278 4438 Luthems,
301 4371 477 4447 pontificium
494 4370 631 4448 diploma,
650 4390 783 4429 unacum
800 4370 879 4429 luris
900 4370 1041 4430 Canonici
1053 4369 1198 4447 Corpore,
1211 4368 1321 4449 publice

127 4464 341 4544 Wittembergae
354 4471 521 4538 combussit,
537 4474 573 4528 10
584 4468 751 4528 Decembris
767 4468 823 4538 die;
839 4469 998 4543 librumque
1013 4468 1129 4546 scripsit
1142 4476 1248 4528 contro
1261 4482 1319 4526 ess·

461 4685 504 4750 (1)
524 4683 591 4736 Vide
600 4686 677 4738 Cone.
688 4683 775 4736 Ooust
786 4684 964 4736 actasmr.
