2798 5092
88 341 129 399 db
364 334 422 399 DE
441 335 686 401 stabulone
708 338 1021 403 MINISTRORUM.

582 1050 723 1112 CAPUT
743 1049 811 1110 Vll.

286 1307 345 1359 DE
379 1306 1087 1361 ELECTIONE'MINIS'PRORUM.

134 1537 183 1592 78.
206 1535 392 1594 Melanchton
406 1535 557 1605 Ecclesiae,
573 1539 664 1615 eoetui.
673 1537 782 1597 scilicet
796 1538 966 1613 cuicumque
978 1535 1171 1615 profitentium
1190 1534 1289 1594 Evan-

92 1630 212 1707 galium,
225 1634 308 1710 juxta
322 1644 489 1692 novatorum
505 1634 617 1713 placita,
628 1635 677 1712 jus
693 1637 789 1695 tribuit
807 1655 876 1695 suos
890 1635 1015 1713 eligendi
1030 1634 1185 1701 ministros,
1201 1643 1230 1690 et
1243 1633 1287 1691 eis

90 1745 205 1787 omnem
221 1729 385 1788 conferendi
399 1730 434 1789 ad
448 1749 528 1812 sacra
541 1750 659 1791 munera
678 1732 809 1792 obeunda
829 1732 1046 1791 auctoritatem:
1069 1740 1089 1768 ‘⁶
1104 1730 1289 1805 Ubicumque

91 1835 135 1883 est
148 1825 293 1895 Ecclesia,
308 1828 348 1886 ibi
373 1838 417 1886 est
426 1829 476 1907 jus
490 1828 705 1889 administrandi
720 1830 883 1909 Evangelii.
925 1829 1020 1896 Quare
1034 1846 1153 1887 necesse
1167 1838 1213 1887 eet
1233 1828 1290 1888 llo·

90 1922 208 1984 clesiam
220 1925 342 1984 retinere
353 1925 402 2002 jus
417 1926 548 1994 vocandi,
564 1926 698 2004 eligendi,
714 1937 743 1985 et
756 1926 905 1987 ordinandi
918 1927 1074 1986 ministros.
1116 1924 1157 1983 Et
1170 1926 1226 1983 boc
1237 1924 1289 2001 joe

89 2032 135 2080 est
145 2021 253 2083 donum
267 2024 380 2105 proprie
395 2023 492 2083 datum
502 2024 654 2092 Ecclesiae,
669 2024 746 2099 quod
755 2025 832 2085 nulla
846 2026 971 2084 humana
982 2024 1132 2082 auctoritas
1144 2022 1288 2104 Ecclesiae

90 2121 200 2199 eripere
216 2120 356 2199 potest.”²
397 2121 536 2181 Calvinus
551 2122 696 2181 contendit
709 2123 809 2181 fideles
821 2123 944 2200 elegisse
955 2122 1101 2179 ministros
1113 2120 1173 2179 suis
1186 2117 1289 2178 suffra·

89 2220 145 2296 giis
159 2221 244 2278 etiam
266 2218 470 2297 Apostolorum
489 2229 590 2277 etate:
613 2220 730 2278 “refert
745 2221 823 2280 enim
837 2221 930 2279 Lucas
947 2219 1024 2298 (Act.
1042 2223 1088 2277 14.
1104 2215 1166 2295 23.)
1182 2218 1289 2278 consti·

89 2325 164 2374 tutos
179 2333 244 2374 esse
261 2333 311 2392 per
326 2313 462 2372 ecclesias
477 2315 658 2392 presbyteros
673 2336 690 2373 a
704 2315 795 2375 Paulo
809 2327 839 2374 et
851 2316 999 2375 Bernaba:
1023 2312 1075 2372 red
1088 2313 1227 2373 rationem
1242 2312 1289 2372 vel

91 2411 206 2470 modum
222 2410 308 2469 simul
323 2421 409 2478 notat,
424 2429 512 2484 quum
534 2411 603 2470 dicit
627 2411 731 2471 sactum
757 2411 786 2470 id
800 2432 865 2470 erse
879 2411 1043 2490 suffragiis:
1065 2407 1289 2480 χειροτονήσαντες,

92 2507 193 2579 inquit,
208 2507 382 2576 πρεσβντὲρονς
393 2503 452 2561 κατ’
464 2509 602 2576 sextarios.
642 2506 784 2566 Creabant
797 2527 865 2586 ergo
887 2509 944 2586 ipsi
958 2508 1033 2566 duo:
1055 2508 1106 2566 sed
1122 2520 1180 2567 tota
1194 2507 1289 2566 multi·

91 2605 169 2674 tudo,
184 2614 217 2664 ut
235 2624 298 2664 mos
314 2605 479 2664 Graecorunr
503 2606 531 2663 in
547 2606 732 2664 electionibus
753 2619 822 2675 erat,
838 2607 968 2666 manibus
989 2606 1107 2665 sublatis
1129 2605 1289 2665 declarabat

90 2721 175 2777 quarn
200 2705 303 2764 babere
326 2705 419 2765 vellet.
462 2705 578 2782 Nempe
601 2705 643 2763 sic
665 2704 789 2764 Romani
810 2704 939 2764 historici
963 2723 1022 2763 non
1042 2723 1103 2764 raro
1117 2705 1286 2778 loquuntur,

90 2804 248 2871 consulem,
264 2805 314 2878 qui
327 2804 442 2861 comitia
461 2803 600 2870 habuerit,
616 2822 729 2862 creasse
750 2822 841 2861 novos
863 2805 1054 2881 magistratus,
1070 2822 1128 2861 non
1150 2803 1235 2863 aliam
1250 2804 1288 2862 ob

89 2921 214 2970 eausam,
229 2902 366 2975 nisiquia
390 2901 525 2979 suffragia
549 2903 699 2978 receperit,
726 2911 755 2958 et
766 2900 903 2978 populum
930 2901 1093 2959 moderatus
1119 2900 1212 2959 sitin
1238 2900 1288 2960 eli·

91 2997 232 3077 gendo.’'⁸

129 3102 178 3158 79.
200 3097 319 3156 Sectarii
334 3097 390 3156 iere
402 3116 502 3157 omnes
515 3096 683 3157 Galviniana
695 3096 730 3155 de
742 3097 879 3156 electione
892 3097 1087 3156 ministrorum
1103 3105 1289 3173 propugnant

93 3197 204 3273 placita,
218 3196 373 3273 presertim
388 3196 418 3253 in
433 3195 477 3253 bis
493 3194 658 3270 provinciis,
674 3205 706 3251 ut
725 3195 887 3270 reipublicae
908 3194 1030 3255 formam
1046 3194 1131 3250 etiam
1146 3193 1176 3251 iu
1197 3193 1286 3251 rebus

89 3296 177 3353 sacris
191 3294 352 3353 exhibeant.
395 3291 453 3357 Qui
467 3289 543 3368 apud
565 3291 800 3368 Presbyterianos
825 3291 953 3350 seniores
975 3290 1114 3369 regimine
1135 3289 1288 3368 iungentes

90 3392 231 3460 dicuntur,
252 3389 351 3468 populi
366 3387 554 3465 praedicantur
575 3385 708 3464 delegati,
729 3397 873 3465 pastorum
896 3388 927 3445 in
952 3388 1091 3465 regimine
1113 3390 1289 3446 consortes.⁸

90 3487 244 3565 Eligantur
257 3487 364 3544 idcirco
378 3505 394 3544 a
407 3485 526 3543 coetibus
542 3484 645 3556 quibus
661 3484 834 3561 praeficiendi
849 3495 925 3552 sunt,
940 3503 997 3558 qua
1010 3482 1118 3543 ratione
1132 3494 1161 3542 et
1174 3483 1287 3543 diaconi

90 3604 174 3645 snum
189 3586 344 3644 sortiuntur
357 3585 506 3643 honorem.
539 3580 691 3640 Candidati
705 3581 778 3640 sacri
794 3581 944 3640 ministerii
958 3582 1101 3641 licentiam
1113 3580 1288 3658 praedicandi

90 3703 106 3740 a
130 3681 320 3759 presbyterio,
346 3693 435 3741 coetus
460 3679 570 3739 scilicet
594 3678 745 3756 cujuslibet
768 3679 935 3746 rectoribus,
956 3679 1109 3756 accipiunt,
1131 3682 1284 3758 praemisso

89 3783 233 3850 examine,
247 3779 298 3838 sed
312 3781 390 3839 nullo
411 3778 595 3838 ordinationis
610 3778 664 3835 ritu
679 3789 792 3855 peracto
803 3783 826 3846 3⁴
845 3791 874 3836 et
887 3776 922 3835 ad
944 3787 1057 3854 tempus
1072 3778 1282 3856 suscipiuntur,

90 3879 261 3956 tyrocinium
271 3876 357 3935 veluti
369 3888 517 3952 ponentes.
540 3873 698 3932 Licentiam
712 3884 827 3932 revocat
842 3872 1063 3950 presbyterium,
1073 3873 1100 3931 si
1110 3873 1283 3944 licentiatus,

125 4040 167 4106 (1)
187 4038 227 4089 De
236 4042 354 4102 potestate
364 4041 389 4086 et
399 4034 506 4100 primatu
517 4033 598 4099 Papa,
610 4031 676 4098 apud
687 4029 830 4082 Welcbium
848 4029 939 4082 Introd.
949 4030 966 4081 l.
976 4029 993 4081 i.
1004 4046 1026 4082 c.
1037 4048 1061 4081 v.
1074 4035 1097 4092 §.
1109 4030 1159 4082 xri.
1168 4047 1193 4098 p.
1208 4034 1270 4082 521.

266 4121 317 4172 .‘.
425 4153 431 4167 .
460 4122 484 4168 5.

125 4126 168 4275 gl
184 4122 309 4272 &beliab
314 4136 391 4258 eldelils
402 4120 564 4272 :relproperly
576 4204 617 4254 the
634 4201 833 4269 representativee
849 4202 879 4253 oi
891 4203 934 4254 the
950 4203 1046 4270 people,
1057 4202 1149 4254 cbosen
1165 4204 1198 4268 by
1216 4203 1285 4256 them

89 4298 126 4349 lor
137 4298 179 4349 the
190 4313 294 4363 purpose
305 4298 333 4347 os
345 4294 482 4357 exercising
492 4299 652 4356 gorernment
661 4292 710 4342 and
720 4290 856 4358 discipline,
866 4290 894 4342 in
905 4291 1066 4359 conjunctiora
1077 4291 1138 4343 with
1148 4298 1243 4358 pastore
1259 4308 1288 4343 er

90 4381 236 4434 ministers.”
270 4383 345 4432 Forrn
356 4382 385 4432 os
398 4381 568 4431 Gorernment
578 4378 618 4428 ch.
628 4395 653 4428 v.

126 4470 169 4536 (4)
188 4475 203 4500 “
213 4468 375 4532 Presbyteries
385 4467 447 4517 shall
458 4466 549 4516 license
559 4464 725 4529 probationem
735 4470 761 4512 to
778 4460 866 4528 preacb
878 4460 920 4512 the
931 4459 1032 4526 Gospcl,
1041 4459 1094 4512 tbat
1110 4459 1171 4512 after
1187 4475 1205 4511 a
1220 4476 1285 4512 com-

91 4562 174 4621 petent
184 4554 238 4606 trial
249 4555 278 4604 of
290 4553 353 4604 their
363 4555 459 4614 talenta,
470 4551 518 4603 end
529 4551 651 4613 receiving
662 4550 724 4600 from
736 4548 777 4598 the
788 4547 907 4598 churches
918 4563 933 4597 a
949 4546 1012 4608 good
1021 4552 1109 4612 repert,
1118 4544 1178 4611 they
1188 4561 1246 4611 may
1257 4546 1284 4597 in

89 4646 138 4697 dne
148 4641 207 4694 time
218 4641 301 4692 ordain
313 4639 380 4689 them
390 4647 416 4689 to
427 4639 469 4688 the
480 4637 563 4687 secred
574 4633 668 4702 cilice?
701 4633 795 4684 Ibidem
805 4633 844 4684 ch.
856 4633 907 4684 xiv.
916 4649 941 4684 n.
952 4632 969 4683 i.
