2798 5092
501 320 558 379 DE
579 319 880 379 SACRAMENTO.

491 660 691 716 outacrrorvirs
711 656 896 716 soavmviua.

131 943 181 997 20.
207 935 273 1016 Odj.
295 941 318 996 Ι.
343 935 559 995 Matrimonium
576 954 620 994 res
642 947 686 993 est
706 954 784 994 mere
804 935 952 1003 naturalis,
969 955 1056 1010 qoam
1071 936 1107 995 ad
1121 936 1297 995 sacramenti

95 1036 261 1113 dignitatem
278 1057 294 1093 a
309 1034 429 1093 Christo
444 1049 571 1090 evectam
587 1033 675 1090 tuisse
690 1033 769 1090 nullo
790 1036 946 1110 Scripturae
972 1036 1147 1103 testimonio,
1164 1035 1211 1093 vel
1233 1034 1304 1092 anti'·

92 1152 157 1206 quae
171 1132 312 1190 Ecclesiae
327 1145 404 1189 certo
419 1129 591 1187 documento
605 1139 726 1186 constat.

132 1228 221 1307 Resp.
245 1229 331 1286 Plura
350 1240 417 1284 suot
442 1228 597 1302 Scripturas
624 1228 787 1284 testimonia
809 1247 872 1302 quae
895 1226 1016 1285 suadent
1038 1225 1190 1286 Christum
1206 1231 1302 1305 gratia

93 1347 145 1386 sua
170 1327 263 1385 soedus
280 1324 489 1387 matrimoniale
510 1324 641 1382 sanxisse
657 1338 685 1382 et
707 1314 913 1384 sanctificasse.
956 1325 1075 1384 Adstitit
1090 1328 1152 1403 ipse
1169 1328 1303 1403 nuptiist

91 1424 239 1484 vinculum
254 1425 381 1501 conjugii
398 1421 475 1481 nulla
488 1422 596 1479 ratione
611 1422 780 1481 solvendum
796 1423 932 1492 decrevit,
943 1423 1013 1482 illud
1028 1422 1168 1482 divinitus
1180 1426 1302 1502 imposi-

91 1539 151 1582 tum
166 1522 332 1581 declarans:
356 1533 376 1558 ⁶⁸
389 1522 466 1595 quod
482 1519 563 1578 Deus
577 1521 737 1598 conjunxit,
760 1522 848 1580 horno
871 1542 930 1581 non
951 1522 1097 1600 separet.’'
1138 1525 1302 1600 Apostolus

91 1623 127 1679 de
143 1621 324 1679 matrimonio
341 1635 484 1693 tamquam
500 1618 534 1677 de
547 1619 731 1677 sanctissimo
743 1619 896 1687 soedere‚et
910 1621 1045 1696 symbolo
1056 1621 1183 1679 disserit.
1210 1623 1307 1680 Caete·

90 1739 154 1779 rum
173 1721 228 1777 etsi
251 1719 312 1776 haec
338 1719 441 1776 invicta
455 1737 513 1775 nnn
535 1718 691 1775 habeantur
706 1733 881 1794 argumenta,
899 1720 1022 1796 piurima
1037 1738 1101 1792 quae
1117 1720 1302 1779 laudavimus

94 1819 211 1878 Patrum
227 1830 354 1875 veterum
380 1817 597 1882 testimoniam
622 1829 760 1892 perpetua
781 1816 853 1874 fides
879 1831 907 1875 et
932 1819 1110 1877 consuetudo
1132 1818 1306 1879 Latinorum

91 1916 197 1993 pariter
224 1924 252 1972 et
281 1914 459 1980 Graecorum,
482 1915 602 1990 probant
623 1913 787 1970 Christiana
809 1914 862 1971 sub
891 1915 955 1991 lege
983 1914 1205 1974 Matrimonium
1236 1935 1305 1975 esse

91 2032 191 2071 verum
208 2012 436 2070 Sacramentum.

132 2116 183 2168 at.
209 2108 277 2189 Ooj.
293 2114 322 2167 2.
345 2108 390 2167 Ad
415 2107 628 2167 matrimonium
654 2109 795 2182 pertinent
817 2110 909 2185 plura,
933 2128 996 2183 quae
1018 2108 1053 2179 ad
1082 2109 1308 2172 Sacramentum

92 2209 235 2285 pertinere
250 2207 338 2284 pudet
358 2206 463 2262 dicere.

133 2304 223 2382 Reap.
246 2303 351 2361 Officia
372 2321 435 2374 qnae
457 2319 495 2358 ex
523 2299 705 2358 matrimonio
728 2303 789 2378 jam
813 2302 884 2360 inito
905 2300 1081 2370 derivantur,
1100 2304 1185 2381 juxta
1208 2320 1312 2366 sancta

92 2404 149 2463 Dei
185 2401 313 2459 instituta
346 2399 451 2456 nullam
488 2397 695 2474 turpitudinem
731 2403 902 2458 continent:
945 2401 1056 2477 ipsum·
1079 2412 1174 2461 autem
1211 2406 1311 2464 matri·

94 2501 224 2561 monium
247 2512 360 2557 constat
382 2515 479 2554 unuuo
501 2498 649 2569 utriusque
671 2499 865 2557 contrahentis
892 2519 1047 2567 consensu,
1078 2520 1135 2573 quo
1158 2501 1212 2560 rite
1235 2492 1313 2581 praess

94 2599 161 2657 stito
189 2595 341 2654 conficitur
373 2594 608 2652 Sacramentum:
641 2604 730 2653 “non
758 2598 836 2653 enim
865 2596 1012 2655 defloratio
1038 2597 1208 2674 virginitatis
1241 2602 1312 2662 lacit

92 2696 272 2772 conjugium,
288 2692 337 2750 sed
360 2695 455 2769 pactio
469 2691 666 2770 conjugalis?
681 2709 710 2750 ut
727 2693 811 2751 tradit
825 2695 1011 2753 Ambrosius
1015 2701 1026 2732 ¹

133 2801 182 2852 22.
209 2793 276 2872 ooj.
292 2798 321 2851 3.
345 2792 466 2851 Nullum
482 2802 526 2849 est
540 2793 729 2868 symbolum'
722 2813 752 2851 m
767 2795 952 2853 matrimonio
965 2815 981 2852 a
996 2794 1138 2853 Christo
1131 2797 1310 2868 institutum,

95 2912 183 2967 quum
199 2895 364 2970 conjugium
381 2894 415 2949 ab
427 2891 546 2948 exordio
558 2891 656 2948 mundi
673 2893 808 2951 extiterit.

134 2990 224 3069 Rerp.
248 2991 347 3067 ipsum
359 2989 452 3049 sindus
463 2989 624 3066 nuptiarum
641 2990 735 3048 extitit
750 2990 867 3064 quidem
883 2991 917 3047 ab
932 2990 1053 3050 exordio
1069 2990 1206 3060 mundis
1204 2994 1309 3073 uitque

95 3100 184 3168 typus
220 3089 432 3167 conjunctionis
469 3087 580 3145 Christi
616 3108 681 3146 cum
718 3089 870 3175 Ecclesiaf
907 3088 958 3146 sed
989 3090 1115 3167 mystica
1148 3092 1212 3168 ejus
1251 3095 1314 3172 sig.

96 3189 221 3249 nificatin
233 3207 289 3246 uon
305 3187 367 3253 suit,
394 3187 448 3243 nisi
471 3184 589 3241 Christo
611 3185 791 3252 adveniente,
807 3186 975 3244 solemniter
995 3202 1024 3244 et
1040 3188 1197 3264 perspicuo
1213 3192 1311 3268 expli·

96 3298 168 3345 cata.
211 3285 291 3344 Hine
305 3283 374 3341 illud
392 3283 526 3343 Christus
550 3283 711 3340 instituisse
732 3295 808 3340 recte
829 3282 942 3350 dicitur,
959 3286 995 3342 ob
1017 3285 1264 3362 significationem
1280 3305 1311 3348 et

98 3386 217 3462 gratiam
232 3384 260 3441 ei
275 3383 417 3440 tributam.
446 3381 551 3453 Extitit
560 3381 645 3456 juxta
655 3381 806 3456 plerosque
818 3381 867 3439 iris
880 3394 945 3439 ante
958 3381 1117 3441 diluvium:
1134 3402 1192 3441 non
1209 3397 1309 3446 tamen

99 3484 223 3541 innotuit
245 3492 389 3554 tamquam
404 3478 520 3556 signum
537 3478 650 3536 soederis
661 3478 737 3552 quod
751 3479 831 3537 Deus
847 3490 947 3555 postea
964 3482 1030 3540 cum
1044 3482 1210 3540 huminibus
1226 3474 1313 3544 iniit:

102 3597 275 3665 quapropter
295 3587 329 3643 de
351 3604 384 3645 ea
408 3596 551 3656 tamquam
576 3583 611 3640 de
632 3603 661 3640 re
684 3603 757 3641 nova
779 3583 905 3656 loquitur
925 3583 1029 3642 Dens:
1062 3595 1189 3644 “arcum
1214 3605 1316 3648 meum

103 3677 209 3764 ponam
236 3682 264 3738 in
291 3683 411 3739 nubibus
441 3681 516 3748 coeli,
543 3694 571 3738 et
598 3682 651 3738 erit
677 3682 791 3757 signum
807 3678 922 3737 foederis
949 3680 1023 3739 inter
1044 3699 1100 3748 me,
1118 3693 1147 3738 et
1171 3681 1317 3742 interter-

103 3780 209 3842 ram.'’⁹

143 3885 193 3938 23.
219 3874 284 3954 obj.
300 3881 328 3932 4.
372 3875 416 3932 De
433 3852 632 3952 tempure⁹quo
648 3874 781 3933 Christus
804 3874 1016 3934 matrimonium
1033 3874 1106 3931 intcr
1120 3874 1312 3937 Sacramenta

58 4023 61 4028 .
105 3975 249 4045 recensuit
264 3991 320 4029 uon
333 3983 463 4028 constatr
485 3965 525 4029 de¹
537 3972 661 4038 materia.
680 3972 778 4039 forma,
795 3987 823 4031 et
850 3972 971 4030 ministri
992 3968 1139 4047 disputant
1155 3973 1313 4034 vehemen-

107 4086 148 4133 ter
172 4070 327 4146 'I'heologi
370 4069 448 4146 Ergo
471 4070 539 4128 nihil
565 4082 673 4128 certum
699 4069 735 4128 de
760 4069 959 4130 sacramentali
982 4070 1045 4146 ejus
1061 4067 1201 4146 dignitate
1220 4076 1313 4135 asser-i

109 4183 211 4248 potest.

433 4468 435 4473 <
511 4442 550 4506 (l)
570 4440 599 4491 L.
611 4441 641 4490 de
653 4440 710 4490 inst.
722 4440 791 4503 Virg.
802 4457 823 4490 c.
835 4441 886 4490 viii.

512 4529 555 4594 (2)
575 4527 737 4578 Gen.ix.13.
