2812 5092
154 416 189 486 n
217 418 324 477 ,scm
357 446 366 461 ·
409 390 804 626 lssizffzmx'

95 587 164 628 suos
178 569 344 628 adhortatus
354 579 387 629 ut
406 568 436 627 in
456 567 504 646 spi
556 585 622 645 pos,
636 577 777 644 pastores,
792 567 948 627 monachos
969 570 1110 638 sevirent,
1128 589 1284 647 eommque

96 665 174 726 aedes
189 685 283 725 sacras
298 654 452 725 diruerent.
493 665 532 724 Ei
545 663 658 743 adjutor
671 664 793 724 accurit
813 664 945 724 Thomas
960 667 1142 737 Mnntzsrus,
1156 669 1289 728 sacerdos

96 765 266 824 catholicus
280 765 361 833 olim,
376 764 512 842 deinceps
526 763 718 829 Lutherunus,
739 763 790 837 qui
813 765 983 823 rusticorum
1009 767 1039 823 in
1056 766 1212 825 Germania
1230 767 1293 826 bct·

93 861 154 919 lum
170 861 324 938 plurimum
339 864 491 938 promovit,
506 858 628 934 ideoque
642 860 734 936 capite
749 860 852 936 plexus
866 872 920 929 est,
933 873 1084 938 postquam
1097 874 1189 921 tamen
1200 866 1291 940 preni-

95 958 214 1016 tentiam
238 959 385 1036 professus
411 966 576 1034 susceperat
599 966 784 1015 sacramenta.
825 958 911 1017 Anno
935 960 1011 1016 1534
1025 959 1181 1017 incivitate
1196 959 1302 1018 West.

99 1053 202 1130 phalire
217 1054 384 1131 Metropoli,
406 1054 542 1113 Miintzer
558 1052 643 1129 vulgo
663 1052 748 1119 dicta,
772 1051 900 1111 Joanues
925 1053 1071 1120 Matthias,
1087 1055 1178 1132 pistor
1191 1055 1292 1115 Harle-

97 1151 227 1218 micnsis,
242 1164 272 1211 et
284 1151 411 1210 loannes
426 1151 589 1215 Boethus.
599 1166 689 1213 sartor
700 1150 862 1218 Leidensb,
878 1149 1033 1210 seditiones
1048 1150 1198 1225 cedesque
1213 1154 1291 1211 cxci·

96 1259 200 1318 tarunt,
217 1246 309 1310 morte
319 1251 464 1311 autexilio
479 1253 645 1312 mulctantes
658 1252 831 1327 quicumque
842 1249 1129 1327 baptismnmiterum
1144 1252 1292 1328 suscipere

97 1346 215 1406 nollent.
249 1347 407 1422 liutherum
421 1350 486 1425 ipso
500 1349 632 1408 Romano
647 1347 787 1408 Pontifice
797 1346 966 1405 deteriorem
975 1346 1175 1404 inclamabant.
1208 1348 1292 1406 Priu-

97 1445 171 1520 cipis
188 1445 433 1514 Monastericnsis,
446 1447 496 1520 qui
510 1458 539 1504 et
549 1449 703 1523 episcopus
723 1454 794 1513 erat,
816 1444 1011 1502 auctoritatem
1026 1444 1162 1526 abrogare
1177 1462 1294 1521 aggres-

99 1560 161 1610 sus,
175 1543 293 1602 obsessa
306 1545 385 1611 urhe,¹
407 1545 437 1602 in
450 1545 599 1621 eruptione
616 1544 745 1602 loannes
767 1541 904 1601 Matthias
926 1541 1039 1600 occisus
1054 1552 1105 1599 est.
1150 1542 1293 1618 Regimen

98 1652 167 1700 tunc
190 1642 344 1716 capessivit
363 1643 490 1701 loannes
512 1642 739 1714 Boclrhold,›qui
754 1640 788 1698 ab
810 1639 985 1697 enthusiasta
1010 1640 1090 1698 labro
1116 1641 1228 1699 aurario
1242 1659 1293 1701 rex

99 1742 302 1809 conclamatus,
327 1751 346 1778 ‘·
359 1742 424 1800 Rex
434 1743 553 1820 justitiae
567 1742 651 1820 hujus
667 1740 785 1799 mundi”
801 1739 937 1816 appellari
952 1739 1124 1816 ipsevoluit.
1168 1740 1202 1800 Iu
1217 1741 1296 1800 adul·

99 1839 171 1896 torio
194 1837 399 1915 deprehensus,
426 1839 573 1898 sexdecim
594 1841 649 1897 sibi
672 1838 796 1916 sumpsit
815 1854 919 1896 uxores
936 1836 971 1895 ad
993 1837 1092 1914 flagitii
1107 1839 1293 1916 ignominiam
1332 1832 1340 1877 ’ί

99 1935 258 2004 velandam,
274 1956 305 1995 se
324 1937 421 1995 divino
441 1939 551 1996 monitu
573 1937 767 2013 polygamiam
789 1938 945 1995 instaurare
962 1935 1084 2012 jactans.
1129 1938 1294 2014 Precipuus
1309 1916 1347 2088 p}

100 2032 349 2110 Anabaptistarum
363 2053 440 2093 error
451 2035 600 2093 infantium
613 2035 763 2111 baptisma,
780 2035 857 2109 quod
868 2034 1028 2093 nullatenus
1040 2034 1134 2092 valere
1144 2033 1296 2093 contende·

100 2131 321 2210 bant‚respexit;
337 2133 387 2191 sed
402 2144 430 2192 et
439 2133 474 2191 de
486 2132 661 2210 polygamia,
668 2135 812 2211 juratione
824 2135 1062 2209 nunquamlicita,
1075 2134 1196 2206 aliisque
1207 2133 1294 2209 pluri·
1338 2130 1343 2191 ἓ

104 2233 323 2301 mis,errarunt.
364 2233 550 2310 Septuaginta
564 2251 661 2292 eorum
689 2244 774 2292 secte
803 2234 871 2293 olim
899 2232 1145 2297 enumerabantur,
1174 2247 1296 2304 quorum
1340 2194 1349 2305 l,
1378 2270 1385 2286 ,

100 2331 188 2406 aliqui
207 2333 441 2411 nuncupabantur
452 2330 656 2399 Melchiorita,
670 2330 860 2400 Mennonitae,
874 2329 1040 2390 Dauidioni
1050 2348 1100 2387 seu
1118 2327 1295 2406 Georgioni,
1343 2308 1351 2351 ⁸⁸·
1378 2363 1380 2366 -

101 2431 260 2493 Libertini.
301 2434 410 2492 Eorum
426 2434 554 2510 singulos
570 2450 678 2490 errores
694 2448 841 2489 recensere
857 2431 943 2488 nimis
957 2430 1075 2506 longum
1090 2441 1176 2486 esset.
1212 2427 1296 2485 Meu·
1364 2492 1366 2499 A

101 2529 206 2588 nonitae
220 2528 350 2587 hodierni
365 2529 394 2586 in
410 2528 624 2605 Pennsylvania
637 2527 780 2586 infusione
795 2526 944 2585 conferunt
956 2526 1141 2604 baptismum.

140 2626 301 2684 Baaursms
318 2635 381 2684 ante
397 2625 522 2684 medium
544 2608 683 2684 sacculum
703 2625 857 2701 septimum
872 2622 926 2681 orti
947 2627 1037 2682 sunt.¹
1077 2623 1297 2683 Immersionem

102 2723 193 2782 solam
208 2741 274 2780 esse
287 2722 408 2781 validam
424 2722 586 2800 baptizandi
602 2722 722 2780 formam
740 2720 924 2780 contendunt.
966 2721 999 2779 ln
1015 2721 1151 2799 plurimas
1166 2720 1299 2779 dividun-

103 2830 149 2880 tur
164 2832 267 2890 sectas,
282 2840 402 2896 quarum
424 2822 575 2898 precipuae
601 2829 668 2877 sunt
692 2818 841 2896 Baptistae
859 2818 1025 2886 Generales,
1045 2838 1096 2876 seu
1112 2818 1298 2888 Arminicni,

102 2920 186 2995 qui'a
200 2920 321 2994 quodam
338 2920 443 2986 Smith,
465 2919 535 2978 olim
557 2917 723 2995 Anglicane
745 2916 885 2975 Ecclesia
911 2917 1052 2984 ministro,
1068 2917 1173 2976 seculo
1194 2922 1228 2977 lr
1257 2918 1299 2976 in·

102 3029 198 3086 eunte,
207 3036 287 3075 suam
303 3018 459 3074 hauserunt
471 3014 639 3082 doctrinam,
653 3032 716 3087 quae
730 3013 892 3099 Pelagianis
906 3014 1049 3072 erroribus
1064 3013 1166 3073 iniecta
1183 3015 1296 3083 dicitur3

103 3127 132 3175 et
146 3114 294 3193 saptiam
310 3111 524 3181 Particulores,
549 3131 600 3170 seu
629 3109 810 3179 Calvinioni,
837 3111 886 3186 qui
902 3112 1158 3188 predestinationis
1173 3130 1297 3171 errorem
1393 3098 1397 3103 ¹

103 3214 139 3272 ab
151 3211 338 3271 heresiarcha
352 3212 474 3269 Calvino
489 3221 661 3268 mutuantur.
697 3211 771 3269 Sunt
785 3210 869 3269 etiam
886 3208 1149 3287 Baptiataeapertoe
1162 3209 1300 3269 Commu·

104 3309 205 3369 nionis
226 3309 310 3388 (open
327 3307 526 3367 Commnnion
547 3305 712 3384 Baptista)
728 3308 777 3381 qui
791 3308 966 3366 consortium
981 3306 1140 3384 Religionis
1157 3317 1184 3365 et
1199 3306 1302 3364 eucha-

107 3407 217 3468 ristiam
251 3408 384 3467 omnibus
412 3424 593 3480 quacumque
623 3405 732 3464 ratione
762 3406 923 3483 baptizatis,
952 3404 1116 3482 indulgent:
1138 3414 1167 3462 et
1193 3403 1303 3463 stricte

106 3503 327 3564 communionis
353 3501 441 3580 (close
456 3502 646 3562 communion
670 3501 820 3579 Baptista,
842 3503 928 3580 vulgo
949 3500 1040 3582 dicti)
1062 3503 1111 3576 qni
1133 3520 1183 3560 eos
1203 3519 1304 3560 mensa

105 3620 186 3660 sacra
219 3599 391 3659 interdicunt
428 3600 479 3674 qui
517 3600 645 3659 immersi
670 3619 727 3659 non
761 3600 875 3659 luerint.
918 3600 992 3659 Sunt
1026 3600 1111 3658 etiam
1154 3597 1302 3678 Baptista

111 3696 289 3766 Christiani,
305 3699 354 3772 qui
368 3699 552 3757 sectariorum
578 3698 695 3757 nomina
709 3697 881 3775 rejicientes,
901 3715 1001 3755 omnes
1023 3709 1114 3755 sectas
1136 3696 1303 3755 Christiano

106 3796 223 3855 nomine
251 3796 433 3874 appellandas
468 3797 577 3862 volunt,
613 3795 772 3869 eodemque
806 3795 861 3853 srui
896 3796 1059 3861 consortio;
1096 3795 1173 3869 quod
1207 3793 1302 3853 caeteri

105 3903 203 3957 tamen
227 3913 342 3972 prorsus
366 3904 539 3953 aversantur.
582 3893 723 3953 Nonnulli
748 3912 863 3952 ornnem
889 3893 956 3953 fidei
982 3893 1131 3953 formulam
1159 3893 1300 3971 rejiciunt,

107 3995 284 4071 Scripturam
300 3993 389 4051 solam
411 3991 621 4051 communionis
637 4001 772 4049 tesseram
796 3991 940 4059 habentes,
956 3990 1138 4052 Anti-Credo
1154 3991 1300 4070 Baptistae

109 4093 217 4152 idcirco
231 4092 299 4150 dicti
312 4111 320 4159 ς
343 4110 430 4165 quum
446 4090 493 4148 alii
511 4088 766 4168 Credo-Baptistae
778 4090 814 4148 ob
827 4089 963 4164 quasdam
980 4091 1046 4150 fidei
1058 4093 1192 4151 formulas
1208 4093 1304 4171 appel·

108 4192 211 4250 lentur.
254 4189 416 4249 Alexander
430 4187 617 4265 Campbellus
629 4187 748 4246 celebris
765 4187 792 4246 in
812 4186 943 4265 Virginis
959 4207 1062 4265 preco,
1078 4190 1126 4261 qui
1142 4190 1302 4250 versionem

111 4289 179 4348 novi
189 4288 367 4347 Testamenti
381 4287 535 4364 aGeorgio
545 4286 716 4363 Campbellc
728 4284 958 4362 Edemburgensi
970 4287 1165 4345 concinnatam
1181 4289 1208 4346 in
1222 4308 1305 4349 usum

112 4387 234 4447 deduxit
254 4406 337 4446 novae
365 4387 500 4445 divisioni
523 4386 641 4463 prebuit
662 4384 853 4444 occasionem.
895 4385 952 4453 Qui
977 4404 1010 4442 ea
1038 4396 1153 4445 utuntur
1177 4377 1307 4448 dicuntur

116 4483 325 4563 Compdellitoe.
367 4484 441 4542 Sunt
454 4483 539 4542 etiam
556 4484 604 4557 qui
615 4483 760 4542 sabbatum
781 4481 929 4561 judaicum
948 4496 1061 4542 servant
1082 4484 1309 4563 “Seranthday

112 4583 274 4662 Baptists,'’
292 4583 397 4641 idcirco
416 4582 494 4640 dicti.

1341 2022 1345 2037 Ι

1339 2098 1344 2111 Ι

395 4745 438 4813 (1)
458 4745 522 4799 Vide
531 4746 580 4799 rol.
590 4746 625 4800 iii.
634 4745 717 4799 'lhrct
728 4744 759 4799 dc
769 4744 843 4814 Brpt
853 4761 875 4799 c.
885 4744 944 4798 iia.
956 4745 997 4796 et.
