2812 5092
508 335 566 400 DE
588 333 862 398 EPISGOPATU.
1238 337 1277 393 ³5

80 493 166 554 unire
186 493 394 573 prepositi-oi
405 495 537 570 ηροςάντες
547 495 728 573 optumos
738 497 766 568 ἧς
776 501 817 555 νῦν
827 490 1040 572 epm—liquet
1053 509 1103 551 eos
1124 491 1274 563 aooeteris,

78 609 152 666 quos
166 592 310 670 regebant,
323 587 496 669 presbyteris
509 584 655 662 distingui.
677 585 787 646 Eorum
799 589 901 648 seriem
914 588 1019 650 idcirco
1029 593 1119 649 texuit
1129 589 1270 657 Irenaens‚

77 690 167 749 veluti
181 689 316 768 singulari
330 687 493 748 anctoritate
506 685 591 744 Petro
605 694 634 742 et
644 683 744 754 Panlo,
756 687 806 759 qui
818 686 980 749 Ecclesiam
992 689 1158 749 Romanurn
1173 686 1274 747 funda·

84 795 160 860 runt,
174 784 370 845 succedentes.

119 889 168 944 57.
193 880 259 962 ooj.
282 887 310 942 6.
333 882 532 956 Hieronymus
559 877 713 955 episcopos
736 898 752 936 a
777 882 951 960 presbyteris
977 881 1018 942 nil
1042 882 1160 942 differre
1189 882 1276 942 dicit:

79 979 193 1040 “Idem
206 991 251 1039 est
263 998 331 1058 ergo
346 979 495 1058 presbyter
508 975 557 1050 qui
572 987 600 1034 et
622 975 808 1052 episcopus.’'
832 1020 840 1037 .
864 1021 871 1038 .
895 1020 903 1037 .
925 979 1008 1039 Sicut
1021 998 1089 1058 ergo
1111 979 1275 1058 presbyteri

78 1081 175 1135 sciunt
188 1093 219 1133 se
233 1093 270 1133 ex
282 1074 424 1133 Ecclesiae
438 1070 654 1139 consuetudine,
669 1071 759 1146 siqui
774 1072 828 1132 sibi
843 1074 1012 1153 prepositus
1022 1075 1116 1143 fuerit,
1131 1093 1195 1134 esse
1211 1075 1278 1134 sub·

74 1174 187 1252 jectos3
208 1172 248 1230 ita
260 1170 390 1248 episcopi
413 1168 545 1227 noverint
564 1185 596 1225 se
619 1168 709 1245 magis
732 1170 947 1241 consuetudine,
962 1191 1047 1246 quarn
1070 1171 1271 1250 dispositionis

80 1268 242 1341 Dominicae
257 1267 384 1334 veritate,
400 1263 575 1342 presbyteris
589 1281 653 1321 esse
670 1264 841 1341 majores.”1

119 1363 210 1442 Κεφ.
232 1362 408 1440 Hieronymi
421 1361 593 1420 sententiam
614 1360 683 1419 alias
704 1362 964 1440 investigavimus.⁸
984 1365 1084 1425 Unum
1098 1365 1278 1425 antalternm

79 1464 143 1541 ejus
158 1460 351 1521 testimonium
375 1460 423 1519 hic
437 1458 540 1517 referre
561 1467 605 1515 sat
624 1458 687 1525 erit,
712 1459 741 1517 in
756 1478 814 1533 quo
834 1462 987 1539 episcopos
1008 1480 1073 1521 esse
1095 1463 1273 1540 presbyteris

78 1557 240 1635 superiores
255 1557 348 1635 palam
370 1555 513 1634 proedioat.
554 1554 700 1612 Adversus
721 1554 862 1615 loannem
886 1557 1187 1636 Hierosolymitanum
1208 1557 1277 1618 sori·

81 1658 162 1724 bens,
172 1673 237 1714 enm
247 1652 315 1712 dicit
325 1653 491 1731 naufragum
503 1653 532 1711 in
542 1659 635 1729 portu,
645 1670 679 1711 eo
691 1653 769 1726 quod
778 1653 855 1712 tollat
863 1654 1016 1716 discrimen
1025 1657 1196 1734 episcopum
1206 1657 1279 1716 inter

80 1763 111 1813 et
124 1753 323 1831 presbyterum
335 1771 343 1809 τ
367 1760 386 1787 ⁶·
396 1750 478 1809 Nihil
492 1749 618 1818 interest,
629 1749 735 1818 scribit,
751 1751 825 1809 inter
837 1753 1035 1829 presbyterum
1047 1765 1075 1812 et
1086 1755 1257 1831 episcopum
1268 1770 1277 1820 ;

80 1849 182 1910 eedem
195 1839 318 1928 dignitas
332 1848 479 1916 mittentis,
494 1858 523 1905 et
536 1847 633 1905 missi:
656 1847 711 1907 hoc
723 1849 792 1907 satis
807 1850 956 1927 imperite:
972 1851 1002 1910 in
1013 1858 1106 1929 portu,
1120 1866 1149 1910 ut
1160 1851 1287 1918 dicitur..

81 1945 302 2025 naufragium.’'⁸
341 1944 406 2003 Irno
420 1961 477 2002 non
491 1941 599 2001 dubitet
612 1941 723 2000 dicere:
747 1944 863 2021 “Apud
876 1964 929 2003 nos
951 1947 1154 2024 Apostolorum
1169 1948 1276 2014 locum,

82 2045 212 2123 episcopi
227 2042 371 2104 tenent.”⁴
411 2040 451 2100 Et
470 2040 560 2098 olias:
584 2040 697 2098 “Absit
708 2050 739 2099 ut
759 2041 854 2101 dehis
875 2043 1030 2118 quidquam
1044 2046 1152 2104 sinistri
1172 2045 1273 2118 loquar

82 2144 133 2218 qui
146 2144 314 2222 Apostolico
328 2139 426 2220 gradui
440 2137 625 2197 succedentes
648 2179 656 2196 .
680 2180 687 2196 .
711 2180 719 2197 .
742 2181 750 2198 .
772 2139 867 2201 claves
881 2143 962 2220 regni
975 2144 1111 2203 coelorum
1127 2143 1275 2209 habentes,

82 2242 295 2318 quodammodo
309 2252 373 2300 ante
388 2238 465 2297 diem
481 2236 584 2314 judicii
600 2236 777 2314 judicent.”⁵

352 2398 394 2463 (1)
415 2394 513 2445 comm.
524 2396 551 2445 in
562 2394 613 2445 Tit.
625 2411 646 2445 c.
657 2395 674 2445 i.
686 2398 710 2446 5.

354 2482 395 2550 (2)
415 2481 496 2532 'Pr-eet
507 2481 538 2532 de
549 2481 668 2543 Ecclesia,
679 2498 700 2532 c.
712 2496 753 2533 xv.
769 2485 817 2543 vol,
828 2484 844 2534 i.
856 2499 881 2550 p.
892 2485 950 2536 254.

351 2569 393 2634 (3)
413 2566 469 2617 Lib.
480 2568 535 2618 sdv.
543 2567 559 2617 J
560 2583 666 2619 oannem
677 2568 841 2634 Hierosolym.

350 2654 394 2719 (4)
415 2653 461 2717 Ep.
472 2653 515 2702 xli.
527 2652 557 2702 sd
572 2652 721 2704 Marcellam.

353 2740 395 2805 (5)
414 2738 463 2805 Ep.
474 2754 497 2789 r.
509 2739 568 2790 alins
582 2738 600 2789 i.
619 2798 621 2802 Ι
