<?xml version="1.0" encoding="UTF-8"?>
<!DOCTYPE html PUBLIC "-//W3C//DTD XHTML 1.0 Transitional//EN"
    "http://www.w3.org/TR/xhtml1/DTD/xhtml1-transitional.dtd">
<html xmlns="http://www.w3.org/1999/xhtml" xml:lang="en" lang="en">
 <head>
  <title>
</title>
<meta http-equiv="Content-Type" content="text/html;charset=utf-8" />
  <meta name='ocr-system' content='tesseract 3.04.00' />
  <meta name='ocr-capabilities' content='ocr_page ocr_carea ocr_par ocr_line ocrx_word'/>
</head>
<body>
  <div class='ocr_page' id='page_1' title='image "./theologidogmati02kenrgoog_0220.png"; bbox 0 0 2798 5092; ppageno 0'>
   <div class='ocr_carea' id='block_1_1' title="bbox 475 340 1286 409">
    <p class='ocr_par' dir='ltr' id='par_1_1' title="bbox 475 340 1286 409">
     <span class='ocr_line' id='line_1_1' title="bbox 475 340 1286 409; baseline 0.002 -3"><span class='ocrx_word' id='word_1_1' title='bbox 475 346 532 406; x_wconf 84' lang='lat' dir='ltr'>DE·</span> <span class='ocrx_word' id='word_1_2' title='bbox 552 346 742 406; x_wconf 63' lang='lat' dir='ltr'>wettinus</span> <span class='ocrx_word' id='word_1_3' title='bbox 757 340 918 407; x_wconf 73' lang='lat' dir='ltr'>-ouu‘l&#39;u,</span> <span class='ocrx_word' id='word_1_4' title='bbox 1227 354 1286 409; x_wconf 68' lang='lat' dir='ltr'>bl?</span> 
     </span>
    </p>
   </div>
   <div class='ocr_carea' id='block_1_2' title="bbox 92 505 1384 4173">
    <p class='ocr_par' dir='ltr' id='par_1_2' title="bbox 97 505 1384 1929">
     <span class='ocr_line' id='line_1_2' title="bbox 102 505 1285 584; baseline 0.002 -19"><span class='ocrx_word' id='word_1_5' title='bbox 102 506 129 565; x_wconf 79' lang='lat' dir='ltr'>S.</span> <span class='ocrx_word' id='word_1_6' title='bbox 146 505 304 584; x_wconf 79' lang='lat' dir='ltr'>Gregorius</span> <span class='ocrx_word' id='word_1_7' title='bbox 328 506 572 565; x_wconf 83' lang='lat' dir='ltr'>Neocoesariensis</span> <span class='ocrx_word' id='word_1_8' title='bbox 598 506 846 564; x_wconf 83' lang='lat' dir='ltr'>“convenientem</span> <span class='ocrx_word' id='word_1_9' title='bbox 868 507 975 565; x_wconf 91' lang='lat' dir='ltr'>cultum</span> <span class='ocrx_word' id='word_1_10' title='bbox 998 527 1030 566; x_wconf 87' lang='lat' dir='ltr'>ac</span> <span class='ocrx_word' id='word_1_11' title='bbox 1055 508 1285 567; x_wconf 68' lang='lat' dir='ltr'>venerationem*</span> 
     </span>
     <span class='ocr_line' id='line_1_3' title="bbox 99 600 1287 671; baseline 0.001 -11"><span class='ocrx_word' id='word_1_12' title='bbox 99 601 224 661; x_wconf 72' lang='lat' dir='ltr'><strong>adhiberi</strong></span> <span class='ocrx_word' id='word_1_13' title='bbox 241 602 340 660; x_wconf 75' lang='lat' dir='ltr'>Mariae</span> <span class='ocrx_word' id='word_1_14' title='bbox 355 601 448 660; x_wconf 88' lang='lat' dir='ltr'>docet.</span> <span class='ocrx_word' id='word_1_15' title='bbox 490 602 523 659; x_wconf 82' lang='lat' dir='ltr'>S.</span> <span class='ocrx_word' id='word_1_16' title='bbox 539 600 659 659; x_wconf 90' lang='lat' dir='ltr'>Proclns</span> <span class='ocrx_word' id='word_1_17' title='bbox 673 600 759 659; x_wconf 89' lang='lat' dir='ltr'>dicit:</span> <span class='ocrx_word' id='word_1_18' title='bbox 783 609 804 637; x_wconf 73' lang='lat'>‘⁶</span> <span class='ocrx_word' id='word_1_19' title='bbox 815 601 955 671; x_wconf 78' lang='lat' dir='ltr'>Adoratnr</span> <span class='ocrx_word' id='word_1_20' title='bbox 968 612 997 660; x_wconf 89' lang='lat' dir='ltr'>et</span> <span class='ocrx_word' id='word_1_21' title='bbox 1010 602 1105 661; x_wconf 89' lang='lat' dir='ltr'>Maria</span> <span class='ocrx_word' id='word_1_22' title='bbox 1125 646 1133 662; x_wconf 89' lang='lat'><strong>.</strong></span> <span class='ocrx_word' id='word_1_23' title='bbox 1156 644 1164 661; x_wconf 89' lang='lat'><strong>.</strong></span> <span class='ocrx_word' id='word_1_24' title='bbox 1187 645 1195 660; x_wconf 87' lang='lat'><strong>.</strong></span> <span class='ocrx_word' id='word_1_25' title='bbox 1219 615 1287 662; x_wconf 90' lang='lat' dir='ltr'>tam-</span> 
     </span>
     <span class='ocr_line' id='line_1_4' title="bbox 102 695 1335 772; baseline 0.001 -16"><span class='ocrx_word' id='word_1_26' title='bbox 102 714 183 772; x_wconf 86' lang='lat' dir='ltr'>quem</span> <span class='ocrx_word' id='word_1_27' title='bbox 197 715 261 770; x_wconf 80' lang='lat' dir='ltr'>quae</span> <span class='ocrx_word' id='word_1_28' title='bbox 276 697 378 764; x_wconf 86' lang='lat' dir='ltr'>Mater,</span> <span class='ocrx_word' id='word_1_29' title='bbox 392 695 561 771; x_wconf 85' lang='lat' dir='ltr'>aneillaque,</span> <span class='ocrx_word' id='word_1_30' title='bbox 573 705 602 754; x_wconf 89' lang='lat' dir='ltr'>et</span> <span class='ocrx_word' id='word_1_31' title='bbox 615 697 716 764; x_wconf 88' lang='lat' dir='ltr'>nubes,</span> <span class='ocrx_word' id='word_1_32' title='bbox 728 696 925 770; x_wconf 80' lang='lat' dir='ltr'><strong>thalamusque</strong></span> <span class='ocrx_word' id='word_1_33' title='bbox 939 716 972 756; x_wconf 90' lang='lat' dir='ltr'>ac</span> <span class='ocrx_word' id='word_1_34' title='bbox 982 717 1046 757; x_wconf 86' lang='lat' dir='ltr'>arca</span> <span class='ocrx_word' id='word_1_35' title='bbox 1057 698 1176 758; x_wconf 84' lang='lat' dir='ltr'>Domini</span> <span class='ocrx_word' id='word_1_36' title='bbox 1188 699 1289 758; x_wconf 83' lang='lat' dir='ltr'>effecta</span> <span class='ocrx_word' id='word_1_37' title='bbox 1333 750 1335 757; x_wconf 93' lang='lat'><em>.</em></span> 
     </span>
     <span class='ocr_line' id='line_1_5' title="bbox 97 793 1290 874; baseline 0.001 -20"><span class='ocrx_word' id='word_1_38' title='bbox 97 796 139 854; x_wconf 88' lang='lat' dir='ltr'>sit.</span> <span class='ocrx_word' id='word_1_39' title='bbox 182 794 295 858; x_wconf 65' lang='lat' dir='ltr'>Mateta</span> <span class='ocrx_word' id='word_1_40' title='bbox 311 811 376 851; x_wconf 92' lang='lat' dir='ltr'>eum</span> <span class='ocrx_word' id='word_1_41' title='bbox 391 811 515 867; x_wconf 89' lang='lat' dir='ltr'>namque</span> <span class='ocrx_word' id='word_1_42' title='bbox 529 794 640 870; x_wconf 81' lang='lat' dir='ltr'>peperit</span> <span class='ocrx_word' id='word_1_43' title='bbox 653 795 703 867; x_wconf 91' lang='lat' dir='ltr'>qui</span> <span class='ocrx_word' id='word_1_44' title='bbox 718 793 808 852; x_wconf 90' lang='lat' dir='ltr'>voluit</span> <span class='ocrx_word' id='word_1_45' title='bbox 819 795 908 852; x_wconf 86' lang='lat' dir='ltr'>nasci.</span> <span class='ocrx_word' id='word_1_46' title='bbox 937 794 1069 863; x_wconf 77' lang='lat' dir='ltr'>Ancilla;</span> <span class='ocrx_word' id='word_1_47' title='bbox 1084 799 1192 874; x_wconf 82' lang='lat' dir='ltr'>quippe</span> <span class='ocrx_word' id='word_1_48' title='bbox 1207 810 1290 855; x_wconf 87' lang='lat' dir='ltr'>natu·</span> 
     </span>
     <span class='ocr_line' id='line_1_6' title="bbox 97 889 1286 970; baseline 0.001 -21"><span class='ocrx_word' id='word_1_49' title='bbox 97 910 153 959; x_wconf 82' lang='lat' dir='ltr'>mm</span> <span class='ocrx_word' id='word_1_50' title='bbox 180 890 331 958; x_wconf 85' lang='lat' dir='ltr'>confiteor,</span> <span class='ocrx_word' id='word_1_51' title='bbox 354 900 383 961; x_wconf 83' lang='lat' dir='ltr'>qt</span> <span class='ocrx_word' id='word_1_52' title='bbox 405 889 530 967; x_wconf 76' lang='lat' dir='ltr'>predico</span> <span class='ocrx_word' id='word_1_53' title='bbox 554 890 683 968; x_wconf 77' lang='lat' dir='ltr'>gratiam.</span> <span class='ocrx_word' id='word_1_54' title='bbox 726 890 850 959; x_wconf 73' lang='lat' dir='ltr'>Nubes,</span> <span class='ocrx_word' id='word_1_55' title='bbox 870 891 1002 968; x_wconf 78' lang='lat' dir='ltr'>concepit</span> <span class='ocrx_word' id='word_1_56' title='bbox 1024 892 1102 951; x_wconf 89' lang='lat' dir='ltr'>enim</span> <span class='ocrx_word' id='word_1_57' title='bbox 1122 890 1158 955; x_wconf 81' lang='lat' dir='ltr'>de</span> <span class='ocrx_word' id='word_1_58' title='bbox 1179 893 1286 970; x_wconf 82' lang='lat' dir='ltr'>Spiritu</span> 
     </span>
     <span class='ocr_line' id='line_1_7' title="bbox 100 986 1344 1069; baseline 0.002 -22"><span class='ocrx_word' id='word_1_59' title='bbox 100 990 216 1069; x_wconf 79' lang='lat' dir='ltr'>Sancto,</span> <span class='ocrx_word' id='word_1_60' title='bbox 231 1006 317 1061; x_wconf 90' lang='lat' dir='ltr'>quem</span> <span class='ocrx_word' id='word_1_61' title='bbox 332 986 421 1046; x_wconf 84' lang='lat' dir='ltr'>illesa</span> <span class='ocrx_word' id='word_1_62' title='bbox 434 988 593 1065; x_wconf 86' lang='lat' dir='ltr'>integritate</span> <span class='ocrx_word' id='word_1_63' title='bbox 619 987 739 1065; x_wconf 76' lang='lat' dir='ltr'>peperit.</span> <span class='ocrx_word' id='word_1_64' title='bbox 781 987 963 1060; x_wconf 70' lang='lat' dir='ltr'>Thalamuat</span> <span class='ocrx_word' id='word_1_65' title='bbox 982 990 1012 1048; x_wconf 92' lang='lat' dir='ltr'>in</span> <span class='ocrx_word' id='word_1_66' title='bbox 1025 1007 1062 1053; x_wconf 87' lang='lat' dir='ltr'>ea</span> <span class='ocrx_word' id='word_1_67' title='bbox 1081 990 1158 1053; x_wconf 86' lang='lat' dir='ltr'>enim</span> <span class='ocrx_word' id='word_1_68' title='bbox 1173 1000 1204 1055; x_wconf 85' lang='lat' dir='ltr'>ut</span> <span class='ocrx_word' id='word_1_69' title='bbox 1217 1008 1288 1066; x_wconf 89' lang='lat' dir='ltr'>nup·</span> <span class='ocrx_word' id='word_1_70' title='bbox 1341 1002 1344 1009; x_wconf 86' lang='lat'>&#39;</span> 
     </span>
     <span class='ocr_line' id='line_1_8' title="bbox 99 1083 1352 1165; baseline 0.003 -22"><span class='ocrx_word' id='word_1_71' title='bbox 99 1085 156 1147; x_wconf 82' lang='lat' dir='ltr'>tiali</span> <span class='ocrx_word' id='word_1_72' title='bbox 171 1085 298 1153; x_wconf 87' lang='lat' dir='ltr'>thalamo</span> <span class='ocrx_word' id='word_1_73' title='bbox 312 1084 392 1143; x_wconf 85' lang='lat' dir='ltr'>Deus</span> <span class='ocrx_word' id='word_1_74' title='bbox 407 1083 535 1143; x_wconf 85' lang='lat' dir='ltr'>Verbum</span> <span class='ocrx_word' id='word_1_75' title='bbox 557 1084 701 1149; x_wconf 82' lang='lat' dir='ltr'>habitarit.</span> <span class='ocrx_word' id='word_1_76' title='bbox 742 1085 838 1154; x_wconf 72' lang='lat' dir='ltr'>Arca,</span> <span class='ocrx_word' id='word_1_77' title='bbox 859 1104 917 1147; x_wconf 89' lang='lat' dir='ltr'>nou</span> <span class='ocrx_word' id='word_1_78' title='bbox 931 1104 995 1160; x_wconf 81' lang='lat' dir='ltr'>qun</span> <span class='ocrx_word' id='word_1_79' title='bbox 1016 1085 1109 1165; x_wconf 75' lang='lat' dir='ltr'>legem</span> <span class='ocrx_word' id='word_1_80' title='bbox 1124 1087 1287 1164; x_wconf 82' lang='lat' dir='ltr'>portaverit,</span> <span class='ocrx_word' id='word_1_81' title='bbox 1349 1124 1352 1131; x_wconf 90' lang='lat'>·</span> 
     </span>
     <span class='ocr_line' id='line_1_9' title="bbox 97 1180 1288 1261; baseline -0.001 -19"><span class='ocrx_word' id='word_1_82' title='bbox 97 1182 142 1243; x_wconf 87' lang='lat' dir='ltr'>sed</span> <span class='ocrx_word' id='word_1_83' title='bbox 156 1200 224 1257; x_wconf 75' lang='lat' dir='ltr'>qne</span> <span class='ocrx_word' id='word_1_84' title='bbox 236 1182 442 1259; x_wconf 85' lang='lat' dir='ltr'>Legislatorem</span> <span class='ocrx_word' id='word_1_85' title='bbox 457 1180 645 1258; x_wconf 87' lang='lat' dir='ltr'>pepererit.”¹</span> <span class='ocrx_word' id='word_1_86' title='bbox 681 1180 830 1251; x_wconf 66' lang='lat' dir='ltr'>mondus,</span> <span class='ocrx_word' id='word_1_87' title='bbox 839 1183 994 1260; x_wconf 85' lang='lat' dir='ltr'>episcopus</span> <span class='ocrx_word' id='word_1_88' title='bbox 1004 1183 1169 1261; x_wconf 88' lang='lat' dir='ltr'>Neapoleos</span> <span class='ocrx_word' id='word_1_89' title='bbox 1182 1182 1288 1260; x_wconf 79' lang='lat' dir='ltr'>Cypri,</span> 
     </span>
     <span class='ocr_line' id='line_1_10' title="bbox 98 1277 1290 1348; baseline 0 -10"><span class='ocrx_word' id='word_1_90' title='bbox 98 1280 124 1338; x_wconf 91' lang='lat' dir='ltr'>io</span> <span class='ocrx_word' id='word_1_91' title='bbox 149 1296 284 1338; x_wconf 77' lang='lat' dir='ltr'>sermone</span> <span class='ocrx_word' id='word_1_92' title='bbox 308 1277 422 1337; x_wconf 88' lang='lat' dir='ltr'>laudato</span> <span class='ocrx_word' id='word_1_93' title='bbox 436 1279 465 1335; x_wconf 92' lang='lat' dir='ltr'>in</span> <span class='ocrx_word' id='word_1_94' title='bbox 485 1277 553 1335; x_wconf 90' lang='lat' dir='ltr'>Vll.</span> <span class='ocrx_word' id='word_1_95' title='bbox 571 1277 694 1336; x_wconf 91' lang='lat' dir='ltr'>concilio</span> <span class='ocrx_word' id='word_1_96' title='bbox 714 1278 917 1348; x_wconf 90' lang='lat' dir='ltr'>OEcumenico,</span> <span class='ocrx_word' id='word_1_97' title='bbox 938 1279 1026 1338; x_wconf 88' lang='lat' dir='ltr'>dicit:</span> <span class='ocrx_word' id='word_1_98' title='bbox 1059 1280 1149 1347; x_wconf 86' lang='lat' dir='ltr'>“Qui</span> <span class='ocrx_word' id='word_1_99' title='bbox 1170 1280 1290 1341; x_wconf 75' lang='lat' dir='ltr'>honoret</span> 
     </span>
     <span class='ocr_line' id='line_1_11' title="bbox 99 1373 1290 1454; baseline 0.002 -20"><span class='ocrx_word' id='word_1_100' title='bbox 99 1388 263 1452; x_wconf 84' lang='lat' dir='ltr'>martyrem,</span> <span class='ocrx_word' id='word_1_101' title='bbox 277 1373 373 1432; x_wconf 92' lang='lat' dir='ltr'>Deum</span> <span class='ocrx_word' id='word_1_102' title='bbox 397 1375 534 1432; x_wconf 89' lang='lat' dir='ltr'>honorat:</span> <span class='ocrx_word' id='word_1_103' title='bbox 557 1374 649 1447; x_wconf 91' lang='lat' dir='ltr'>etqui</span> <span class='ocrx_word' id='word_1_104' title='bbox 663 1374 786 1449; x_wconf 83' lang='lat' dir='ltr'>Matrem</span> <span class='ocrx_word' id='word_1_105' title='bbox 811 1375 874 1452; x_wconf 88' lang='lat' dir='ltr'>ejus</span> <span class='ocrx_word' id='word_1_106' title='bbox 895 1374 1001 1444; x_wconf 89' lang='lat' dir='ltr'>adorat,</span> <span class='ocrx_word' id='word_1_107' title='bbox 1017 1378 1080 1454; x_wconf 84' lang='lat' dir='ltr'>ipse</span> <span class='ocrx_word' id='word_1_108' title='bbox 1101 1377 1290 1436; x_wconf 88' lang='lat' dir='ltr'>honorificen-</span> 
     </span>
     <span class='ocr_line' id='line_1_12' title="bbox 99 1471 1340 1550; baseline 0.002 -18"><span class='ocrx_word' id='word_1_109' title='bbox 99 1473 162 1533; x_wconf 87' lang='lat' dir='ltr'>tiam</span> <span class='ocrx_word' id='word_1_110' title='bbox 176 1471 343 1531; x_wconf 76' lang='lat' dir='ltr'>exhibet.’&#39;⁸</span> <span class='ocrx_word' id='word_1_111' title='bbox 383 1471 467 1539; x_wconf 86' lang='lat' dir='ltr'>Quod</span> <span class='ocrx_word' id='word_1_112' title='bbox 482 1483 577 1532; x_wconf 87' lang='lat' dir='ltr'>autem</span> <span class='ocrx_word' id='word_1_113' title='bbox 592 1484 676 1550; x_wconf 78' lang='lat' dir='ltr'>neget</span> <span class='ocrx_word' id='word_1_114' title='bbox 700 1472 883 1550; x_wconf 82' lang='lat' dir='ltr'>Epiphanius</span> <span class='ocrx_word' id='word_1_115' title='bbox 906 1474 1029 1535; x_wconf 84' lang='lat' dir='ltr'>Mariam</span> <span class='ocrx_word' id='word_1_116' title='bbox 1050 1474 1232 1544; x_wconf 85' lang='lat' dir='ltr'>adorandam,</span> <span class='ocrx_word' id='word_1_117' title='bbox 1248 1476 1289 1535; x_wconf 92' lang='lat' dir='ltr'>in·</span> <span class='ocrx_word' id='word_1_118' title='bbox 1338 1476 1340 1481; x_wconf 82' lang='lat'>&#39;</span> 
     </span>
     <span class='ocr_line' id='line_1_13' title="bbox 100 1568 1290 1648; baseline 0.003 -20"><span class='ocrx_word' id='word_1_119' title='bbox 100 1569 282 1647; x_wconf 84' lang='lat' dir='ltr'>telligendum</span> <span class='ocrx_word' id='word_1_120' title='bbox 298 1580 342 1627; x_wconf 88' lang='lat' dir='ltr'>est</span> <span class='ocrx_word' id='word_1_121' title='bbox 354 1569 390 1626; x_wconf 91' lang='lat' dir='ltr'>de</span> <span class='ocrx_word' id='word_1_122' title='bbox 404 1587 540 1646; x_wconf 86' lang='lat' dir='ltr'>supremo</span> <span class='ocrx_word' id='word_1_123' title='bbox 554 1568 642 1636; x_wconf 88' lang='lat' dir='ltr'>cultu,</span> <span class='ocrx_word' id='word_1_124' title='bbox 658 1569 770 1643; x_wconf 88' lang='lat' dir='ltr'>qualem</span> <span class='ocrx_word' id='word_1_125' title='bbox 791 1569 930 1648; x_wconf 76' lang='lat' dir='ltr'>collyride</span> <span class='ocrx_word' id='word_1_126' title='bbox 951 1572 981 1630; x_wconf 91' lang='lat' dir='ltr'>in</span> <span class='ocrx_word' id='word_1_127' title='bbox 1001 1573 1172 1632; x_wconf 85' lang='lat' dir='ltr'>sacrificium</span> <span class='ocrx_word' id='word_1_128' title='bbox 1194 1574 1290 1632; x_wconf 88' lang='lat' dir='ltr'>oblata</span> 
     </span>
     <span class='ocr_line' id='line_1_14' title="bbox 100 1658 1384 1744; baseline 0.005 -20"><span class='ocrx_word' id='word_1_129' title='bbox 100 1658 267 1744; x_wconf 70' lang='lat' dir='ltr'>prestabant</span> <span class='ocrx_word' id='word_1_130' title='bbox 280 1664 481 1742; x_wconf 81' lang='lat' dir='ltr'>Collyridiani.</span> <span class='ocrx_word' id='word_1_131' title='bbox 511 1665 629 1744; x_wconf 91' lang='lat' dir='ltr'>Optime</span> <span class='ocrx_word' id='word_1_132' title='bbox 640 1665 672 1724; x_wconf 83' lang='lat' dir='ltr'>S.</span> <span class='ocrx_word' id='word_1_133' title='bbox 684 1665 812 1725; x_wconf 82' lang='lat' dir='ltr'>loannes</span> <span class='ocrx_word' id='word_1_134' title='bbox 829 1666 1025 1727; x_wconf 85' lang='lat' dir='ltr'>Damascenua</span> <span class='ocrx_word' id='word_1_135' title='bbox 1039 1670 1135 1730; x_wconf 85' lang='lat' dir='ltr'>docet:</span> <span class='ocrx_word' id='word_1_136' title='bbox 1157 1680 1177 1708; x_wconf 77' lang='lat'>‘⁶</span> <span class='ocrx_word' id='word_1_137' title='bbox 1188 1670 1290 1731; x_wconf 81' lang='lat' dir='ltr'>Solum</span> <span class='ocrx_word' id='word_1_138' title='bbox 1382 1734 1384 1739; x_wconf 65' lang='grc'>,</span> 
     </span>
     <span class='ocr_line' id='line_1_15' title="bbox 101 1748 1384 1840; baseline 0.004 -17"><span class='ocrx_word' id='word_1_139' title='bbox 101 1781 189 1823; x_wconf 89' lang='lat' dir='ltr'>rerum</span> <span class='ocrx_word' id='word_1_140' title='bbox 204 1764 335 1823; x_wconf 91' lang='lat' dir='ltr'>omnium</span> <span class='ocrx_word' id='word_1_141' title='bbox 350 1765 564 1822; x_wconf 86' lang='lat' dir='ltr'>Procreatorem</span> <span class='ocrx_word' id='word_1_142' title='bbox 581 1774 609 1822; x_wconf 90' lang='lat' dir='ltr'>et</span> <span class='ocrx_word' id='word_1_143' title='bbox 623 1762 766 1840; x_wconf 87' lang='lat' dir='ltr'>Opificem</span> <span class='ocrx_word' id='word_1_144' title='bbox 787 1764 949 1833; x_wconf 85' lang='lat' dir='ltr'>adoremus,</span> <span class='ocrx_word' id='word_1_145' title='bbox 963 1777 992 1824; x_wconf 87' lang='lat' dir='ltr'>et</span> <span class='ocrx_word' id='word_1_146' title='bbox 1005 1767 1094 1828; x_wconf 79' lang='lat' dir='ltr'>latriae</span> <span class='ocrx_word' id='word_1_147' title='bbox 1115 1768 1191 1827; x_wconf 90' lang='lat' dir='ltr'>cultu</span> <span class='ocrx_word' id='word_1_148' title='bbox 1207 1788 1291 1828; x_wconf 87' lang='lat' dir='ltr'>venc-</span> <span class='ocrx_word' id='word_1_149' title='bbox 1381 1748 1384 1753; x_wconf 28' lang='grc' dir='ltr'>Ι</span> 
     </span>
     <span class='ocr_line' id='line_1_16' title="bbox 102 1859 1290 1929; baseline 0.003 -9"><span class='ocrx_word' id='word_1_150' title='bbox 102 1880 200 1929; x_wconf 86' lang='lat' dir='ltr'>remur,</span> <span class='ocrx_word' id='word_1_151' title='bbox 218 1872 249 1920; x_wconf 91' lang='lat' dir='ltr'>ut</span> <span class='ocrx_word' id='word_1_152' title='bbox 262 1861 357 1920; x_wconf 91' lang='lat' dir='ltr'>Deum</span> <span class='ocrx_word' id='word_1_153' title='bbox 372 1874 471 1919; x_wconf 85' lang='lat' dir='ltr'>natura</span> <span class='ocrx_word' id='word_1_154' title='bbox 484 1859 668 1919; x_wconf 88' lang='lat' dir='ltr'>adorandum.</span> <span class='ocrx_word' id='word_1_155' title='bbox 709 1860 870 1919; x_wconf 78' lang='lat' dir='ltr'>Adoremus</span> <span class='ocrx_word' id='word_1_156' title='bbox 885 1874 913 1920; x_wconf 88' lang='lat' dir='ltr'>et</span> <span class='ocrx_word' id='word_1_157' title='bbox 933 1862 1067 1923; x_wconf 85' lang='lat' dir='ltr'>Sanctam</span> <span class='ocrx_word' id='word_1_158' title='bbox 1090 1865 1145 1923; x_wconf 91' lang='lat' dir='ltr'>Dei</span> <span class='ocrx_word' id='word_1_159' title='bbox 1162 1865 1290 1924; x_wconf 84' lang='lat' dir='ltr'>Genitri·</span> 
     </span>
    </p>

    <p class='ocr_par' dir='ltr' id='par_1_3' title="bbox 104 1956 1284 2037">
     <span class='ocr_line' id='line_1_17' title="bbox 104 1956 1284 2037; baseline 0.001 -19"><span class='ocrx_word' id='word_1_160' title='bbox 104 1976 168 2028; x_wconf 88' lang='lat' dir='ltr'>cem,</span> <span class='ocrx_word' id='word_1_161' title='bbox 185 1978 244 2018; x_wconf 89' lang='lat' dir='ltr'>non</span> <span class='ocrx_word' id='word_1_162' title='bbox 259 1970 401 2033; x_wconf 81' lang='lat' dir='ltr'>tamquam</span> <span class='ocrx_word' id='word_1_163' title='bbox 418 1958 523 2021; x_wconf 83' lang='lat' dir='ltr'>Deum,</span> <span class='ocrx_word' id='word_1_164' title='bbox 538 1957 589 2015; x_wconf 90' lang='lat' dir='ltr'>sed</span> <span class='ocrx_word' id='word_1_165' title='bbox 606 1965 635 2015; x_wconf 91' lang='lat' dir='ltr'>ut</span> <span class='ocrx_word' id='word_1_166' title='bbox 656 1956 713 2015; x_wconf 89' lang='lat' dir='ltr'>Dei</span> <span class='ocrx_word' id='word_1_167' title='bbox 736 1957 859 2015; x_wconf 90' lang='lat' dir='ltr'>Matrem</span> <span class='ocrx_word' id='word_1_168' title='bbox 873 1970 1010 2030; x_wconf 90' lang='lat' dir='ltr'>quantum</span> <span class='ocrx_word' id='word_1_169' title='bbox 1034 1962 1156 2037; x_wconf 86' lang='lat' dir='ltr'>pertinet</span> <span class='ocrx_word' id='word_1_170' title='bbox 1171 1960 1206 2019; x_wconf 92' lang='lat' dir='ltr'>ad</span> <span class='ocrx_word' id='word_1_171' title='bbox 1233 1962 1284 2019; x_wconf 89' lang='lat' dir='ltr'>hu·</span> 
     </span>
    </p>

    <p class='ocr_par' dir='ltr' id='par_1_4' title="bbox 105 2054 311 2117">
     <span class='ocr_line' id='line_1_18' title="bbox 105 2054 311 2117; baseline -0.015 0"><span class='ocrx_word' id='word_1_172' title='bbox 105 2054 311 2117; x_wconf 85' lang='lat' dir='ltr'>manitatem.”⁸</span> 
     </span>
    </p>

    <p class='ocr_par' dir='ltr' id='par_1_5' title="bbox 101 2149 1290 2617">
     <span class='ocr_line' id='line_1_19' title="bbox 139 2149 1290 2231; baseline 0.001 -19"><span class='ocrx_word' id='word_1_173' title='bbox 139 2158 206 2212; x_wconf 79' lang='lat'>102.</span> <span class='ocrx_word' id='word_1_174' title='bbox 233 2150 301 2231; x_wconf 78' lang='lat' dir='ltr'>obj.</span> <span class='ocrx_word' id='word_1_175' title='bbox 313 2156 341 2210; x_wconf 83' lang='lat'>3.</span> <span class='ocrx_word' id='word_1_176' title='bbox 364 2152 413 2210; x_wconf 84' lang='lat' dir='ltr'>Ex</span> <span class='ocrx_word' id='word_1_177' title='bbox 427 2150 543 2209; x_wconf 87' lang='lat' dir='ltr'>honoris</span> <span class='ocrx_word' id='word_1_178' title='bbox 557 2150 813 2227; x_wconf 85' lang='lat' dir='ltr'>significationibus</span> <span class='ocrx_word' id='word_1_179' title='bbox 829 2149 864 2208; x_wconf 88' lang='lat' dir='ltr'>ad</span> <span class='ocrx_word' id='word_1_180' title='bbox 878 2150 986 2210; x_wconf 89' lang='lat' dir='ltr'>cultum</span> <span class='ocrx_word' id='word_1_181' title='bbox 1002 2153 1110 2211; x_wconf 88' lang='lat' dir='ltr'>sensim</span> <span class='ocrx_word' id='word_1_182' title='bbox 1123 2153 1186 2210; x_wconf 89' lang='lat' dir='ltr'>siue</span> <span class='ocrx_word' id='word_1_183' title='bbox 1200 2158 1290 2213; x_wconf 85' lang='lat' dir='ltr'>sensu</span> 
     </span>
     <span class='ocr_line' id='line_1_20' title="bbox 104 2246 1288 2328; baseline -0.002 -17"><span class='ocrx_word' id='word_1_184' title='bbox 104 2262 267 2328; x_wconf 81' lang='lat' dir='ltr'>perventum</span> <span class='ocrx_word' id='word_1_185' title='bbox 288 2258 341 2316; x_wconf 84' lang='lat' dir='ltr'>est,</span> <span class='ocrx_word' id='word_1_186' title='bbox 356 2248 447 2307; x_wconf 91' lang='lat' dir='ltr'>donec</span> <span class='ocrx_word' id='word_1_187' title='bbox 464 2249 525 2325; x_wconf 90' lang='lat' dir='ltr'>jam</span> <span class='ocrx_word' id='word_1_188' title='bbox 548 2246 721 2324; x_wconf 78' lang='lat' dir='ltr'>precipuum</span> <span class='ocrx_word' id='word_1_189' title='bbox 743 2248 780 2305; x_wconf 88' lang='lat' dir='ltr'>sit</span> <span class='ocrx_word' id='word_1_190' title='bbox 801 2247 1017 2308; x_wconf 85' lang='lat' dir='ltr'>Catholicorum</span> <span class='ocrx_word' id='word_1_191' title='bbox 1043 2249 1169 2308; x_wconf 83' lang='lat' dir='ltr'>studium</span> <span class='ocrx_word' id='word_1_192' title='bbox 1195 2250 1288 2309; x_wconf 85' lang='lat' dir='ltr'>colere</span> 
     </span>
     <span class='ocr_line' id='line_1_21' title="bbox 104 2345 1286 2427; baseline 0.001 -20"><span class='ocrx_word' id='word_1_193' title='bbox 104 2348 232 2417; x_wconf 78' lang='lat' dir='ltr'>hieriam,</span> <span class='ocrx_word' id='word_1_194' title='bbox 247 2348 406 2421; x_wconf 89' lang='lat' dir='ltr'>etquidem</span> <span class='ocrx_word' id='word_1_195' title='bbox 422 2365 535 2405; x_wconf 91' lang='lat' dir='ltr'>summo</span> <span class='ocrx_word' id='word_1_196' title='bbox 549 2347 698 2420; x_wconf 87' lang='lat' dir='ltr'>obsequio,</span> <span class='ocrx_word' id='word_1_197' title='bbox 712 2364 775 2405; x_wconf 89' lang='lat' dir='ltr'>nam</span> <span class='ocrx_word' id='word_1_198' title='bbox 793 2345 878 2424; x_wconf 81' lang='lat' dir='ltr'>longe</span> <span class='ocrx_word' id='word_1_199' title='bbox 893 2347 974 2424; x_wconf 87' lang='lat' dir='ltr'>plura</span> <span class='ocrx_word' id='word_1_200' title='bbox 987 2349 1014 2407; x_wconf 89' lang='lat' dir='ltr'>ei</span> <span class='ocrx_word' id='word_1_201' title='bbox 1029 2349 1157 2408; x_wconf 88' lang='lat' dir='ltr'>dicantur</span> <span class='ocrx_word' id='word_1_202' title='bbox 1171 2349 1286 2427; x_wconf 88' lang='lat' dir='ltr'>templa,</span> 
     </span>
     <span class='ocr_line' id='line_1_22' title="bbox 102 2441 1289 2519; baseline -0.001 -14"><span class='ocrx_word' id='word_1_203' title='bbox 102 2464 181 2518; x_wconf 85' lang='lat' dir='ltr'>qnam</span> <span class='ocrx_word' id='word_1_204' title='bbox 205 2445 281 2513; x_wconf 90' lang='lat' dir='ltr'>Deo,</span> <span class='ocrx_word' id='word_1_205' title='bbox 304 2444 347 2502; x_wconf 85' lang='lat' dir='ltr'>rel</span> <span class='ocrx_word' id='word_1_206' title='bbox 368 2441 496 2509; x_wconf 81' lang='lat' dir='ltr'>Christo,</span> <span class='ocrx_word' id='word_1_207' title='bbox 511 2453 710 2519; x_wconf 86' lang='lat' dir='ltr'>nuncupantur</span> <span class='ocrx_word' id='word_1_208' title='bbox 732 2454 805 2509; x_wconf 86' lang='lat' dir='ltr'>rota,</span> <span class='ocrx_word' id='word_1_209' title='bbox 828 2442 987 2504; x_wconf 84' lang='lat' dir='ltr'>offeruntur</span> <span class='ocrx_word' id='word_1_210' title='bbox 999 2443 1130 2513; x_wconf 90' lang='lat' dir='ltr'>donaria,</span> <span class='ocrx_word' id='word_1_211' title='bbox 1148 2445 1289 2504; x_wconf 86' lang='lat' dir='ltr'>sacrificia</span> 
     </span>
     <span class='ocr_line' id='line_1_23' title="bbox 101 2540 831 2617; baseline -0.003 -17"><span class='ocrx_word' id='word_1_212' title='bbox 101 2543 191 2610; x_wconf 72' lang='lat' dir='ltr'>etiam</span> <span class='ocrx_word' id='word_1_213' title='bbox 204 2541 406 2601; x_wconf 80' lang='lat' dir='ltr'>festivitatibus</span> <span class='ocrx_word' id='word_1_214' title='bbox 421 2558 524 2617; x_wconf 87' lang='lat' dir='ltr'>magno</span> <span class='ocrx_word' id='word_1_215' title='bbox 538 2558 659 2598; x_wconf 90' lang='lat' dir='ltr'>numero</span> <span class='ocrx_word' id='word_1_216' title='bbox 672 2540 831 2599; x_wconf 88' lang='lat' dir='ltr'>celebratis.</span> 
     </span>
    </p>

    <p class='ocr_par' dir='ltr' id='par_1_6' title="bbox 92 2636 1363 4173">
     <span class='ocr_line' id='line_1_24' title="bbox 134 2636 1287 2717; baseline 0.001 -21"><span class='ocrx_word' id='word_1_217' title='bbox 134 2636 223 2717; x_wconf 79' lang='lat' dir='ltr'>Recp.</span> <span class='ocrx_word' id='word_1_218' title='bbox 247 2637 370 2694; x_wconf 80' lang='lat' dir='ltr'>Constat</span> <span class='ocrx_word' id='word_1_219' title='bbox 383 2636 490 2694; x_wconf 90' lang='lat' dir='ltr'>cultum</span> <span class='ocrx_word' id='word_1_220' title='bbox 506 2636 607 2694; x_wconf 85' lang='lat' dir='ltr'>Mariae</span> <span class='ocrx_word' id='word_1_221' title='bbox 628 2636 829 2694; x_wconf 85' lang='lat' dir='ltr'>vetustissimis</span> <span class='ocrx_word' id='word_1_222' title='bbox 844 2638 1000 2697; x_wconf 89' lang='lat' dir='ltr'>obtinuisse</span> <span class='ocrx_word' id='word_1_223' title='bbox 1020 2639 1206 2716; x_wconf 87' lang='lat' dir='ltr'>temporibus,</span> <span class='ocrx_word' id='word_1_224' title='bbox 1221 2658 1287 2697; x_wconf 91' lang='lat' dir='ltr'>nam</span> 
     </span>
     <span class='ocr_line' id='line_1_25' title="bbox 97 2733 1287 2811; baseline 0 -16"><span class='ocrx_word' id='word_1_225' title='bbox 97 2735 249 2797; x_wconf 84' lang='lat' dir='ltr'>concilium</span> <span class='ocrx_word' id='word_1_226' title='bbox 264 2733 448 2811; x_wconf 83' lang='lat' dir='ltr'>Ephesinum</span> <span class='ocrx_word' id='word_1_227' title='bbox 463 2735 493 2792; x_wconf 83' lang='lat' dir='ltr'>i&#39;n</span> <span class='ocrx_word' id='word_1_228' title='bbox 508 2734 617 2810; x_wconf 87' lang='lat' dir='ltr'>templo</span> <span class='ocrx_word' id='word_1_229' title='bbox 631 2735 693 2809; x_wconf 82' lang='lat' dir='ltr'>ejus</span> <span class='ocrx_word' id='word_1_230' title='bbox 713 2734 829 2791; x_wconf 89' lang='lat' dir='ltr'>nomine</span> <span class='ocrx_word' id='word_1_231' title='bbox 843 2734 937 2792; x_wconf 89' lang='lat' dir='ltr'>dicato</span> <span class='ocrx_word' id='word_1_232' title='bbox 951 2735 1078 2794; x_wconf 87' lang='lat' dir='ltr'>habitum</span> <span class='ocrx_word' id='word_1_233' title='bbox 1091 2749 1144 2804; x_wconf 89' lang='lat' dir='ltr'>est,</span> <span class='ocrx_word' id='word_1_234' title='bbox 1160 2739 1200 2807; x_wconf 74' lang='lat' dir='ltr'>uti</span> <span class='ocrx_word' id='word_1_235' title='bbox 1216 2738 1287 2795; x_wconf 82' lang='lat' dir='ltr'>Acta</span> 
     </span>
     <span class='ocr_line' id='line_1_26' title="bbox 95 2828 1305 2906; baseline 0.002 -17"><span class='ocrx_word' id='word_1_236' title='bbox 95 2840 242 2898; x_wconf 83' lang='lat' dir='ltr'>testamur,</span> <span class='ocrx_word' id='word_1_237' title='bbox 252 2841 283 2888; x_wconf 90' lang='lat' dir='ltr'>et</span> <span class='ocrx_word' id='word_1_238' title='bbox 295 2830 361 2887; x_wconf 87' lang='lat' dir='ltr'>sesti</span> <span class='ocrx_word' id='word_1_239' title='bbox 371 2828 433 2886; x_wconf 93' lang='lat' dir='ltr'>dies</span> <span class='ocrx_word' id='word_1_240' title='bbox 447 2831 476 2887; x_wconf 92' lang='lat' dir='ltr'>in</span> <span class='ocrx_word' id='word_1_241' title='bbox 491 2829 554 2905; x_wconf 88' lang='lat' dir='ltr'>ejus</span> <span class='ocrx_word' id='word_1_242' title='bbox 569 2829 707 2887; x_wconf 89' lang='lat' dir='ltr'>honorem</span> <span class='ocrx_word' id='word_1_243' title='bbox 723 2829 769 2905; x_wconf 84' lang='lat' dir='ltr'>agi</span> <span class='ocrx_word' id='word_1_244' title='bbox 781 2841 1000 2898; x_wconf 87' lang='lat' dir='ltr'>consueverunt,</span> <span class='ocrx_word' id='word_1_245' title='bbox 1015 2848 1053 2890; x_wconf 88' lang='lat' dir='ltr'>ex</span> <span class='ocrx_word' id='word_1_246' title='bbox 1069 2832 1154 2890; x_wconf 84' lang='lat' dir='ltr'>veteri</span> <span class='ocrx_word' id='word_1_247' title='bbox 1167 2850 1220 2891; x_wconf 89' lang='lat' dir='ltr'>usu</span> <span class='ocrx_word' id='word_1_248' title='bbox 1234 2834 1305 2906; x_wconf 61' lang='lat' dir='ltr'>toti„</span> 
     </span>
     <span class='ocr_line' id='line_1_27' title="bbox 96 2925 1286 3006; baseline 0 -19"><span class='ocrx_word' id='word_1_249' title='bbox 96 2946 145 3006; x_wconf 87' lang='lat' dir='ltr'>per</span> <span class='ocrx_word' id='word_1_250' title='bbox 158 2930 259 2987; x_wconf 92' lang='lat' dir='ltr'>orbem</span> <span class='ocrx_word' id='word_1_251' title='bbox 274 2937 410 2984; x_wconf 86' lang='lat' dir='ltr'>terrarum</span> <span class='ocrx_word' id='word_1_252' title='bbox 432 2925 572 2984; x_wconf 73' lang='lat' dir='ltr'>Ecclesiae</span> <span class='ocrx_word' id='word_1_253' title='bbox 595 2927 759 2983; x_wconf 89' lang='lat' dir='ltr'>communi:</span> <span class='ocrx_word' id='word_1_254' title='bbox 783 2935 802 2961; x_wconf 79' lang='lat'>‘⁶</span> <span class='ocrx_word' id='word_1_255' title='bbox 816 2925 952 3003; x_wconf 83' lang='lat' dir='ltr'>Virginea</span> <span class='ocrx_word' id='word_1_256' title='bbox 973 2930 1137 3004; x_wconf 80' lang='lat' dir='ltr'>panegyris,</span> <span class='ocrx_word' id='word_1_257' title='bbox 1152 2928 1286 3004; x_wconf 80' lang='lat' dir='ltr'>frequens</span> 
     </span>
     <span class='ocr_line' id='line_1_28' title="bbox 96 3020 1284 3100; baseline -0.003 -15"><span class='ocrx_word' id='word_1_258' title='bbox 96 3044 128 3085; x_wconf 88' lang='lat' dir='ltr'>ac</span> <span class='ocrx_word' id='word_1_259' title='bbox 141 3024 262 3083; x_wconf 84' lang='lat' dir='ltr'>celebris</span> <span class='ocrx_word' id='word_1_260' title='bbox 277 3023 326 3081; x_wconf 89' lang='lat' dir='ltr'>hic</span> <span class='ocrx_word' id='word_1_261' title='bbox 340 3031 507 3091; x_wconf 85' lang='lat' dir='ltr'>conventus,</span> <span class='ocrx_word' id='word_1_262' title='bbox 523 3022 595 3080; x_wconf 86' lang='lat' dir='ltr'>festa</span> <span class='ocrx_word' id='word_1_263' title='bbox 618 3023 672 3079; x_wconf 90' lang='lat' dir='ltr'>bac</span> <span class='ocrx_word' id='word_1_264' title='bbox 692 3021 755 3080; x_wconf 88' lang='lat' dir='ltr'>luce</span> <span class='ocrx_word' id='word_1_265' title='bbox 777 3020 900 3099; x_wconf 83' lang='lat' dir='ltr'>linguam</span> <span class='ocrx_word' id='word_1_266' title='bbox 917 3020 952 3079; x_wconf 91' lang='lat' dir='ltr'>ad</span> <span class='ocrx_word' id='word_1_267' title='bbox 975 3021 1089 3081; x_wconf 87' lang='lat' dir='ltr'>laudem</span> <span class='ocrx_word' id='word_1_268' title='bbox 1109 3023 1284 3100; x_wconf 84' lang='lat' dir='ltr'>provocat;”</span> 
     </span>
     <span class='ocr_line' id='line_1_29' title="bbox 94 3117 1285 3197; baseline -0.005 -14"><span class='ocrx_word' id='word_1_269' title='bbox 94 3124 242 3197; x_wconf 79' lang='lat' dir='ltr'>inquiebat</span> <span class='ocrx_word' id='word_1_270' title='bbox 259 3121 295 3178; x_wconf 78' lang='lat' dir='ltr'>S.</span> <span class='ocrx_word' id='word_1_271' title='bbox 319 3120 453 3189; x_wconf 86' lang='lat' dir='ltr'>-Proclus,</span> <span class='ocrx_word' id='word_1_272' title='bbox 470 3120 554 3196; x_wconf 89' lang='lat' dir='ltr'>paulo</span> <span class='ocrx_word' id='word_1_273' title='bbox 580 3128 644 3177; x_wconf 89' lang='lat' dir='ltr'>ante</span> <span class='ocrx_word' id='word_1_274' title='bbox 668 3119 820 3178; x_wconf 88' lang='lat' dir='ltr'>concilium</span> <span class='ocrx_word' id='word_1_275' title='bbox 848 3117 1096 3196; x_wconf 81' lang='lat' dir='ltr'>Constantinopoli</span> <span class='ocrx_word' id='word_1_276' title='bbox 1117 3122 1285 3179; x_wconf 88' lang='lat' dir='ltr'>concionem</span> 
     </span>
     <span class='ocr_line' id='line_1_30' title="bbox 95 3215 1283 3292; baseline -0.006 -13"><span class='ocrx_word' id='word_1_277' title='bbox 95 3221 216 3287; x_wconf 88' lang='lat' dir='ltr'>habens,</span> <span class='ocrx_word' id='word_1_278' title='bbox 239 3259 247 3276; x_wconf 91' lang='lat'><strong>.</strong></span> <span class='ocrx_word' id='word_1_279' title='bbox 269 3260 278 3277; x_wconf 91' lang='lat'><strong>.</strong></span> <span class='ocrx_word' id='word_1_280' title='bbox 301 3259 309 3275; x_wconf 85' lang='lat'>.</span> <span class='ocrx_word' id='word_1_281' title='bbox 333 3217 442 3275; x_wconf 82' lang='lat' dir='ltr'>“Ecce</span> <span class='ocrx_word' id='word_1_282' title='bbox 464 3217 541 3275; x_wconf 92' lang='lat' dir='ltr'>enim</span> <span class='ocrx_word' id='word_1_283' title='bbox 567 3225 596 3275; x_wconf 88' lang='lat' dir='ltr'>et</span> <span class='ocrx_word' id='word_1_284' title='bbox 618 3226 690 3273; x_wconf 87' lang='lat' dir='ltr'>terra</span> <span class='ocrx_word' id='word_1_285' title='bbox 713 3225 743 3274; x_wconf 88' lang='lat' dir='ltr'>et</span> <span class='ocrx_word' id='word_1_286' title='bbox 767 3234 843 3272; x_wconf 87' lang='lat' dir='ltr'>mare</span> <span class='ocrx_word' id='word_1_287' title='bbox 868 3215 1018 3292; x_wconf 85' lang='lat' dir='ltr'>Virginem</span> <span class='ocrx_word' id='word_1_288' title='bbox 1044 3216 1192 3274; x_wconf 87' lang='lat' dir='ltr'>honorant.</span> <span class='ocrx_word' id='word_1_289' title='bbox 1215 3258 1222 3272; x_wconf 89' lang='lat'><strong>.</strong></span> <span class='ocrx_word' id='word_1_290' title='bbox 1246 3251 1253 3268; x_wconf 85' lang='lat'><strong>·</strong></span> <span class='ocrx_word' id='word_1_291' title='bbox 1276 3255 1283 3272; x_wconf 92' lang='lat'><strong>.</strong></span> 
     </span>
     <span class='ocr_line' id='line_1_31' title="bbox 94 3313 1284 3399; baseline -0.006 -22"><span class='ocrx_word' id='word_1_292' title='bbox 94 3318 184 3399; x_wconf 77' lang='lat' dir='ltr'>Sacra</span> <span class='ocrx_word' id='word_1_293' title='bbox 196 3317 324 3393; x_wconf 85' lang='lat' dir='ltr'>Deipare</span> <span class='ocrx_word' id='word_1_294' title='bbox 339 3316 431 3375; x_wconf 87' lang='lat' dir='ltr'>Maria</span> <span class='ocrx_word' id='word_1_295' title='bbox 442 3315 471 3372; x_wconf 91' lang='lat' dir='ltr'>in</span> <span class='ocrx_word' id='word_1_296' title='bbox 484 3333 572 3373; x_wconf 91' lang='lat' dir='ltr'>unum</span> <span class='ocrx_word' id='word_1_297' title='bbox 584 3333 637 3373; x_wconf 92' lang='lat' dir='ltr'>nos</span> <span class='ocrx_word' id='word_1_298' title='bbox 652 3313 761 3392; x_wconf 86' lang='lat' dir='ltr'>cogit.&#39;’</span> <span class='ocrx_word' id='word_1_299' title='bbox 783 3313 889 3386; x_wconf 88' lang='lat' dir='ltr'>Liquet</span> <span class='ocrx_word' id='word_1_300' title='bbox 901 3314 985 3390; x_wconf 81' lang='lat' dir='ltr'>igitur</span> <span class='ocrx_word' id='word_1_301' title='bbox 996 3314 1179 3373; x_wconf 88' lang='lat' dir='ltr'>substantiam</span> <span class='ocrx_word' id='word_1_302' title='bbox 1192 3314 1284 3372; x_wconf 86' lang='lat' dir='ltr'>cultus</span> 
     </span>
     <span class='ocr_line' id='line_1_32' title="bbox 94 3405 1284 3493; baseline -0.004 -18"><span class='ocrx_word' id='word_1_303' title='bbox 94 3418 148 3493; x_wconf 89' lang='lat' dir='ltr'>qui</span> <span class='ocrx_word' id='word_1_304' title='bbox 170 3435 245 3476; x_wconf 91' lang='lat' dir='ltr'>nnnc</span> <span class='ocrx_word' id='word_1_305' title='bbox 267 3416 379 3492; x_wconf 84' lang='lat' dir='ltr'>vigete</span> <span class='ocrx_word' id='word_1_306' title='bbox 401 3414 592 3472; x_wconf 88' lang='lat' dir='ltr'>remotissima</span> <span class='ocrx_word' id='word_1_307' title='bbox 617 3414 781 3486; x_wconf 83' lang='lat' dir='ltr'>antiquitate</span> <span class='ocrx_word' id='word_1_308' title='bbox 804 3405 968 3470; x_wconf 86' lang='lat' dir='ltr'>derivatam.</span> <span class='ocrx_word' id='word_1_309' title='bbox 1011 3412 1079 3471; x_wconf 93' lang='lat' dir='ltr'>Non</span> <span class='ocrx_word' id='word_1_310' title='bbox 1105 3412 1169 3470; x_wconf 93' lang='lat' dir='ltr'>ideo</span> <span class='ocrx_word' id='word_1_311' title='bbox 1190 3422 1284 3470; x_wconf 84' lang='lat' dir='ltr'>autem</span> 
     </span>
     <span class='ocr_line' id='line_1_33' title="bbox 92 3509 1284 3593; baseline -0.003 -20"><span class='ocrx_word' id='word_1_312' title='bbox 92 3516 187 3593; x_wconf 82' lang='lat' dir='ltr'>Virgo</span> <span class='ocrx_word' id='word_1_313' title='bbox 200 3534 257 3592; x_wconf 82' lang='lat' dir='ltr'>praa</span> <span class='ocrx_word' id='word_1_314' title='bbox 273 3513 517 3581; x_wconf 84' lang='lat' dir='ltr'>Christo-colitur,</span> <span class='ocrx_word' id='word_1_315' title='bbox 533 3511 608 3587; x_wconf 93' lang='lat' dir='ltr'>quod</span> <span class='ocrx_word' id='word_1_316' title='bbox 629 3510 752 3590; x_wconf 87' lang='lat' dir='ltr'>plurima</span> <span class='ocrx_word' id='word_1_317' title='bbox 766 3509 871 3587; x_wconf 87' lang='lat' dir='ltr'>templa</span> <span class='ocrx_word' id='word_1_318' title='bbox 891 3511 926 3567; x_wconf 88' lang='lat' dir='ltr'>ab</span> <span class='ocrx_word' id='word_1_319' title='bbox 940 3528 974 3568; x_wconf 90' lang='lat' dir='ltr'>ea</span> <span class='ocrx_word' id='word_1_320' title='bbox 996 3521 1204 3589; x_wconf 89' lang='lat' dir='ltr'>nuncupentur,</span> <span class='ocrx_word' id='word_1_321' title='bbox 1220 3530 1284 3570; x_wconf 87' lang='lat' dir='ltr'>nam</span> 
     </span>
     <span class='ocr_line' id='line_1_34' title="bbox 94 3604 1285 3687; baseline -0.007 -15"><span class='ocrx_word' id='word_1_322' title='bbox 94 3612 166 3673; x_wconf 88' lang='lat' dir='ltr'>Deo</span> <span class='ocrx_word' id='word_1_323' title='bbox 178 3612 274 3671; x_wconf 89' lang='lat' dir='ltr'>omnia</span> <span class='ocrx_word' id='word_1_324' title='bbox 288 3610 428 3677; x_wconf 89' lang='lat' dir='ltr'>dicantur,</span> <span class='ocrx_word' id='word_1_325' title='bbox 440 3611 504 3687; x_wconf 86' lang='lat' dir='ltr'>ipsa</span> <span class='ocrx_word' id='word_1_326' title='bbox 518 3609 633 3668; x_wconf 89' lang='lat' dir='ltr'>nonnisi</span> <span class='ocrx_word' id='word_1_327' title='bbox 654 3618 771 3684; x_wconf 90' lang='lat' dir='ltr'>patrona</span> <span class='ocrx_word' id='word_1_328' title='bbox 784 3607 923 3664; x_wconf 85' lang='lat' dir='ltr'>invocata.</span> <span class='ocrx_word' id='word_1_329' title='bbox 949 3604 1017 3668; x_wconf 73' lang='lat' dir='ltr'>,Deo</span> <span class='ocrx_word' id='word_1_330' title='bbox 1030 3606 1114 3664; x_wconf 91' lang='lat' dir='ltr'>etiam</span> <span class='ocrx_word' id='word_1_331' title='bbox 1130 3608 1285 3675; x_wconf 80' lang='lat' dir='ltr'>rotabunt,</span> 
     </span>
     <span class='ocr_line' id='line_1_35' title="bbox 95 3702 1286 3786; baseline -0.003 -19"><span class='ocrx_word' id='word_1_332' title='bbox 95 3708 218 3786; x_wconf 75' lang='lat' dir='ltr'>Virgine</span> <span class='ocrx_word' id='word_1_333' title='bbox 232 3708 322 3766; x_wconf 86' lang='lat' dir='ltr'>veluti</span> <span class='ocrx_word' id='word_1_334' title='bbox 336 3719 407 3766; x_wconf 90' lang='lat' dir='ltr'>teste</span> <span class='ocrx_word' id='word_1_335' title='bbox 422 3707 546 3765; x_wconf 88' lang='lat' dir='ltr'>adscita:</span> <span class='ocrx_word' id='word_1_336' title='bbox 570 3706 634 3764; x_wconf 92' lang='lat' dir='ltr'>Deo</span> <span class='ocrx_word' id='word_1_337' title='bbox 654 3704 811 3764; x_wconf 84' lang='lat' dir='ltr'>offeruntur</span> <span class='ocrx_word' id='word_1_338' title='bbox 833 3702 982 3770; x_wconf 82' lang='lat' dir='ltr'>sacrificia,</span> <span class='ocrx_word' id='word_1_339' title='bbox 997 3702 1128 3776; x_wconf 87' lang='lat' dir='ltr'>quamvis</span> <span class='ocrx_word' id='word_1_340' title='bbox 1152 3721 1186 3762; x_wconf 89' lang='lat' dir='ltr'>ea</span> <span class='ocrx_word' id='word_1_341' title='bbox 1207 3723 1286 3763; x_wconf 90' lang='lat' dir='ltr'>occa·</span> 
     </span>
     <span class='ocr_line' id='line_1_36' title="bbox 94 3796 1334 3878; baseline -0.002 -15"><span class='ocrx_word' id='word_1_342' title='bbox 94 3806 180 3864; x_wconf 85' lang='lat' dir='ltr'>sione</span> <span class='ocrx_word' id='word_1_343' title='bbox 194 3804 350 3863; x_wconf 88' lang='lat' dir='ltr'>honoretur</span> <span class='ocrx_word' id='word_1_344' title='bbox 372 3802 471 3861; x_wconf 82' lang='lat' dir='ltr'>Mariae</span> <span class='ocrx_word' id='word_1_345' title='bbox 487 3801 621 3878; x_wconf 86' lang='lat' dir='ltr'>dignitas,</span> <span class='ocrx_word' id='word_1_346' title='bbox 636 3809 665 3857; x_wconf 91' lang='lat' dir='ltr'>et</span> <span class='ocrx_word' id='word_1_347' title='bbox 683 3799 860 3857; x_wconf 89' lang='lat' dir='ltr'>celebrentur</span> <span class='ocrx_word' id='word_1_348' title='bbox 873 3797 1001 3856; x_wconf 86' lang='lat' dir='ltr'>virtutes.</span> <span class='ocrx_word' id='word_1_349' title='bbox 1044 3796 1150 3856; x_wconf 88' lang='lat' dir='ltr'>Omnia</span> <span class='ocrx_word' id='word_1_350' title='bbox 1169 3798 1284 3859; x_wconf 90' lang='lat' dir='ltr'>demum</span> <span class='ocrx_word' id='word_1_351' title='bbox 1330 3852 1334 3859; x_wconf 30' lang='lat'><em>¹</em></span> 
     </span>
     <span class='ocr_line' id='line_1_37' title="bbox 94 3894 1287 3972; baseline -0.004 -10"><span class='ocrx_word' id='word_1_352' title='bbox 94 3903 193 3963; x_wconf 89' lang='lat' dir='ltr'>cultus</span> <span class='ocrx_word' id='word_1_353' title='bbox 207 3903 313 3961; x_wconf 91' lang='lat' dir='ltr'>indicia</span> <span class='ocrx_word' id='word_1_354' title='bbox 327 3901 362 3959; x_wconf 90' lang='lat' dir='ltr'>ad</span> <span class='ocrx_word' id='word_1_355' title='bbox 376 3901 471 3960; x_wconf 90' lang='lat' dir='ltr'>Deum</span> <span class='ocrx_word' id='word_1_356' title='bbox 494 3901 595 3959; x_wconf 90' lang='lat' dir='ltr'>ultimo</span> <span class='ocrx_word' id='word_1_357' title='bbox 616 3899 782 3957; x_wconf 86' lang='lat' dir='ltr'>reseruntur.</span> <span class='ocrx_word' id='word_1_358' title='bbox 824 3894 909 3963; x_wconf 85' lang='lat' dir='ltr'>Quod</span> <span class='ocrx_word' id='word_1_359' title='bbox 933 3906 1026 3954; x_wconf 89' lang='lat' dir='ltr'>autem</span> <span class='ocrx_word' id='word_1_360' title='bbox 1041 3895 1165 3972; x_wconf 88' lang='lat' dir='ltr'>plurima</span> <span class='ocrx_word' id='word_1_361' title='bbox 1178 3898 1236 3956; x_wconf 88' lang='lat' dir='ltr'>sint</span> <span class='ocrx_word' id='word_1_362' title='bbox 1256 3897 1287 3957; x_wconf 90' lang='lat' dir='ltr'>in</span> 
     </span>
     <span class='ocr_line' id='line_1_38' title="bbox 94 3992 1363 4083; baseline -0.006 -24"><span class='ocrx_word' id='word_1_363' title='bbox 94 4002 202 4077; x_wconf 85' lang='lat' dir='ltr'>quibus</span> <span class='ocrx_word' id='word_1_364' title='bbox 218 3999 311 4058; x_wconf 83' lang='lat' dir='ltr'>Maria</span> <span class='ocrx_word' id='word_1_365' title='bbox 324 3999 496 4065; x_wconf 84' lang='lat' dir='ltr'>nominatur,</span> <span class='ocrx_word' id='word_1_366' title='bbox 512 3996 651 4076; x_wconf 82' lang='lat' dir='ltr'>contingit</span> <span class='ocrx_word' id='word_1_367' title='bbox 665 4014 701 4054; x_wconf 85' lang='lat' dir='ltr'>ex</span> <span class='ocrx_word' id='word_1_368' title='bbox 715 3993 850 4083; x_wconf 63' lang='lat' dir='ltr'>relatione</span> <span class='ocrx_word' id='word_1_369' title='bbox 864 4012 950 4068; x_wconf 88' lang='lat' dir='ltr'>quarn</span> <span class='ocrx_word' id='word_1_370' title='bbox 965 3992 1051 4051; x_wconf 88' lang='lat' dir='ltr'>habet</span> <span class='ocrx_word' id='word_1_371' title='bbox 1063 3992 1100 4050; x_wconf 89' lang='lat' dir='ltr'>ad</span> <span class='ocrx_word' id='word_1_372' title='bbox 1120 3995 1287 4069; x_wconf 89' lang='lat' dir='ltr'>mysterium</span> <span class='ocrx_word' id='word_1_373' title='bbox 1345 4000 1363 4029; x_wconf 87' lang='lat'>·&#39;</span> 
     </span>
     <span class='ocr_line' id='line_1_39' title="bbox 93 4082 1233 4173; baseline -0.009 -15"><span class='ocrx_word' id='word_1_374' title='bbox 93 4097 312 4165; x_wconf 87' lang='lat' dir='ltr'>incarnationis,</span> <span class='ocrx_word' id='word_1_375' title='bbox 328 4095 406 4169; x_wconf 91' lang='lat' dir='ltr'>quod</span> <span class='ocrx_word' id='word_1_376' title='bbox 420 4096 473 4154; x_wconf 90' lang='lat' dir='ltr'>hac</span> <span class='ocrx_word' id='word_1_377' title='bbox 487 4094 594 4154; x_wconf 88' lang='lat' dir='ltr'>ratione</span> <span class='ocrx_word' id='word_1_378' title='bbox 609 4089 746 4173; x_wconf 85' lang='lat' dir='ltr'>perpetud</span> <span class='ocrx_word' id='word_1_379' title='bbox 761 4082 929 4149; x_wconf 76' lang='lat' dir='ltr'>obversatur</span> <span class='ocrx_word' id='word_1_380' title='bbox 940 4089 1068 4150; x_wconf 85' lang='lat' dir='ltr'>fidelium</span> <span class='ocrx_word' id='word_1_381' title='bbox 1082 4090 1233 4149; x_wconf 87' lang='lat' dir='ltr'>mentibus.</span> 
     </span>
    </p>
   </div>
   <div class='ocr_carea' id='block_1_3' title="bbox 131 4253 1255 4446">
    <p class='ocr_par' dir='ltr' id='par_1_7' title="bbox 131 4253 1255 4446">
     <span class='ocr_line' id='line_1_40' title="bbox 131 4253 994 4360; baseline -0.01 -18"><span class='ocrx_word' id='word_1_382' title='bbox 131 4294 180 4360; x_wconf 87' lang='lat'>(1)</span> <span class='ocrx_word' id='word_1_383' title='bbox 198 4291 266 4341; x_wconf 79' lang='lat' dir='ltr'>Orat</span> <span class='ocrx_word' id='word_1_384' title='bbox 277 4307 302 4341; x_wconf 80' lang='lat' dir='ltr'>v.</span> <span class='ocrx_word' id='word_1_385' title='bbox 318 4289 392 4341; x_wconf 82' lang='lat' dir='ltr'>&#39;Pom</span> <span class='ocrx_word' id='word_1_386' title='bbox 403 4290 419 4340; x_wconf 91' lang='lat' dir='ltr'>i.</span> <span class='ocrx_word' id='word_1_387' title='bbox 431 4290 540 4341; x_wconf 82' lang='lat' dir='ltr'>Auctarii</span> <span class='ocrx_word' id='word_1_388' title='bbox 552 4253 704 4338; x_wconf 79' lang='lat' dir='ltr'>Bibliothecc</span> <span class='ocrx_word' id='word_1_389' title='bbox 716 4285 818 4335; x_wconf 81' lang='lat' dir='ltr'>Petrum</span> <span class='ocrx_word' id='word_1_390' title='bbox 828 4282 994 4335; x_wconf 70' lang='lat' dir='ltr'>Graeco-Lat*</span> 
     </span>
     <span class='ocr_line' id='line_1_41' title="bbox 132 4366 1255 4446; baseline -0.005 -19"><span class='ocrx_word' id='word_1_391' title='bbox 132 4380 179 4446; x_wconf 79' lang='lat'>(2)</span> <span class='ocrx_word' id='word_1_392' title='bbox 199 4377 277 4427; x_wconf 81' lang='lat' dir='ltr'>Serm.</span> <span class='ocrx_word' id='word_1_393' title='bbox 289 4393 312 4426; x_wconf 85' lang='lat' dir='ltr'>v.</span> <span class='ocrx_word' id='word_1_394' title='bbox 324 4392 367 4441; x_wconf 89' lang='lat' dir='ltr'>pro</span> <span class='ocrx_word' id='word_1_395' title='bbox 379 4375 469 4427; x_wconf 79' lang='lat' dir='ltr'>Christ.</span> <span class='ocrx_word' id='word_1_396' title='bbox 490 4375 610 4440; x_wconf 85' lang='lat' dir='ltr'>Apologia</span> <span class='ocrx_word' id='word_1_397' title='bbox 622 4383 705 4424; x_wconf 87' lang='lat' dir='ltr'>contra</span> <span class='ocrx_word' id='word_1_398' title='bbox 717 4372 824 4432; x_wconf 76' lang='lat' dir='ltr'>ludaeos,</span> <span class='ocrx_word' id='word_1_399' title='bbox 835 4370 862 4422; x_wconf 88' lang='lat' dir='ltr'>in</span> <span class='ocrx_word' id='word_1_400' title='bbox 874 4372 929 4421; x_wconf 82' lang='lat' dir='ltr'>Act.</span> <span class='ocrx_word' id='word_1_401' title='bbox 948 4370 979 4420; x_wconf 87' lang='lat' dir='ltr'>iv.</span> <span class='ocrx_word' id='word_1_402' title='bbox 996 4367 1071 4419; x_wconf 86' lang='lat' dir='ltr'>Cone.</span> <span class='ocrx_word' id='word_1_403' title='bbox 1085 4366 1188 4419; x_wconf 87' lang='lat' dir='ltr'>OEcum.</span> <span class='ocrx_word' id='word_1_404' title='bbox 1205 4370 1255 4421; x_wconf 77' lang='lat' dir='ltr'>ciii.</span> 
     </span>
    </p>
   </div>
   <div class='ocr_carea' id='block_1_4' title="bbox 132 4463 564 4533">
    <p class='ocr_par' dir='ltr' id='par_1_8' title="bbox 132 4463 564 4533">
     <span class='ocr_line' id='line_1_42' title="bbox 132 4463 564 4533; baseline -0.009 -18"><span class='ocrx_word' id='word_1_405' title='bbox 132 4468 182 4533; x_wconf 80' lang='lat'>(3)</span> <span class='ocrx_word' id='word_1_406' title='bbox 201 4465 268 4514; x_wconf 74' lang='lat' dir='ltr'>Orat.</span> <span class='ocrx_word' id='word_1_407' title='bbox 280 4464 315 4513; x_wconf 85' lang='lat' dir='ltr'>iii.</span> <span class='ocrx_word' id='word_1_408' title='bbox 327 4463 357 4512; x_wconf 93' lang='lat' dir='ltr'>de</span> <span class='ocrx_word' id='word_1_409' title='bbox 374 4463 399 4514; x_wconf 82' lang='lat' dir='ltr'>S.</span> <span class='ocrx_word' id='word_1_410' title='bbox 411 4463 564 4525; x_wconf 84' lang='lat' dir='ltr'>imaginibus.</span> 
     </span>
    </p>
   </div>
   <div class='ocr_carea' id='block_1_5' title="bbox 185 4629 413 4692">
    <p class='ocr_par' dir='ltr' id='par_1_9' title="bbox 185 4629 413 4692">
     <span class='ocr_line' id='line_1_43' title="bbox 185 4629 413 4692; baseline -0.009 -4"><span class='ocrx_word' id='word_1_411' title='bbox 185 4630 263 4692; x_wconf 77' lang='lat' dir='ltr'>Ver..</span> <span class='ocrx_word' id='word_1_412' title='bbox 282 4629 413 4687; x_wconf 88' lang='lat' dir='ltr'>lV.-l9</span> 
     </span>
    </p>
   </div>
   <div class='ocr_carea' id='block_1_6' title="bbox 0 0 1405 5092">
    <p class='ocr_par' dir='ltr' id='par_1_10' title="bbox 0 0 1405 5092">
     <span class='ocr_line' id='line_1_44' title="bbox 0 0 1405 5092; baseline 0 0"><span class='ocrx_word' id='word_1_413' title='bbox 0 0 1405 5092; x_wconf 95' lang='lat' dir='ltr'> </span> 
     </span>
    </p>
   </div>
  </div>
 </body>
</html>
