2798 5092
394 351 449 413 DE
471 353 748 414 sncRnMENTI
767 348 995 417 VERITATE.
1254 359 1291 416 tl

137 509 224 588 Resp.
246 512 380 590 Apostoli
394 530 476 571 mens
497 521 574 590 patet
594 512 704 572 collatis
725 513 789 590 ejus
810 513 991 573 testimoniis.
1033 513 1190 591 Prophetis
1209 515 1294 592 cujus

100 609 228 667 meminit
252 610 437 686 praecessisse
451 610 563 669 videtur
575 610 756 680 ordinationi,
771 630 835 684 quae
849 610 914 670 ideo
928 611 1000 670 lacta
1012 622 1065 681 est,
1078 613 1145 685 qnia
1159 611 1296 690 predixe-

97 717 156 762 rant
168 704 256 778 aliqui
271 705 459 766 Timotheum
472 707 533 766 fore
548 706 700 784 praesulem
713 712 735 775 ;1
751 708 796 766 rel
810 717 887 766 certe
901 727 918 765 a
932 709 988 766 ritu
1002 708 1052 767 illo
1066 709 1185 768 omnino
1198 708 1296 769 distin-

97 801 251 877 guebamrr
273 821 339 861 nam
354 822 387 862 ea
400 805 603 880 pretermissa,
617 803 687 862 dicit
706 805 875 882 simpliciter
895 805 951 864 alio
972 806 1037 864 loco
1060 807 1178 883 gratiam
1193 806 1292 866 datam

98 895 181 953 luisse
196 897 383 973 impositione
398 918 532 959 manuum
548 919 673 959 suarum.
706 900 915 960 Perabsurdum
933 915 978 959 est
991 901 1028 961 de
1043 903 1116 961 uotis
1131 902 1295 970 doctorum,

98 1004 124 1050 et
135 992 226 1052 felicis
241 1014 393 1055 successus
408 999 544 1074 auguriis,
566 999 723 1076 prophetie
744 1018 844 1058 vocem
866 1001 1064 1078 interpretari;
1087 1012 1116 1060 et
1131 1001 1166 1060 ad
1187 1001 1296 1062 donum

96 1092 294 1151 verosimiliter
317 1094 442 1153 futurum
457 1095 560 1154 referre
574 1096 651 1170 quod
672 1096 707 1154 de
721 1096 798 1156 dono
819 1098 976 1157 Timotheo
992 1099 1054 1176 jam
1068 1099 1145 1169 dato,
1160 1115 1190 1159 et
1204 1102 1234 1161 in
1257 1119 1293 1160 eo

78 1246 80 1251 .
97 1201 238 1259 manente,
254 1182 324 1249 dicit
337 1195 503 1270 Apostolus.
546 1193 622 1252 Cum
637 1195 778 1271 Apostolo
792 1195 942 1254 manifeste
958 1207 1064 1274 pugnat
1078 1198 1295 1271 Rosenmiiller,

95 1289 292 1365 snbjungens:
326 1291 528 1369 “intelligitur
548 1304 694 1369 proeterea,
720 1293 816 1351 datum
838 1293 997 1352 Timotheo
1023 1302 1135 1375 χάρισμα
1159 1316 1218 1357 nou
1239 1309 1297 1358 tam

99 1385 231 1444 collatum
246 1404 322 1453 esse,
334 1406 418 1460 quam
434 1389 496 1465 ejus
511 1388 686 1448 concedendi
700 1407 781 1466 spem
796 1389 910 1458 factam,
927 1390 1026 1469 (veluti
1042 1395 1069 1449 1.
1085 1392 1170 1452 Joan.
1186 1413 1214 1452 v.
1232 1395 1294 1474 ll.)

94 1501 146 1542 uec
166 1484 254 1541 verba
274 1482 636 1556 medantuiseosrcoaesqu
658 1496 714 1544 tam
737 1487 898 1566 siguificare
920 1487 960 1556 id,
975 1507 1032 1562 quo
1054 1489 1082 1546 ei
1107 1489 1163 1548 hoc
1185 1489 1293 1551 donum

94 1580 273 1646 tribueretur,
288 1598 373 1652 quarn
396 1580 647 1657 opportunitatem,
669 1583 779 1641 scilicet
801 1584 960 1643 solemnem
982 1584 1237 1662 inaugurationem,
1260 1589 1292 1647 iu

95 1677 338 1754 quasignificatio
360 1675 447 1754 hujus
468 1679 640 1754 expectandi
661 1681 794 1738 beneficii
814 1681 886 1739 sacta
907 1691 993 1748 esset,
1009 1684 1090 1755 quasi
1112 1694 1141 1742 tu
1163 1683 1297 1744 diceres:

94 1793 150 1834 uon
165 1793 197 1833 eo
212 1774 301 1852 quod,
316 1773 366 1833 sed
380 1793 474 1852 quum
487 1777 537 1835 tibi
553 1797 653 1837 manus
667 1778 914 1856 imponerentur.”
945 1780 988 1838 lta
1003 1800 1055 1857 pro
1069 1783 1184 1841 arbitrio
1199 1783 1294 1843 detor·

94 1885 215 1946 quentur
229 1873 315 1931 verba
336 1875 480 1950 Apostoli,
497 1894 560 1948 quae
575 1895 678 1935 munus
694 1878 756 1954 jam
780 1877 932 1945 detumet
952 1879 982 1936 iu
1004 1897 1039 1936 oo
1063 1898 1181 1938 manens
1205 1882 1291 1959 plane

102 1970 333 2037 denotant—eof,
344 1979 369 2028 ἐν
381 1974 416 2028 σοὶ
428 1969 586 2043 postremos,
596 1975 611 2026 ἃ
621 1974 694 2043 ἐδόθη
704 1973 871 2046 =-illudque
886 1993 950 2032 cnm
965 1976 1147 2052 impositione
1162 1996 1298 2038 manuum

99 2080 128 2127 et
142 2087 192 2146 per
213 2087 277 2127 earn
293 2066 390 2125 datum
411 2063 656 2134 affirmant-perd
675 2075 805 2133 laesisses
821 2087 869 2126 cos
886 2076 973 2141 χειρῶν
991 2074 1038 2127 τοῦ
1053 2073 1299 2144 πρεσβυτερίουρτο

96 2185 203 2234 zopirus
213 2165 259 2219 τοῦ
270 2167 335 2224 droit,
347 2167 361 2217 ὅ
371 2165 438 2215 ἐστιν
448 2158 472 2211 ἓν
483 2160 520 2214 coi
531 2156 574 2212 διὰ
584 2161 629 2228 τῆς
639 2161 768 2221 inrisores
779 2163 828 2212 τῶν
840 2164 927 2228 χειρῶν
938 2181 995 2227 μου.

135 2259 184 2314 20.
210 2252 279 2333 obj.
301 2258 330 2312 7.
353 2249 511 2328 Apostolus
535 2248 661 2322 loquitur
684 2247 719 2306 de
743 2249 926 2325 impositione
953 2269 1088 2309 manuum
1111 2251 1296 2328 presbyterii,

96 2353 242 2411 seniomm
258 2351 369 2409 scilicet
382 2358 490 2407 cretus:
513 2344 564 2420 qui
583 2345 653 2405 ritus
668 2345 753 2424 longe
767 2346 853 2405 distat
873 2347 909 2406 ab
923 2347 1100 2408 ordinatione
1115 2367 1178 2422 quaa
1194 2368 1212 2408 a
1231 2348 1297 2410 solo

96 2451 235 2526 episcopo
247 2448 402 2525 perficitur.
433 2517 436 2520 ἢ
574 2453 576 2455 ’

136 2546 225 2626 Reap.
247 2545 387 2604 Calvinus
400 2543 548 2603 audiatur:
572 2542 709 2601 “Paulus
724 2542 786 2620 ipse
801 2544 868 2603 alibi
888 2562 931 2613 se,
954 2563 1012 2603 non
1034 2544 1106 2603 alios
1121 2545 1294 2623 complures,

98 2643 255 2702 Timotheo
270 2661 371 2701 manus
387 2639 561 2718 imposuisse
582 2648 797 2708 commemorat,
821 2639 849 2720 (l
869 2641 952 2700 Tim.
971 2645 997 2700 l.
1012 2639 1058 2718 5.)
1080 2640 1251 2700 ‘Admoneo
1270 2653 1299 2698 te

98 2739 215 2820 (iuquit)
231 2749 263 2798 ut
275 2739 393 2817 gratiam
407 2737 529 2797 suscites
544 2756 608 2809 qum
623 2737 652 2795 in
667 2746 694 2795 te
709 2748 753 2795 est
766 2756 817 2814 per
838 2738 1052 2815 impositionem
1067 2758 1205 2797 manuum
1221 2756 1298 2796 mea·

98 2837 181 2897 rum!
225 2837 304 2895 Nam
325 2835 401 2909 quod
422 2836 451 2892 in
466 2834 552 2892 altera
566 2834 688 2910 epistola
701 2833 736 2892 de
750 2819 938 2912 impositidne
951 2853 1099 2895 manuum
1114 2832 1296 2914 presbyterii

97 2935 198 2994 dicitur
213 2933 255 3013 (ll
270 2933 351 2991 Tim.
366 2935 395 2990 4.
413 2931 473 3011 14.)
489 2950 547 2989 non
561 2931 600 2989 ita
613 2931 723 3008 accipio
744 2932 826 3004 quasi
841 2930 947 2989 Paulus
961 2931 997 2989 de
1011 2932 1158 2990 seniorum
1171 2930 1294 3007 collegio

97 3033 248 3108 loquatur:
264 3031 315 3090 sed
330 3031 385 3090 hoc
401 3031 518 3090 nomine
528 3028 735 3088 ordinationem
747 3029 839 3107 ipsam
854 3029 993 3106 intelligo,
1006 3029 1088 3103 quasi
1099 3028 1224 3088 diceret:
1240 3029 1299 3086 Fac

97 3143 129 3191 ut
141 3133 240 3210 gratia,
255 3150 341 3203 quam
356 3139 407 3207 per
420 3147 557 3187 manuum
571 3127 785 3203 impositionem
795 3128 937 3205 recepisti,
948 3146 1037 3200 quum
1051 3137 1079 3185 te
1091 3128 1293 3204 presbyterum

99 3250 234 3298 crearem,
256 3248 314 3288 nou
336 3229 374 3285 sit
396 3226 522 3285 irrita.”³
562 3226 706 3287 Ceterum
728 3227 756 3285 in
777 3228 832 3285 ritu
853 3226 1049 3294 ordinationis,
1065 3224 1227 3303 presbyteri
1242 3225 1292 3298 qui

99 3329 199 3388 adsunt
213 3346 315 3386 manus
330 3328 490 3404 imponunt,
505 3338 533 3384 et
547 3325 576 3383 in
591 3327 803 3385 consecratione
817 3326 957 3403 episcopi,
970 3337 1026 3384 tres
1035 3325 1165 3402 episcopi
1177 3341 1293 3400 semper

101 3415 251 3503 imponunt
279 3442 390 3488 manus,
414 3421 471 3480 nisi
494 3421 677 3499 dispensetur
700 3423 734 3480 ab
757 3423 923 3499 Apostolica
950 3422 1028 3481 sede.
1070 3421 1167 3491 Quum
1196 3422 1301 3480 Timo·

101 3523 181 3582 theus
195 3524 350 3601 episcopus
371 3520 465 3588 fuerit,
488 3521 516 3578 ei
538 3520 632 3597 plures
658 3521 812 3598 episcopos
838 3540 895 3578 una
918 3539 984 3578 cum
1010 3520 1101 3579 Paulo
1125 3521 1299 3597 imposuisse

102 3641 200 3680 manus
214 3620 290 3679 haud
312 3617 504 3677 inverosimile
516 3632 580 3686 est;
601 3637 652 3676 eos
667 3631 760 3676 autem
776 3618 1005 3695 presbyterorum
1020 3619 1136 3677 nomine
1151 3617 1296 3696 designari

107 3719 168 3797 plus
183 3718 275 3778 semel
289 3738 306 3776 a
319 3717 407 3775 sacris
423 3717 619 3792 scriptoribus,
635 3720 665 3775 in
680 3716 815 3776 consessa
829 3727 882 3775 est.

101 3975 105 3991 ,
135 3935 177 4000 (l)
197 3932 319 3983 Calvinus
330 3932 366 3982 sic
376 3931 490 3997 explicat,
500 3928 568 3981 haud
585 3930 726 3981 infelicitm:
743 3929 836 3980 “Dicit
851 3929 954 3993 gratiam
963 3931 999 3981 illi
1010 3930 1097 3984 &tam
1114 3947 1164 3982 esse
1182 3945 1227 3998 per
1241 3947 1303 4000 pro-

101 4017 222 4087 phetiam.
251 4019 383 4080 Quomodo
391 4019 401 4068 l
416 4018 474 4082 quia
485 4017 577 4068 scilicet
588 4017 696 4083 Spiritus
705 4017 811 4067 Sanmite
816 4018 915 4068 oraculo
926 4017 1086 4069 Timotheum
1096 4019 1265 4081 destinaverat,
1274 4026 1304 4070 ut

101 4107 127 4157 in
143 4107 253 4158 ordinem
264 4115 389 4172 pastorum
401 4112 559 4170 coaptaretur.
576 4104 666 4168 Neque
677 4104 743 4154 enim
753 4104 861 4155 delectus
872 4113 968 4155 tantum
975 4105 1054 4157 iuerat
1065 4107 1192 4157 hominum
1201 4106 1303 4174 judicio,

104 4201 129 4244 ut
140 4194 190 4244 fieri
203 4195 280 4244 solet:
298 4193 340 4242 aad
348 4200 502 4256 praecesserat
513 4191 619 4255 Spiritus
628 4187 786 4255 nuncupatio.
803 4189 871 4241 Dicit
882 4191 995 4241 collatam
1006 4208 1059 4242 esse
1075 4208 1131 4242 eum
1148 4193 1303 4258 impositione

104 4294 228 4338 manuum,
240 4293 289 4342 qno
301 4278 431 4340 significat,
442 4293 493 4326 una
503 4292 561 4327 cum
572 4275 707 4326 ministerio
718 4277 860 4328 necessariis
871 4278 945 4358 etipm
962 4278 1059 4327 dotibus
1069 4287 1183 4329 ornatum
1194 4280 1277 4329 fnisse.
1296 4312 1304 4328 .

103 4398 109 4413 .
124 4397 130 4412 .
147 4399 154 4413 .
166 4364 252 4437 Itaque
263 4379 351 4414 sensus
362 4372 399 4413 eet
409 4361 576 4420 Timotheum,
588 4378 666 4425 quum
677 4361 849 4427 prophetarum
861 4381 921 4416 voce
932 4364 1023 4414 ascitus
1034 4364 1081 4415 fuit
1091 4364 1118 4414 in
1130 4364 1300 4422 ministerium,

102 4459 124 4502 et
133 4440 225 4503 deinde⁶
230 4451 336 4502 solemni
346 4451 394 4501 ritu
406 4451 541 4510 ordinatus,
554 4450 629 4500 simul
641 4450 718 4512 gratia
730 4449 837 4516 Spiritus
848 4452 933 4502 Sancti
944 4452 1090 4502 instructum
1107 4451 1181 4502 fuisse
1193 4451 1222 4502 ad
1233 4452 1303 4503 func-

103 4536 188 4589 tionem
199 4553 272 4589 suant
285 4533 479 4599 exequendam?
515 4533 612 4586 comm.
623 4536 650 4586 in
661 4536 682 4585 1.
691 4535 757 4587 Tim.
770 4536 802 4586 iv.
816 4537 855 4587 14.

133 4629 168 4690 (2)
184 4626 245 4677 lust.
264 4626 281 4676 l.
299 4623 332 4672 iv.
343 4639 364 4672 c.
375 4623 408 4672 iii.
419 4639 444 4674 n.
458 4625 496 4672 16.
521 4622 552 4673 ln
568 4623 741 4674 commentario
758 4624 785 4673 in
802 4625 883 4674 locum
901 4621 1022 4691 Calvinus
1039 4624 1137 4674 alteram
1149 4621 1302 4688 amplectitur

102 4708 327 4780 interpretationem.
339 4707 381 4758 sed
392 4715 417 4758 et
426 4707 492 4758 hanc
503 4707 563 4758 satis
573 4708 600 4758 iu
611 4709 683 4758 verba
694 4709 807 4775 Apostoli
815 4707 933 4775 quadrare
943 4708 1044 4760 latetur.
