2798 5092
359 336 417 403 DE
437 334 682 400 motione
704 286 1017 400 Mtttlsuttottum.
1248 343 1287 400 ts

96 508 242 578 postqum
257 516 312 575 per
325 507 437 574 tempus
458 498 527 557 satis
541 495 704 557 diuturnum
725 497 919 575 predicationi
934 498 1082 565 vacaverit,
1096 497 1172 556 haud
1188 499 1286 576 profu·

99 608 172 656 turus
186 596 322 655 ecclesiis
337 595 472 654 videtur.¹
511 595 596 663 Quod
610 596 636 654 si
650 597 722 654 bene
735 598 763 657 ei
778 597 948 655 successerit
967 596 1140 674 predicanti,
1157 608 1185 655 et
1199 615 1290 675 popu·

96 693 137 754 las
151 693 186 754 ad
201 713 270 753 eum
285 695 316 752 in
330 702 473 771 pastorem
488 691 650 771 eligendum
672 711 779 770 monus
799 694 847 762 sit,
862 703 953 752 coetus
972 705 1155 763 convocatur,
1178 705 1210 752 ut
1230 695 1288 753 sul·

98 791 190 869 fragiis
213 790 332 868 majoris
362 789 473 848 numeri
501 789 646 865 probatus,
668 787 808 848 ordinatio
831 790 894 868 ejus
920 789 1109 849 decernatur.⁸
1149 791 1287 867 Baptista

99 886 378 948 dicuutratioaema
398 885 516 944 Christo
541 895 672 944 statutam
694 905 751 959 qua
771 887 852 961 quia
875 887 981 947 Sancto
1005 886 1113 964 Spiritu
1136 887 1170 945 ad
1185 906 1288 947 manus

98 986 225 1065 episcopi
239 983 361 1043 idoneus
375 984 417 1050 fit,
432 982 468 1042 ad
484 985 547 1062 ejus
560 984 727 1043 exercitium
748 995 875 1053 vocetur,
890 1003 955 1043 esse
975 986 1139 1044 communia
1159 986 1288 1044 ecclesiae

97 1087 184 1163 ipsias
197 1082 360 1160 suffragia.⁸
403 1080 589 1142 Methodlstae
603 1083 781 1160 episcopales
810 1083 909 1142 dicunt
933 1085 1102 1161 episcopum
1123 1084 1287 1162 eligendum

86 1164 157 1242 'esse
171 1202 189 1240 a
201 1193 278 1240 coeta
293 1179 429 1258 generali,
444 1198 530 1253 quem
548 1177 741 1239 Collatiortem
759 1179 932 1240 Generalem
946 1187 1072 1240 vocant.⁴

133 1284 181 1339 80.
204 1277 290 1356 Apud
307 1277 474 1336 Catholicae
488 1295 534 1335 res
547 1288 592 1335 est
604 1277 750 1355 explorata
764 1296 880 1337 omnem
894 1280 924 1337 in
935 1277 1073 1355 ¹Ecclesia
1087 1290 1254 1356 potestatem
1271 1299 1288 1338 a

99 1377 213 1438 Christo
227 1376 360 1444 derivari,
376 1376 426 1449 qui
440 1376 526 1435 Petro
541 1388 569 1434 et
582 1375 731 1454 Apostolis
743 1394 829 1449 quam
840 1396 857 1434 a
868 1377 950 1435 Patra
960 1387 1107 1454 acceperat
1120 1389 1288 1455 potestatem

99 1475 326 1542 communicavit,
341 1494 358 1532 a
372 1475 475 1547 quibus
490 1473 609 1551 proinde
623 1475 653 1533 iu
667 1488 786 1533 caeteros
801 1493 901 1533 omnes
913 1493 1009 1534 sacros
1023 1476 1168 1534 ministms
1181 1476 1291 1536 deriva-

97 1583 146 1633 tur.
178 1572 269 1632 Error
284 1571 426 1648 igiturest
450 1588 567 1647 prorsus
592 1571 748 1629 contrarius
773 1571 839 1629 fidei
854 1570 1022 1640 Catholicae,
1037 1590 1145 1631 sacram
1167 1583 1288 1648 potesta·

97 1681 148 1732 tem
165 1689 254 1749 penas
269 1680 375 1728 ctutum
401 1667 529 1727 fidelium
545 1687 619 1737 esse,
635 1671 669 1727 ab
684 1688 719 1728 eo
739 1673 769 1731 in
790 1669 897 1728 electos
911 1689 928 1727 a
941 1689 972 1728 se
993 1671 1140 1728 ministros
1161 1670 1290 1730 derivan-

99 1768 170 1829 dam.
214 1766 360 1826 Ooeterum
375 1767 439 1842 ipsa
452 1765 619 1843 designandi
634 1767 780 1826 ministros
802 1768 872 1825 ratio
886 1764 920 1824 atl
942 1764 1290 1847 discipliuamxrefereuda

98 1876 147 1935 cst,
161 1852 249 1940 q'uam
266 1863 401 1942 presules
416 1863 556 1922 Ecclesiae
570 1881 623 1940 pro
634 1863 698 1922 data
712 1866 794 1923 sibia
808 1864 927 1927 Domini
939 1874 1076 1942 potestate
1089 1865 1288 1933 moderantum

99 1963 217 2038 ideaque
232 1982 309 2038 quoe,
325 1962 397 2038 ipsis
411 1961 615 2030 sancientibus,
638 1962 790 2024 obtinuerit
804 1962 929 2034 qualibet
949 1974 1040 2030 aetate,
1066 1964 1209 2039 probanda
1231 1975 1285 2030 est,

100 2072 191 2141 utpote
206 2081 223 2120 a
237 2060 364 2138 legitima
377 2060 541 2118 auctoritate
555 2059 689 2136 prosecta.

602 2254 786 2296 ettot’ost‘rtt).

138 2395 196 2461 Jaa
225 2396 356 2477 eligendi
380 2415 481 2456 sacros
505 2394 662 2454 ministros
689 2394 794 2455 divina
823 2395 1010 2457 ordinatione
1030 2417 1121 2478 penes
1142 2401 1289 2481 populum

100 2496 216 2578 fidelem
228 2512 291 2555 non
307 2502 370 2567 est,⁸
386 2494 438 2554 ced
450 2512 541 2573 penes
558 2491 698 2554 Ecclesia
712 2500 846 2563 rectores,
864 2496 1033 2576 praesertim
1046 2515 1199 2560 summum
1212 2500 1293 2562 Pon·

102 2595 216 2676 byicem.

137 2693 291 2755 Probatur
304 2691 331 2752 Ι.
344 2710 380 2752 ec
397 2689 571 2770 Scriptores.

137 2797 186 2853 81.
209 2790 346 2850 Christus
361 2789 517 2867 Apostolos
531 2788 566 2847 ad
580 2808 692 2848 sacrum
713 2789 902 2848 ministerium
919 2784 1039 2861 vocavit,
1054 2810 1161 2866 eosque
1182 2798 1294 2856 monuit

105 2899 185 2951 totam
200 2908 289 2965 quam
303 2906 435 2947 exercere
450 2887 554 2946 debent
568 2887 761 2946 auctoritatem
776 2889 811 2946 ab
825 2887 890 2965 ipso
903 2887 1044 2948 derivari:
1068 2900 1087 2928 ‘⁶
1098 2891 1128 2949 N
1130 2911 1169 2950 ou
1181 2912 1234 2952 vos
1246 2913 1292 2953 me

104 2989 236 3068 elegistis,
256 2985 307 3044 sed
321 3004 375 3063 ego
390 2986 464 3063 elegi
479 3004 540 3053 vos,
556 2995 584 3042 et
606 2985 690 3061 posui
705 3003 756 3041 vos
778 2995 809 3042 ut
828 2986 909 3051 caus,
924 2996 953 3043 et
972 2986 1093 3047 fructum
1117 2989 1251 3058 afferatis,
1266 3004 1295 3050 et

106 3086 208 3146 fructum
223 3095 320 3143 vestm
333 3082 493 3142 maneat.”⁵
533 3082 595 3140 Eos
609 3086 697 3141 instar
706 3083 751 3140 sui
765 3083 867 3140 mittit:
891 3091 911 3118 ‘⁶
922 3083 1002 3141 Sicut
1013 3085 1091 3143 misit
1101 3104 1147 3144 me
1162 3088 1257 3153 Pater,
1267 3103 1295 3146 et

105 3201 155 3260 ego
163 3183 247 3243 mitto
259 3179 355 3239 vos.’'⁸
376 3189 396 3216 ‘⁸
408 3180 482 3239 Data
490 3188 534 3237 est
544 3179 615 3237 mihi
625 3177 719 3236 omnis
732 3187 858 3255 potestas
870 3178 900 3238 in
912 3180 985 3238 coelo
998 3189 1026 3237 et
1036 3181 1066 3239 iu
1078 3191 1160 3241 terra.
1182 3182 1294 3242 Euutus

108 3299 171 3360 ergo
185 3281 286 3340 docete
302 3297 403 3338 omnes
418 3289 529 3356 gentes,
542 3277 721 3354 baptizantes
734 3296 785 3336 eos
788 3318 921 3338 .....
942 3278 983 3337 Et
996 3297 1061 3337 ecce
1077 3298 1131 3357 ego
1146 3282 1293 3343 vobiscum

106 3399 164 3441 sum
178 3380 315 3441 omuibus
329 3377 441 3448 diebus,
456 3395 549 3451 usque
563 3376 598 3434 acl
611 3377 888 3455 consummationem
902 3377 1048 3438 saeculi.”⁷
1088 3380 1194 3440 Missio
1209 3381 1294 3460 igitar

134 3619 170 3679 (1)
186 3615 265 3667 Portu
276 3613 306 3665 of
317 3611 492 3672 Govsrnmsnt,
502 3627 529 3662 ιι.
540 3611 575 3661 xi.

134 3702 171 3771 (2)
188 3709 204 3736 ‘⁴
214 3701 302 3753 When
313 3714 363 3765 any
374 3699 527 3765 probationcr
537 3697 600 3747 shall
615 3696 678 3747 have
694 3697 813 3763 prseched
829 3714 857 3748 so
867 3698 944 3750 much
954 3707 980 3749 to
991 3699 1033 3750 the
1044 3703 1193 3755 satisfaction
1204 3706 1233 3754 os
1246 3721 1295 3770 any

107 3789 283 3853 ωιιςιοςιιίοιι,
294 3804 322 3838 as
334 3787 386 3837 that
397 3785 440 3836 tho
450 3784 536 3850 peopls
547 3800 635 3850 appear
644 3784 761 3849 prepared
771 3792 797 3834 to
808 3785 896 3835 electa
911 3794 1000 3850 pastor,
1011 3787 1054 3838 the
1065 3791 1159 3841 seusina
1169 3791 1231 3840 shall
1241 3793 1297 3842 take

108 3891 226 3928 mures
235 3883 263 3926 ta
274 3889 384 3925 consens
394 3872 461 3922 them
472 3872 509 3922 lor
521 3871 570 3921 this
580 3869 702 3940 purpose?
743 3870 836 3921 Ibidem
847 3872 886 3923 ch.
897 3889 938 3923 xv.
949 3888 976 3923 n.
986 3873 1003 3924 i.

133 3966 169 4026 (3)
193 3962 273 4012 “The
285 3977 339 4025 way
349 3958 480 4025 appointed
491 3959 523 4023 by
537 3957 621 4007 Christ
631 3958 669 4007 sor
679 3956 721 4007 the
732 3957 823 4020 calling
833 3958 862 4008 ol
874 3975 923 4024 any
932 3975 1028 4024 person,
1039 3960 1106 4010 fitted
1120 3961 1167 4010 and
1179 3960 1253 4022 gifted
1263 3963 1296 4026 by

105 4047 142 4100 tlte
154 4050 222 4115 Holy
234 4047 317 4114 Spirlt,
328 4054 389 4096 unto
408 4044 450 4094 the
470 4043 540 4094 office
551 4044 580 4094 ot'
593 4043 687 4108 bishop,
707 4059 735 4093 or
745 4043 837 4101 elder,'
830 4060 857 4094 ιιι
874 4061 889 4095 a
905 4045 1022 4105 church'
1015 4062 1037 4095 rs
1053 4047 1106 4096 that
1116 4047 1147 4094 he
1164 4047 1194 4094 bc
1205 4046 1296 4098 chosen

107 4134 229 4186 thuenuto
240 4135 273 4199 by
284 4133 326 4184 the
337 4146 451 4182 common
470 4128 575 4192 suffrage
586 4129 615 4179 of
628 4129 669 4179 the
680 4129 772 4179 church
789 4128 875 4181 itsclll'
910 4130 1008 4195 Baptist
1026 4130 1171 4181 confession
1189 4132 1217 4180 ol
1229 4133 1297 4193 luith,

105 4221 140 4272 ch.
150 4221 226 4273 xxcii.
780 4232 782 4237 ’

136 4308 171 4369 (4)
188 4313 204 4338 “
213 4304 270 4355 The
284 4303 389 4354 General
401 4301 553 4352 Conserunce
564 4301 626 4351 shall
638 4302 699 4352 elect
709 4318 725 4351 a
735 4301 844 4368 bishop.”
878 4302 933 4353 The
942 4301 1062 4352 doctrines
1074 4304 1123 4354 and
1135 4304 1301 4369 disciplinans

106 4389 143 4442 the
153 4390 286 4444 Methodist
296 4389 427 4455 Episcopal
437 4386 546 4448 church,
559 4386 658 4438 Section
670 4388 702 4437 iv.

137 4480 173 4540 (5)
189 4478 205 4528 J
206 4493 255 4528 can
265 4492 307 4526 xv.
322 4478 361 4524 16.

139 4564 175 4626 (6)
190 4562 282 4613 Ibidem
292 4577 336 4613 xx.
347 4564 390 4612 21.
471 4604 476 4624 ,‚

141 4650 175 4710 (7)
192 4648 253 4701 Mat.
263 4648 349 4702 xxviii.
364 4649 403 4696 18.
