2798 5092
10 4294 13 4351 l

401 347 458 407 DE
480 347 624 407 CULTU
646 348 879 409 IMhGlNUM.
1196 349 1263 412 231}

52 505 281 566 recordationem
297 506 364 565 Filii
379 505 436 565 Dei
450 507 480 565 in
494 508 556 584 ojus
571 526 667 566 amore
678 509 845 576 recalescas,
858 510 940 586 cujus
952 519 979 568 te
991 511 1147 588 imaginem
1161 512 1262 570 videre·

53 605 233 666 consideras.
275 605 316 664 Et
327 625 379 664 nos
394 606 510 680 quidem
526 626 584 665 non
600 608 682 680 quasi
697 617 761 666 ante
776 607 952 667 divinitatem
967 619 1031 667 aute
1045 610 1123 668 illam
1138 622 1259 687 proster-

53 705 160 772 nimur,
176 692 323 762 sedilium
339 704 501 773 adoramus,
517 724 602 779 quem
626 725 676 781 per
690 706 845 783 imaginem
870 717 917 764 aut
938 718 1048 791 natum,
1063 719 1114 767 aut
1132 728 1258 791 passum,

54 803 107 862 sed
121 813 150 862 et
164 803 195 862 in
207 801 310 862 throno
325 803 472 862 sedentem
487 803 714 862 recordamur.¹’²
754 804 863 863 Indicia
877 805 938 863 hac
953 815 1020 863 sunt
1039 806 1131 864 cultus
1146 809 1256 866 relativi

56 901 173 976 qualem
185 913 301 978 praestat
312 900 404 960 adhuc
418 901 551 959 Ecclesia
562 901 650 959 sacris
665 901 847 978 imaginibus.

101 1002 168 1056 141.
191 998 238 1057 De
253 1017 333 1057 more
347 998 484 1076 pingendi
507 1009 668 1058 sanatorum
694 1000 833 1076 imagines
857 999 887 1058 iu
903 1000 1083 1059 basilicarum
1105 1002 1259 1079 parietibus

53 1096 194 1161 habemus
210 1097 332 1174 plurima
360 1098 532 1156 testimonia.
575 1098 607 1155 S.
631 1097 789 1174 Gregorius
804 1098 972 1174 Nyssenus,
999 1099 1033 1157 de
1056 1099 1088 1156 S.
1105 1099 1262 1160 Theodoro

54 1206 181 1274 martyre
195 1197 353 1263 disserens,
365 1197 451 1255 refert
464 1197 527 1275 ejus
542 1197 696 1255 certamina
706 1197 736 1255 in
752 1197 904 1273 parietibus
919 1197 1050 1274 depicta;
1073 1198 1103 1256 S.
1123 1198 1260 1257 Paulinus
1283 1212 1288 1221 ’

57 1293 191 1353 Nolanus
205 1293 241 1353 de
257 1294 288 1353 S.
304 1295 394 1353 Felici
410 1307 535 1371 martyre
549 1295 723 1353 concionans
739 1295 808 1353 dicit
821 1314 916 1352 sacras
930 1297 1071 1372 imagines
1090 1297 1119 1353 in
1134 1296 1260 1355 basilicis

53 1403 160 1453 extare.
203 1392 237 1452 ln
251 1393 358 1452 fornice
372 1393 507 1462 cubiculi,
523 1395 551 1452 in
567 1411 625 1468 quo
640 1413 720 1452 sacra
731 1394 870 1472 mysteria
885 1396 985 1455 Romae
998 1397 1211 1485 celebrabantur
1228 1397 1259 1454 in

57 1493 224 1550 caemeterio
239 1492 414 1560 Praetextati,
430 1493 585 1568 imaginem
607 1492 762 1551 salvatoris
786 1493 879 1552 adhuc
892 1493 989 1552 videre
1013 1507 1075 1563 est;
1097 1495 1171 1553 sicut
1189 1505 1217 1553 et
1231 1496 1271 1554 iu·

56 1591 228 1649 camerariis
243 1589 372 1657 callixti,
389 1591 421 1648 S.
436 1590 567 1667 Agnetis,
589 1590 738 1659 Priscilla,
758 1610 791 1648 ac
805 1591 861 1651 SS.
877 1593 956 1650 Petri
971 1603 1000 1650 et
1023 1593 1154 1651 Marcelli
1169 1594 1198 1651 in
1214 1593 1261 1651 via

58 1687 213 1756 Lavicana,
228 1688 368 1747 referente
388 1686 513 1746 Boldetti
527 1686 604 1764 apud
616 1688 752 1749 Perrone.
795 1688 840 1746 De
855 1688 891 1747 iis
912 1689 996 1748 etiam
1018 1691 1174 1764 loquuntur
1190 1690 1262 1748 Gre-

56 1782 156 1860 gorius
166 1783 381 1850 Nazianzenus,
397 1782 638 1859 Chrysostomus,
654 1784 835 1852 Ambrosius,
848 1786 1026 1863 Augustinus
1042 1787 1128 1844 etalii
1144 1786 1240 1863 plures
1257 1794 1265 1830 ἓ

58 1881 206 1940 Eusebius
219 1890 336 1940 testatur
350 1900 383 1938 se
398 1881 504 1940 vidisse
519 1881 724 1958 Apostolorum
739 1882 818 1940 Petri
832 1893 861 1941 et
881 1883 975 1950 Pauli,
992 1882 1159 1958 Christique
1170 1885 1263 1960 ipsius

55 1978 149 2055 pictas
162 1979 302 2056 imagines
314 1991 438 2039 servatas
452 1981 482 2039 in
494 1981 621 2048 tabulis,⁵¹
632 1991 660 2039 et
671 1990 792 2039 statuam
804 1981 942 2039 Caesareae
957 1982 1096 2058 Philippi,
1107 1983 1136 2040 in
1149 1980 1262 2039 Christi

55 2076 195 2136 honorem
218 2089 340 2136 erectam
353 2099 369 2135 a
383 2078 501 2136 muliere
516 2097 600 2152 quam
616 2079 736 2137 sanavit.
779 2078 847 2136 Huc
864 2077 985 2136 refertur
998 2097 1061 2136 mos
1076 2078 1216 2136 caelaturis
1232 2091 1261 2135 et

54 2175 210 2252 sculpturis
230 2175 360 2253 plurimis
383 2195 427 2235 res
450 2187 545 2254 gestas
560 2176 669 2235 Christi
688 2176 809 2235 Domini
832 2176 878 2234 vel
904 2176 1074 2234 documenta
1095 2176 1261 2253 evangelica

57 2272 249 2351 exprimendi.
293 2275 391 2334 Claret
415 2277 537 2352 pastoris
561 2275 727 2352 exemplum
749 2294 832 2334 ovem
854 2274 1017 2344 deserentis,
1049 2276 1148 2349 quiin
1173 2275 1264 2334 calice

57 2373 209 2431 consuevit
224 2371 394 2431 Tertulliani
420 2383 548 2450 ternpore
569 2372 720 2432 exhiberi:
743 2374 807 2431 “Si
822 2374 892 2432 sorte
913 2373 1134 2451 patrocinabitur
1155 2385 1262 2451 pastor,

56 2489 146 2544 quern
170 2471 200 2530 in
223 2472 311 2530 calice
334 2470 515 2548 depingis.”³
553 2470 602 2530 Ex
627 2471 673 2529 his
698 2471 832 2530 omnibus
857 2471 948 2544 liquet
978 2483 1146 2548 perpetuum
1173 2471 1262 2529 fuisse

56 2585 171 2627 morsm
195 2569 230 2627 ab
256 2567 422 2645 Apostolica
450 2577 530 2626 astate
558 2567 715 2626 derivatum
738 2568 855 2644 picturis
877 2569 1075 2644 symbolisque
1097 2587 1142 2626 res
1163 2587 1257 2626 sacras

58 2665 227 2734 exhibendi,
240 2676 269 2724 et
282 2667 421 2742 imagines
436 2666 525 2724 fuisse
540 2666 569 2724 in
584 2667 671 2725 sacris
686 2665 795 2724 adibus
810 2665 937 2742 depictas
952 2675 1032 2724 atate
1045 2664 1110 2724 vald
1126 2677 1261 2733 eremota,

56 2780 166 2836 casque
181 2763 339 2823 honorifice
350 2763 471 2832 habitas,
484 2762 557 2821 adeo
570 2773 602 2821 ut
615 2764 651 2819 iis
664 2762 851 2820 tribuerentur
864 2762 958 2818 cultus
973 2761 1088 2830 indicia,
1104 2764 1154 2835 qui
1168 2773 1264 2821 tamen

58 2857 95 2916 ad
108 2870 264 2943 prototypa
277 2859 437 2919 referretur.

103 2961 171 3016 142.
195 2957 341 3032 Equidem
356 2959 427 3017 ratio
443 2961 506 3035 ipsa
519 2956 605 3015 dictat
618 2956 704 3015 licere
725 2956 816 3014 oculis
842 2956 977 3014 exhibere
994 2974 1038 3014 res
1059 2957 1103 3014 vel
1125 2976 1263 3035 personas

61 3071 157 3112 sacras
181 3054 320 3132 pingendi
344 3067 412 3120 arte,
432 3066 466 3111 ut
486 3054 556 3111 alios
574 3051 829 3119 edoceamus,⁴vel
850 3065 960 3110 sanctas
982 3053 1144 3129 injiciamus
1160 3055 1264 3128 cogita·

64 3146 170 3218 tiones,
185 3160 215 3209 et
228 3152 389 3208 excitemus
404 3150 534 3208 affectus.
577 3148 684 3207 Suadet
697 3148 781 3206 etiam
797 3148 905 3206 honore
920 3147 1043 3221 quodam
1059 3159 1086 3204 et
1100 3147 1176 3205 cultu
1191 3149 1262 3205 ima·

66 3247 148 3324 gines
163 3247 227 3307 illas
241 3246 406 3305 afficiendas
422 3267 474 3324 pro
488 3247 623 3305 relatione
639 3264 723 3319 quam
739 3246 845 3303 liabent
858 3244 892 3302 ad
908 3244 1056 3303 Christum
1072 3244 1117 3301 vel
1131 3256 1263 3302 sanctos:
1285 3278 1288 3283 ‹

66 3346 107 3404 ita
131 3347 207 3405 enim
232 3364 333 3404 sumus
362 3357 461 3404 natura
486 3346 640 3422 comparati
668 3354 700 3402 ut
720 3344 853 3402 affectum
882 3362 939 3417 quo
961 3344 1162 3420 prosequimur
1182 3342 1264 3409 alios,

69 3441 243 3502 honorantes
267 3461 365 3501 eorum
392 3443 531 3520 imagines
553 3442 746 3500 ostendamus.
789 3441 839 3499 Sic
860 3441 954 3518 imago
977 3440 1182 3517 Washingtoui
1201 3440 1265 3499 loco

68 3541 224 3619 conspicuo
239 3554 267 3601 et
281 3541 441 3600 honorifico
456 3541 624 3609 exhibetur3
647 3541 693 3598 cui
708 3540 810 3615 injuria
824 3539 901 3596 illata
914 3541 943 3597 in
960 3540 1049 3616 ipsius
1065 3541 1152 3616 patris
1168 3540 1263 3616 patria

74 3650 266 3718 contemptum
281 3640 383 3700 cedere
398 3651 549 3709 censetur;
571 3639 643 3698 adeo
657 3652 689 3697 ut
702 3658 785 3715 poena
798 3639 862 3714 lege
877 3649 979 3697 statuta
993 3639 1030 3696 sit
1045 3640 1075 3698 in
1090 3640 1265 3716 Septentrio·

72 3736 140 3795 uelis
154 3736 296 3798 Carolinae
311 3739 402 3806 Statu,
418 3757 492 3797 anno
509 3742 597 3804 1821,
612 3738 641 3794 in
655 3755 705 3794 eos
719 3737 766 3810 qui
781 3754 844 3795 eam
857 3735 1015 3795 inferrent.⁵

466 3934 667 3975 omncnlortus
688 3932 873 3972 SOLVUNTUR·

119 4075 180 4135 14³.
199 4074 266 4156 obj.
282 4076 308 4134 1.
332 4075 436 4133 Cultus
451 4076 625 4150 quicumque
641 4074 796 4150 imaginum
813 4071 976 4132 adversatur
990 4073 1087 4134 divino
1103 4081 1265 4150 praecepto:

10 4172 12 4259 f
88 4171 178 4232 “Non
201 4173 289 4233 facies
304 4172 355 4231 tibi
369 4172 512 4250 sculptile,
528 4189 621 4245 neque
635 4187 750 4228 omnem
766 4169 982 4229 similitudinem
1007 4189 1070 4244 quae
1095 4181 1138 4228 est
1153 4171 1182 4228 in
1196 4172 1269 4229 coelo

475 4364 518 4431 (l)
531 4362 579 4426 Ep.
591 4360 621 4410 ed
633 4359 813 4411 Secundinum.
823 4358 854 4413 L.
865 4361 897 4412 ix.
910 4376 948 4425 ep.
964 4360 998 4410 lii.

473 4449 516 4516 (2)
531 4447 597 4498 Hist.
609 4447 676 4496 Eccl.
687 4448 703 4495 l.
715 4447 756 4496 vii.
767 4463 790 4497 c.
800 4447 867 4497 xviii.

474 4533 517 4599 (3)
531 4532 561 4583 L.
576 4532 607 4581 de
617 4529 766 4595 pudicitia-c.
778 4546 802 4580 x.
