2798 5092
135 365 192 422 192
469 358 525 422 nl:
547 354 692 420 CULTU
711 352 988 420 SA-NGTORUM.

92 460 108 607 :ll
133 538 220 582 omns
233 522 364 581 vicerint.
404 522 500 589 Quare
524 520 597 579 nihil
610 528 658 579 est
668 510 803 578 absurdi:
825 519 885 578 imo
899 518 966 579 rard
981 536 1102 578 necesse
1121 528 1184 579 erat
1205 539 1258 580 eos
1287 523 1344 596 qui

90 616 103 705 j
133 628 194 679 tsru
209 619 293 677 claris
310 619 481 677 facinoribus
494 617 700 686 excelluerunt,
714 617 809 676 ornari
822 618 968 695 perpetuis
982 617 1190 677 bonoribus.”¹

173 719 224 774 8⁰.
248 716 281 774 S.
297 715 522 774 Hrunorrrnns:
544 723 565 751 ‘⁸
576 713 761 774 Houoramus
775 730 884 782 seruos,
893 725 925 772 ut
935 713 1029 773 honor
1041 731 1188 773 servorum
1199 712 1347 775 redundet

134 810 170 869 ad
187 810 392 870 Dominum.”⁸

175 914 225 969 tlt.
252 911 286 968 S.
298 912 491 969 Auansnrrsus
499 908 598 967 Fausti
608 908 763 968 Manicbrai
777 907 948 967 calumniam
961 909 1004 967 sic
1014 908 1115 968 diluit:
1133 917 1154 946 ‘⁶
1167 908 1245 967 Nam
1261 907 1344 982 qnod

137 1007 226 1065 etiarn
244 1007 312 1065 hinc
326 1006 409 1065 nobis
423 1005 610 1064 calumniatur
634 1005 768 1072 Faustus,
782 1004 859 1078 quod
880 1016 1037 1083 martyrum
1052 1005 1205 1065 memorias
1219 1004 1347 1065 honora·

143 1122 219 1172 mus,
234 1104 264 1162 in
279 1104 335 1163 hoc
357 1103 466 1171 dicens,
481 1118 542 1160 nos·
557 1100 633 1161 idola
653 1103 850 1171 consertisscr
872 1121 932 1161 non
951 1114 1009 1161 tam
1030 1116 1195 1162 memoret
1217 1111 1249 1161 ut
1270 1102 1344 1163 huic
1380 1182 1384 1187 Ι

143 1201 293 1260 calumnie
306 1199 507 1277 respondeam,
522 1216 608 1272 quem
630 1209 661 1257 ut
681 1201 777 1277 ipsum
797 1198 936 1260 Faustum
957 1200 1105 1259 ostendam
1121 1200 1217 1259 studio
1231 1200 1344 1261 calum·

47 1300 56 1379 j
139 1299 249 1367 niaudi,
273 1300 358 1357 stiam
374 1299 410 1357 ab
424 1298 516 1376 ipsius
531 1298 686 1357 Manichei
702 1296 872 1357 vanitatibus
896 1299 1053 1357 exorbitare
1075 1299 1201 1358 voluisse
1203 1338 1343 1359 .....

140 1396 274 1475 Populus
289 1407 383 1455 autem
399 1396 570 1455 christianus
584 1397 737 1455 memorias
752 1408 909 1473 martyrum
930 1397 1063 1475 religiosa
1080 1397 1260 1456 solemnitate
1274 1416 1346 1458 con·

140 1496 275 1561 celebrat,
291 1507 320 1552 et
334 1493 368 1552 ad
383 1493 564 1552 excitandam
585 1494 783 1562 imitationem,
798 1503 827 1551 et
854 1505 885 1552 ut
905 1496 1013 1554 meritis
1034 1514 1133 1554 eorum
1147 1496 1344 1564 consocietur,

137 1602 226 1665 atque
239 1591 414 1650 orationibus
429 1608 528 1648 eorum
544 1589 713 1668 adjuretur:
736 1591 775 1648 ita
788 1602 882 1648 tamen
896 1604 927 1649 ut
941 1591 1012 1650 nulli
1033 1603 1200 1668 martyrum,
1216 1590 1270 1650 sed
1283 1590 1344 1669 ipsi

137 1688 203 1746 Deo
232 1696 400 1762 martyrum,
415 1686 547 1759 quamvis
574 1687 604 1744 in
629 1686 782 1744 memorias
811 1696 977 1764 martyrum,
999 1687 1204 1747 constituamus
1231 1686 1342 1746 altaria

136 1786 214 1853 Quis
237 1785 314 1844 enirn
340 1785 497 1843 antistitum
522 1785 551 1843 iu
576 1784 648 1842 locis
674 1797 834 1842 sanctorum
860 1804 1012 1862 corporum
1034 1785 1171 1844 assistens
1185 1786 1278 1856 altari,
1293 1784 1345 1845 ali·

72 1952 80 1961 „
134 1884 254 1959 quando
269 1883 362 1942 dixit:
385 1883 542 1943 Offeritnus
558 1883 619 1951 tibi,
636 1883 731 1949 Petra.
747 1894 795 1940 aut
816 1883 917 1953 Paule,
932 1894 980 1942 aut
1000 1883 1167 1962 Cypriane3
1189 1884 1241 1944 sed
1262 1875 1344 1959 quod

74 1966 80 1973 ⁴
135 1981 268 2048 offertur,
285 1980 404 2039 offertur
417 1980 492 2047 Dec,
508 1980 558 2054 qui
572 1992 712 2057 martyres
727 1981 883 2048 coronavit,
899 1981 974 2058 apud
988 1982 1140 2040 memorias
1153 1999 1253 2041 eorum
1267 2000 1344 2056 quos

75 2078 79 2109 ³
137 2081 305 2140 coronavit:
327 2091 359 2137 ut
383 2098 420 2137 ex
444 2080 573 2156 ipsorum
594 2078 723 2137 locorum
744 2077 940 2138 admonitione
962 2080 1053 2157 major
1080 2079 1199 2138 affectus
1219 2089 1343 2159 exurgat

70 2154 78 2223 Ῐ
135 2179 171 2239 ed
187 2179 347 2238 acuendam
364 2177 541 2246 charitatem,
556 2187 585 2234 et
598 2178 628 2235 in
642 2175 707 2235 illos
723 2194 796 2249 quos
811 2177 915 2235 imitari
930 2196 1095 2252 possumus,
1110 2187 1139 2237 et
1151 2180 1180 2237 in
1191 2178 1343 2254 illumque

61 2286 69 2349 r'
134 2277 292 2355 adjuvante
307 2292 474 2353 possumus.
517 2274 651 2333 Colimus
674 2292 743 2351 ergo
768 2268 908 2352 martyres
928 2293 964 2334 eo
984 2275 1061 2333 cultu
1075 2274 1237 2335 dilectionis
1250 2285 1281 2336 et
1293 2296 1342 2337 so·

52 2396 59 2449 5
135 2366 263 2442 ciesausJ
275 2392 333 2447 quo
348 2382 376 2431 et
390 2373 420 2431 in
434 2371 488 2429 hac
502 2371 560 2430 vita
573 2371 706 2430 coluntur
719 2370 811 2429 sancti
825 2371 958 2431 homines
972 2371 1078 2431 Derr'·

173 2478 222 2531 32.
243 2470 363 2531 Accedit
377 2470 449 2528 ratio
464 2487 528 2543 que
549 2469 649 2527 suadet
663 2469 801 2528 honorem
816 2487 902 2542 quem
924 2469 990 2528 Deo
1004 2470 1155 2538 debemus,
1170 2471 1291 2549 exigere
1305 2480 1340 2531 nt

136 2571 276 2644 quelibet
290 2586 414 2646 persona
426 2568 581 2626 honoretur
595 2584 646 2644 pro
671 2567 807 2625 relatione
822 2584 907 2639 quam
928 2567 1013 2626 habet
1025 2567 1060 2627 ad
1074 2568 1181 2628 Deum.
1224 2569 1276 2629 Sin
1296 2588 1341 2629 sa-

65 2738 72 2765 Ι
137 2669 269 2729 cerdotes
284 2679 313 2725 et
340 2667 487 2744 prophete
502 2684 617 2742 semper
631 2676 841 2723 consueverunt
854 2666 972 2742 speciali
993 2667 1100 2726 honore
1114 2667 1200 2737 affici,
1215 2668 1302 2729 stiam
1324 2688 1344 2729 a

62 2778 66 2797 ¹
133 2768 261 2844 regibus,
278 2765 328 2838 qui
342 2772 419 2823 certe
434 2764 548 2822 civilem
564 2763 673 2822 cultum
687 2781 745 2822 non
761 2763 796 2820 iis
810 2763 978 2831 tribuebant,
993 2764 1044 2822 ssd
1057 2764 1236 2825 honorabant
1249 2768 1280 2827 in
1300 2768 1340 2829 iis

58 2890 62 2923 r
135 2863 263 2921 divinam
279 2872 449 2942 potestatem
465 2880 550 2935 quam
563 2860 747 2919 exhibebant.
769 2859 915 2934 Equidem
931 2862 1104 2938 promtiore
1119 2861 1217 2922 dotum
1232 2864 1340 2938 quibus

59 2970 62 2975 '
132 2961 197 3036 quis
211 2969 336 3028 cruatur,
350 2959 444 3018 bonor
458 2961 552 3018 varius
563 2968 624 3017 est:
642 2958 735 3017 civilis
752 2959 860 3035 quippe
876 2959 969 3017 cultus
984 2960 1114 3018 tribuitur
1126 2961 1164 3018 iis
1178 2961 1228 3034 qui
1241 2978 1340 3029 rerum

132 3059 299 3137 potiuntur:
321 3058 369 3116 ille
384 3059 470 3135 igitur
483 3058 533 3130 qui
548 3057 679 3134 personis
701 3056 789 3114 sacris
805 3057 944 3124 tribuitur,
957 3056 1107 3134 religiosus
1119 3056 1268 3116 habendus
1283 3068 1339 3120 sst.

131 3165 151 3194 ‘⁸
161 3154 300 3214 Videntes
315 3166 409 3215 autern
425 3154 476 3212 filii
492 3154 698 3231 prophetarum
711 3153 853 3226 quierant
865 3153 894 3211 in
905 3152 1023 3241 iericho
1034 3170 1051 3210 e
1062 3166 1170 3223 contra,
1182 3154 1339 3217 dixerunt:

129 3253 285 3327 Requierit
298 3251 422 3328 Spiritus
437 3250 511 3308 Elioe
526 3267 613 3325 super
626 3248 778 3307 Elisaeum.
820 3249 860 3307 Et
875 3250 1023 3306 venientes
1038 3250 1067 3308 in
1090 3268 1243 3310 occursum
1260 3252 1339 3330 ejus,

131 3352 319 3410 adoraverunt
333 3366 399 3406 euru
415 3347 497 3424 proni
513 3347 543 3403 in
559 3345 710 3403 terram.”⁴
729 3346 837 3404 Abdias
852 3345 1033 3422 dispensator
1045 3346 1147 3405 domus
1160 3348 1248 3424 regiae
1262 3349 1340 3409 Elias
1368 3334 1374 3345 ⁴

132 3448 247 3505 obviam
272 3446 385 3504 factust
417 3452 511 3501 “curn
538 3442 721 3518 cognovisset
743 3462 820 3510 eum,
846 3442 950 3500 cecidit
972 3461 1060 3520 super
1084 3443 1184 3501 faciem
1208 3445 1345 3505 snam.’'⁸

132 3544 274 3622 Ejusdem
289 3542 398 3620 speciei
412 3540 574 3599 censendus
592 3552 635 3598 est
652 3541 744 3598 cultus
766 3541 824 3609 hic,
840 3541 902 3598 sire
924 3542 1063 3599 tribuatur
1083 3542 1119 3600 iis
1137 3542 1234 3614 quiin
1257 3545 1344 3604 terris

134 3652 293 3706 versantur,
308 3642 370 3698 sive
385 3640 422 3698 iis
437 3638 566 3710 quicum
581 3637 699 3697 Christo
713 3647 841 3716 regnant,
857 3638 988 3712 quamvis
1003 3637 1159 3697 solemnior
1173 3637 1221 3697 hic
1236 3641 1287 3710 sit,
1302 3644 1344 3702 ob

130 3737 290 3798 sanctitatis
304 3736 511 3814 perlectionem
526 3754 612 3809 quam
627 3735 756 3793 amittere
771 3746 927 3809 nequeunt.

165 3978 208 4042 (1)
228 3973 258 4025 L.
273 3976 297 4024 6.
307 3973 435 4024 inJulian.

163 4064 206 4135 (3)
227 4061 277 4128 Ep.
289 4060 319 4110 ad
331 4059 467 4124 Riparium.

164 4150 203 4214 (3)
222 4146 252 4199 L.
260 4163 304 4197 xx.
316 4153 402 4197 contra
412 4144 534 4193 Faustum
543 4159 565 4194 c.
575 4143 629 4194 xxi.
652 4143 716 4194 l'ide
728 4142 798 4209 plura
809 4144 949 4195 testimonia
958 4144 1025 4210 apud
1036 4143 1152 4195 Natalem
1163 4145 1348 4202 Alexandrum

128 4235 185 4286 hist.
197 4236 265 4287 Eocl.
277 4235 338 4285 Sec.
350 4250 374 4283 r.
385 4233 453 4284 Diss.
462 4247 523 4284 xxv.
535 4231 592 4282 Vol.
602 4231 635 4282 ix.

164 4323 201 4384 (4)
217 4322 263 4370 IV.
274 4322 334 4383 ng.
346 4321 372 4370 ii.
387 4321 425 4369 15.

165 4408 201 4466 (5)
218 4405 263 4455 ΙΙΙ.
280 4405 342 4467 Reg.
353 4405 422 4455 xviii.
440 4409 464 4454 ⁷.
