2798 5092
54 334 56 339 ’
159 369 200 427 cs
585 368 642 429 mr
664 368 935 431 cucrurncrs.

159 534 253 583 tantur
274 567 281 582 .
304 566 312 584 .
336 567 343 584 .
367 567 375 584 .
397 525 431 585 ln
445 525 594 587 diaconatu
616 527 651 586 ad
675 528 770 587 minua
796 548 901 589 annum
916 529 1069 607 integrum,
1090 528 1147 588 nisi
1161 529 1199 587 ob
1213 527 1358 588 Ecclesiae

159 621 308 681 utilitatem
323 642 356 682 ac
380 626 578 684 necessitatem
600 625 675 684 aliud
696 627 834 703 episcopo
855 625 1007 694 videretur,
1029 625 1301 694 ministraverint,”¹
1321 623 1359 684 sd

158 719 349 780 sacerdotium
373 741 429 783 uon
452 734 665 800 promoventur.
707 725 765 792 Qui
779 724 879 785 ordine
899 724 1028 788 inferiori
1042 724 1152 784 omisso
1174 723 1210 782 cd
1224 724 1358 783 altiorem

158 816 297 883 evehitur,
305 835 361 896 per
374 818 485 879 saltum
498 819 642 879 ordinatus
657 820 769 889 dicitur,
784 833 813 879 et
825 819 1010 899 suspenditur
1025 821 1059 880 ab
1070 820 1203 880 ordinum
1218 820 1359 880 exercitio

158 911 250 971 doceo
265 913 419 992 episcopus
430 915 600 993 dispenset.¹

199 1013 265 1068 121.
287 1009 484 1089 Irregnlerea,
499 1032 550 1071 seu
565 1013 649 1072 alieni
664 1034 680 1071 a
694 1013 790 1090 regula
804 1014 844 1072 illi
860 1014 999 1074 habentur
1012 1032 1084 1087 quos
1098 1014 1148 1073 lex
1159 1012 1358 1072 ecclesiastica

157 1116 232 1164 vetet
245 1105 279 1166 ad
293 1107 407 1166 ordines
422 1111 593 1186 promoveri,
609 1109 655 1168 vel
668 1109 783 1168 ordines
793 1111 855 1188 jam
869 1120 1019 1187 susceptos
1031 1128 1175 1169 exercere.
1221 1107 1358 1167 Crimine

156 1203 202 1263 vel
216 1203 329 1286 desectas
343 1207 510 1284 irregulares
525 1209 606 1267 finnt.
648 1206 772 1267 infames
787 1210 824 1267 oh
838 1210 957 1268 crimina
975 1208 1153 1268 declarantur
1166 1208 1216 1282 qui
1231 1206 1360 1267 scienter

154 1302 327 1379 baptismum
353 1305 451 1364 iterato
476 1306 656 1374 conserunt?
676 1301 837 1375 simoniaci,
853 1325 947 1366 rerum
968 1326 1111 1366 sccrsmm
1127 1306 1238 1364 scilicet
1253 1303 1359 1363 nundi·

154 1401 278 1459 nationis
302 1401 378 1469 rei3⁴
397 1403 447 1476 qui
470 1422 520 1480 per
544 1403 646 1462 saltum
668 1403 790 1463 ordinati
814 1416 898 1474 sunt;
922 1406 1022 1478 quiin
1043 1403 1142 1463 ordine
1168 1421 1249 1461 sacro
1263 1420 1355 1476 quern

128 1516 213 1575 'nou
241 1508 431 1575 suscepemnt
457 1500 653 1560 ministrarunt
665 1506 688 1570 ;ὅ
716 1503 765 1574 qui
794 1500 828 1559 ad
850 1501 1050 1578 suscipiendos
1078 1500 1193 1560 ordines
1213 1500 1353 1577 obrepse-

154 1606 229 1664 ruut,
252 1595 359 1670 absque
381 1597 556 1673 probatione,
580 1611 609 1657 et
636 1598 785 1658 vocatione
813 1599 943 1677 episcopi
954 1599 977 1656 :⁸
997 1599 1046 1672 qui
1073 1598 1188 1656 ordines
1216 1595 1358 1675 suscepe-

153 1694 288 1760 runt,ch
308 1703 458 1772 susceptos
482 1705 679 1764 exercuerunt,
702 1695 804 1774 majori
828 1696 1135 1764 excommunicatione,
1150 1696 1356 1773 suspensione,

74 1852 77 1856 ,
153 1789 199 1846 vel
213 1789 268 1848 alia
281 1809 402 1849 consura
423 1790 501 1868 ligati
511 1793 534 1860 3⁷
555 1793 603 1866 qui
625 1792 814 1852 voluntarium
836 1803 921 1866 atque
941 1792 1079 1871 injustum
1101 1792 1357 1869 patrarunthcmi·

152 1882 284 1946 'sidium’
304 1889 427 1948 Abortus
440 1891 523 1949 soetus
532 1872 659 1958 animati,
674 1890 720 1948 eui
735 1890 838 1964 aliquis
854 1890 984 1968 prestitit
995 1890 1148 1952 consilium
1163 1900 1210 1948 aut
1221 1908 1354 1967 operum,

151 1984 384 2062 irregularitatem
399 1986 483 2047 etiam
505 1987 638 2046 inducit.⁰
677 1985 736 2053 Qui
757 1987 905 2046 homiuem
920 1986 1025 2045 occidit
1037 2004 1070 2044 se
1085 1985 1276 2054 defendendo,
1292 2005 1352 2045 ser·

150 2077 215 2141 rato
229 2083 424 2144 moderamine
439 2085 590 2164 inculpate
606 2086 711 2153 tutela),
729 2085 891 2167 irregularis
905 2103 964 2145 non
978 2085 1029 2153 tit;
1051 2085 1126 2145 sicut
1140 2095 1168 2142 et
1188 2083 1240 2157 qui
1253 2102 1357 2143 amens

149 2180 338 2241 homicidium
353 2185 540 2259 patraverit.¹⁰

192 2285 260 2338 122.
281 2279 454 2356 irregulares
478 2297 515 2337 em
536 2279 666 2358 corporis
693 2279 853 2360 defectibus
880 2289 948 2339 sunt
974 2281 1149 2355 quicumque
1170 2279 1354 2338 deformitate

150 2379 246 2451 aliqua
270 2388 403 2436 notantur
427 2396 490 2450 quae
512 2377 583 2436 adeo
604 2388 648 2436 est
668 2380 762 2455 gravis
793 2391 824 2437 ut
844 2379 933 2437 risum
954 2378 1000 2436 vel
1021 2379 1201 2437 stomachum
1223 2387 1350 2436 moreat.

149 2474 200 2533 Sic
214 2473 307 2532 claudi
322 2475 370 2549 qui
385 2484 471 2551 egent
490 2474 581 2534 sulcru
594 2476 790 2542 utambulent,
806 2475 913 2552 pusilli,
929 2486 957 2534 et
972 2477 992 2533 ii
1006 2476 1111 2549 quibus
1125 2475 1261 2534 abscissas
1284 2482 1354 2533 sunt

148 2593 242 2639 nares,
255 2573 297 2631 rel
307 2572 407 2631 oculus
417 2576 539 2630 erutus¹¹
548 2573 716 2651 irregulares
728 2574 876 2632 habentur.
911 2574 984 2633 Item
996 2574 1085 2642 surdi,
1100 2575 1181 2643 muti,
1192 2573 1265 2632 coeci
1278 2587 1355 2632 utro·

151 2691 206 2746 que
221 2672 316 2739 oculo,
332 2671 377 2729 vel
390 2671 505 2730 sinistro
520 2671 565 2731 vel
579 2672 682 2746 quibus
697 2673 735 2730 ita
749 2672 835 2731 lesus
849 2683 903 2747 est,
914 2682 946 2731 ut
959 2691 1099 2733 cunonem
1117 2673 1215 2731 Misce
1236 2671 1355 2731 nonnisi

148 2789 232 2829 versa
242 2771 313 2828 faeie
325 2768 457 2829 indecore
471 2769 566 2848 legere
579 2771 700 2848 possint.
733 2770 888 2849 Paralytici
897 2772 983 2830 etiarn
998 2771 1166 2849 irregulares
1181 2780 1258 2839 sunt,
1275 2772 1352 2829 sicut

148 2881 176 2926 et
190 2868 344 2946 epileptici,
360 2879 487 2927 carentes
500 2869 596 2943 aliquo
610 2870 748 2938 membro,
765 2868 837 2947 pede
851 2888 906 2928 ex:
922 2889 974 2948 grr
990 2869 1036 2928 vel
1051 2888 1137 2930 mauu
1153 2869 1198 2928 vel
1212 2869 1303 2947 digito
1314 2867 1352 2927 ad

145 2966 467 3046 hostiam'irungendam
482 2969 653 3028 necessaria.
694 2969 752 3036 Qui
766 2987 798 3026 sc
819 2968 968 3029 eunuchos
983 2969 1043 3027 lieri
1059 2968 1138 3046 passi
1152 2977 1230 3036 sunt,
1245 2967 1302 3026 nisi
1318 2965 1349 3025 id

145 3059 296 3143 contigerit
309 3065 486 3124 medicorum
500 3065 631 3134 consilio,
647 3076 714 3124 sunt
734 3065 914 3143 irregulares.
957 3064 1218 3141 Hermaphroditus
1240 3064 1270 3123 in
1293 3082 1353 3138 quc

144 3165 296 3223 imminens
310 3182 398 3222 sexus
413 3164 549 3240 praevalet
561 3163 660 3237 nequit
674 3164 793 3222 omnino
807 3161 921 3222 ordines
943 3161 1100 3240 suscipere,
1116 3181 1205 3235 quum
1218 3161 1346 3222 soeminre

142 3243 262 3322 divino
250 3281 316 3340 Jure
330 3281 347 3318 a
360 3279 441 3318 sacro
456 3259 614 3318 ministerio
633 3266 789 3317 arceantur.
831 3260 862 3319 Si
884 3274 979 3320 autem
1001 3259 1153 3336 prevaleat
1167 3260 1345 3318 masculinus

83 3375 242 3433 33³²·sexus,
258 3358 404 3438 pontificia
419 3357 513 3415 habita
526 3357 749 3434 dispensatione,
764 3356 888 3416 ordinari
910 3358 1049 3434 poterit.

82 3429 129 3489 'ss
187 3462 253 3516 123.
280 3455 323 3515 Ob
336 3455 444 3515 enirm
426 3453 598 3535 desectum
619 3455 787 3532 irregulares
802 3465 869 3513 sunt
882 3473 931 3528 qur
923 3455 1120 3533 baptismum
1134 3473 1191 3514 uon
1207 3473 1345 3533 suscepe-

144 3567 219 3622 runt,
229 3574 348 3629 quorum
360 3555 438 3614 irrita
450 3572 566 3631 prorsus
577 3567 621 3613 est
633 3553 786 3622 ordinatio,
795 3571 880 3612 uerno
894 3552 1013 3613 enimin
1029 3553 1205 3612 sacerdotem
1219 3552 1345 3622 Christi,

145 3651 190 3710 vel
205 3652 367 3711 ministrum
383 3651 538 3726 quemlibet
561 3651 665 3709 sacrari
687 3660 792 3728 potest,
806 3649 856 3724 qui
881 3667 935 3708 nec
948 3649 1136 3711 christianum
1152 3650 1347 3710 characterem

177 3849 220 3915 (1)
240 3847 308 3898 Sese.
318 3849 388 3911 xriii.
399 3865 420 3898 c.
431 3848 466 3898 xi.
477 3847 521 3899 xii.
532 3847 585 3898 xiii.
594 3846 646 3897 xiv.
657 3845 753 3897 deltos.

177 3935 217 4000 (2)
236 3932 299 3998 Oap.
308 3931 372 3984 Ture
380 3933 464 3983 littere
477 3931 507 3983 de
521 3932 607 3984 clerico
618 3936 662 3998 per'
672 3933 762 3982 saltum
774 3931 892 3983 ordinato.

179 4019 226 4086 (8)
243 4017 306 4068 Gerr.
317 4018 367 4068 lxr.
377 4017 433 4068 dist.
445 4018 461 4068 l.
468 4035 523 4084 cap.
530 4018 575 4068 ult.
586 4017 617 4068 ds
628 4016 701 4084 Bapt.
713 4016 776 4083 Oap.
787 4017 813 4067 ii.
824 4017 854 4068 ds
866 4023 969 4083 apostat.

178 4104 217 4167 (4)
235 4103 299 4154 Ono.
310 4105 335 4154 ii.
343 4103 398 4154 dist.
409 4104 465 4154 dist.
475 4103 563 4154 xxxiii.
575 4110 601 4153 st
611 4103 698 4154 sixtus
709 4103 741 4152 V.
751 4103 838 4153 const.
848 4103 978 4153 Sanctum.

177 4189 219 4256 (5)
240 4190 303 4256 Gop.
313 4192 329 4242 i.
341 4192 371 4241 ds
380 4191 446 4242 Olet.
454 4207 506 4242 non
518 4190 622 4241 ordinet.
632 4191 693 4240 min.
714 4210 716 4214 ¹
795 4198 798 4207 ¹

175 4275 215 4340 (6)
234 4274 296 4340 Osp.
306 4277 323 4326 i.
335 4277 360 4327 ii.
368 4277 402 4327 iii.
414 4276 537 4342 decoqui
549 4275 630 4325 tourv.
641 4275 718 4325 ordin.
729 4289 825 4339 suscep.

176 4361 216 4427 (7)
235 4362 296 4427 Gap.
304 4365 383 4414 xxxii.
394 4364 424 4415 de
433 4372 495 4415 seut.
505 4377 629 4414 excomm.

173 4450 213 4514 (8)
235 4447 321 4512 Capi.
332 4457 358 4500 et
368 4466 393 4500 x.
402 4450 433 4500 de
440 4450 556 4502 homicid.
567 4451 661 4499 volunt
673 4447 720 4496 vel.
731 4445 823 4498 casual.

175 4535 217 4602 (9)
235 4534 321 4586 (locst.
333 4535 407 4598 Grog.
419 4537 551 4588 xir.Sodss
562 4534 712 4602 Apostolico.

158 4621 216 4689 (10)
237 4621 316 4672 Olem.
325 4621 399 4673 Unic.
411 4622 442 4673 de
452 4623 566 4674 homicid
1193 4642 1200 4657 κ

155 4709 168 4775 s
173 4712 216 4776 ll)
237 4707 301 4762 Can.
309 4709 352 4761 ult.
362 4708 418 4761 dist.
426 4710 458 4761 lr.
470 4725 523 4777 cap.
533 4710 567 4763 ir.
577 4709 608 4760 de
616 4708 697 4760 cleric.
707 4715 790 4773 egrot.
800 4722 856 4760 cau.
866 4704 884 4760 i.
895 4703 1022 4758 distalix.
1031 4719 1086 4772 cap.
1093 4701 1120 4757 it
1131 4701 1163 4756 de
1170 4703 1329 4771 eorpritlat.
