2798 5092
93 315 130 372 rr
269 382 274 389 ,
389 311 446 373 un
468 313 743 375 sacernantur
763 242 1002 376 vdntnann.'

89 489 194 530 munus
210 470 317 538 attinet,
332 470 408 545 quod
423 490 472 530 ore
487 472 597 531 Christi
611 474 693 532 nobis
715 487 758 533 est
779 475 1019 543 commendatum,
1033 475 1156 549 libenter
1171 494 1206 534 eo
1221 476 1288 535 loco

91 570 194 628 habeo.
236 569 298 627 lllic
311 572 388 629 enim
402 572 572 629 caeremonia
585 583 639 639 est,
662 574 786 649 primum
806 591 844 630 ex
868 573 1023 650 Scripturis
1044 586 1168 652 sumpta,
1184 574 1289 633 deinde

91 686 177 740 quam
193 685 249 724 non
264 685 328 724 esse
343 667 457 727 inanem
472 688 525 726 nec
540 687 756 746 supervacuam,
767 670 818 727 sed
833 669 917 728 fidele
928 671 1084 747 spiritualis
1099 674 1195 748 gratie
1209 690 1290 746 sym·

92 765 190 824 bolum
205 775 321 822 testatur
342 765 448 824 Paulus
471 768 498 844 (l
515 767 595 824 Tim.
617 768 654 824 iv.
681 766 740 846 14.)
783 767 868 834 Quod
888 783 981 826 autern
996 769 1106 827 tertium
1123 771 1150 827 iu
1167 787 1290 827 numero

92 882 149 922 nou
165 862 259 940 posui,
274 880 310 919 eo
324 862 428 921 sactum
449 864 590 936 estquod
616 883 675 922 nou
699 864 872 922 ordinarium
897 884 950 923 nec
971 884 1124 924 commune
1145 879 1191 923 est
1211 864 1289 943 apud

91 976 192 1016 omnes
208 957 317 1026 fideles,
332 957 430 1016 sed'ad
442 972 546 1017 certam
561 959 735 1018 functionem
751 961 884 1036 specialis
902 960 1020 1018 ritus.”¹

135 1061 165 1113 2.
188 1055 343 1114 ACalvini
368 1056 490 1134 placitis,
505 1057 646 1123 ordinem,
669 1058 709 1116 uti
735 1058 834 1130 liquet,
861 1070 1068 1128 sacramentum
1094 1062 1291 1136 agnoscentis,

93 1153 223 1226 quamvis
249 1154 285 1210 ob
300 1153 408 1210 sutilem
424 1154 492 1210 satis
508 1154 643 1212 rationem
670 1155 782 1213 tertium
805 1174 862 1213 uon
884 1155 1078 1231 appellaverit,
1095 1155 1292 1214 discesserunt

93 1251 142 1324 qui
157 1251 226 1308 alias
241 1251 408 1327 plerumque
423 1268 489 1308 eum
506 1251 784 1323 sequunturducem.
825 1252 1021 1311 ordinationis
1035 1252 1188 1326 quemdam
1204 1254 1291 1312 ritum

96 1349 224 1426 plerique
246 1349 377 1416 retinent,
393 1348 443 1406 sed
459 1349 590 1406 virtutem
605 1349 730 1408 divinam
745 1352 772 1408 ei
787 1350 898 1409 adnecti
913 1370 970 1409 non
985 1362 1152 1428 agnoscunt.
1194 1351 1295 1410 Oxou-

94 1447 190 1505 ienscs
213 1459 317 1514 tamen,
333 1447 463 1519 antiquas
487 1459 647 1538 repeteptes
671 1449 798 1516 semitas,
817 1449 878 1525 jam
905 1447 1059 1525 praedicant
1080 1449 1137 1506 vim
1159 1467 1293 1526 magnam

94 1546 161 1604 huic
175 1547 240 1603 ritui
255 1547 361 1612 inesse,
376 1565 468 1618 eoque
484 1545 542 1604 dari
569 1547 708 1622 Spiritum
730 1549 877 1615 Sanctum,
901 1559 929 1604 et
950 1547 1054 1605 divinae
1069 1565 1133 1605 esse
1148 1549 1295 1625 originis.⁹

95 1643 307 1719 Presbyteriani
323 1662 372 1700 eos
396 1662 468 1716 quos
490 1657 592 1702 vocant
605 1642 725 1721 Ruting
745 1643 864 1711 Eldana,
880 1646 1007 1702 seniores
1029 1647 1139 1703 scilicet
1153 1647 1295 1722 regimine

96 1741 257 1818 fungentes,
272 1741 399 1798 oratioue
420 1741 544 1798 ministri
565 1742 593 1799 in
615 1740 643 1798 id
666 1742 791 1799 muneris
805 1741 969 1818 ‘delegant'
982 1761 1039 1815 quo
1061 1753 1142 1818 pacto
1157 1745 1243 1802 etiam
1266 1755 1297 1802 et

95 1837 223 1896 diaconis
239 1837 306 1896 dant
320 1837 512 1896 auctoritatem
527 1856 535 1905 ;
557 1837 663 1896 electos
678 1848 772 1896 autem
787 1840 817 1896 in
839 1858 943 1897 munus
959 1840 1099 1916 pastorale
1113 1857 1164 1897 seu
1181 1844 1295 1917 episco-

96 1936 171 2014 pale,
188 1935 275 2014 (idem
290 1936 365 1994 enim
382 1935 457 2012 apud
471 1954 521 1993 eos
543 1935 672 2012 habetur)
694 1936 878 2013 impositione
902 1956 1036 1995 manuum
1054 1957 1070 1994 a
1091 1938 1296 2014 presbyterio,⁴

98 2045 172 2091 coetu
189 2052 291 2109 nempe
307 2033 451 2090 seniorum
468 2032 607 2091 ordinant.
650 2033 797 2109 Baptistae,
820 2034 912 2091 electo
934 2035 1029 2108 aliquo
1044 2035 1074 2091 in
1092 2035 1296 2103 ministerium,

97 2148 162 2188 eum
178 2128 380 2188 ordinandum
394 2129 492 2187 dicunt
506 2129 689 2205 impositione
704 2148 840 2187 maurium
863 2131 1033 2206 presbyterii
1056 2131 1131 2188 illius
1153 2131 1295 2189 Ecclesiae

98 2231 144 2288 cui
161 2227 359 2306 praeficiendus
375 2237 427 2292 est,
445 2224 489 2283 vel
503 2227 604 2284 vicinae
619 2227 771 2294 Ecclesia,
782 2229 895 2304 jejunio
909 2241 938 2287 et
958 2229 1085 2287 oratione
1100 2230 1246 2306 injunctis,
1268 2243 1298 2289 et

97 2339 156 2386 tota
170 2325 312 2391 Ecclesia,
329 2324 378 2403 (ita
393 2335 495 2382 vocant
508 2325 666 2397 quemlibet
678 2327 796 2404 coetum)
817 2327 970 2385 adstante⁵
1009 2328 1161 2405 Anglicani
1175 2330 1296 2406 imposi-

97 2423 205 2482 tionem
216 2439 330 2495 quoque
343 2440 477 2479 manuum
490 2420 633 2488 adhibent,
647 2424 785 2499 episcopo
797 2443 853 2481 una
867 2426 1116 2501 compresbyteris
1130 2425 1181 2498 qui
1192 2426 1298 2486 adsunt

98 2538 147 2578 eas
162 2518 385 2595 imponentibus.
428 2516 515 2575 Hunc
527 2516 611 2574 ritum
626 2517 772 2577 imitantur
785 2519 968 2578 Metlrodistae
984 2522 1173 2598 episcopales,
1192 2523 1299 2580 variata

99 2628 195 2675 tamen
216 2615 365 2672 verborum
387 2613 507 2672 sormula
529 2633 537 2670 ι
559 2615 713 2691 episcopus
736 2616 814 2675 enim
839 2617 1015 2693 Anglicanus
1040 2617 1131 2675 dicit:
1154 2619 1298 2695 “Accipe

100 2713 239 2791 Spiritum
254 2710 432 2776 Sanctum;’'
455 2709 631 2768 Methodista
651 2722 756 2769 autem.
793 2711 976 2772 “Dominus
998 2712 1299 2790 tibiinsundatSpiri·
1348 2758 1353 2768 .

100 2819 160 2869 tum
176 2805 345 2878 Sanctum.”
378 2805 501 2864 Unitarii
526 2805 712 2864 ordinationis
726 2807 811 2866 ritum
834 2809 961 2867 oratione
986 2809 1144 2887 incipiunt;
1169 2810 1300 2882 sequitur

100 2927 206 2976 sermo,
232 2906 417 2965 ordinationis
442 2905 543 2971 oratio,
569 2905 732 2964 mandatum
758 2925 816 2980 quo
831 2927 935 2984 preco
961 2908 1064 2980 aliquis
1092 2907 1225 2967 ordinato
1247 2927 1300 2966 sua

100 3024 220 3067 munera
234 3005 367 3083 explicat,
382 3004 464 3062 datur
474 3002 589 3062 dextera
605 3005 634 3062 in
650 3005 786 3062 consortii
800 3005 950 3063 ministerii
964 3005 1113 3073 indicium,
1127 3016 1156 3063 et
1169 3006 1299 3066 oratione

101 3105 156 3167 elia
170 3106 344 3164 terminatur.
387 3102 532 3163 Caeterum
548 3102 656 3161 nullum
672 3115 780 3162 certum
795 3103 879 3162 ritum
893 3114 1061 3181 agnoscunt,
1076 3103 1128 3162 sed
1142 3104 1299 3173 Ecclesiis,

135 3335 181 3401 (1)
194 3335 254 3384 1001.
265 3335 283 3384 l.
294 3333 327 3382 iv.
338 3349 359 3382 c.
370 3332 422 3382 xix.
433 3348 459 3381 n.
471 3332 524 3395 28„

136 3421 179 3487 (1)
199 3426 214 3452 “
222 3419 376 3479 Ordinatiou,
387 3433 415 3468 or
426 3434 453 3467 as
464 3417 515 3467 itis
526 3417 602 3467 called
613 3417 640 3468 in
652 3417 694 3468 the
702 3433 758 3468 0000
769 3419 798 3468 01
806 3417 918 3484 Bishcpe,
926 3420 1103 3482 000000001100,
1111 3419 1206 3484 though
1218 3420 1237 3470 it
1244 3421 1305 3472 (1000

38 3534 40 3537 -
99 3515 144 3558 not
154 3505 272 3572 precisely
284 3521 353 3556 come
364 3504 452 3554 within
463 3519 509 3554 our
523 3502 650 3553 definition
662 3504 691 3554 01
703 3520 718 3553 0
729 3505 872 3566 scemment,
883 3505 905 3556 10
915 3505 1079 3556 neverthelees
1090 3523 1106 3556 0
1115 3507 1161 3557 rite
1172 3507 1303 3572 purtaking

99 3591 127 3643 in
138 3609 153 3642 0
164 3591 225 3654 high
244 3591 339 3654 degree,
351 3591 379 3641 01
392 3590 602 3640 thesucrameutal
613 3591 761 3640 character.”
797 3591 872 3642 Tract
891 3591 941 3642 No.
961 3595 984 3641 5.
997 3592 1061 3643 Vide
1072 3593 1145 3644 etiam
1156 3595 1208 3658 jam
1229 3593 1304 3646 citata

52 3718 55 3724 -
78 3707 80 3712 ·
102 3679 251 3740 testimonie,
260 3681 310 3730 vol.
323 3678 358 3728 iii.
369 3694 394 3727 u.
406 3680 429 3727 9.
441 3693 465 3743 p.
480 3679 520 3726 16.

134 3766 177 3832 (3)
198 3763 273 3814 Form
284 3763 313 3814 01
326 3763 493 3813 Govemment
504 3762 543 3812 ch.
555 3762 608 3812 xiii.
619 3770 644 3812 et
655 3763 705 3812 xiv.

134 3853 172 3912 (4)
190 3849 269 3898 “The
281 3848 405 3913 presidiug
413 3848 524 3897 minister
534 3847 597 3897 shall
614 3849 646 3912 1]
657 3863 752 3913 prayer,
763 3847 812 3898 and
824 3848 884 3898 with
895 3848 936 3899 the
952 3849 1037 3914 laying
1047 3864 1081 3899 on
1093 3849 1120 3899 01
1134 3849 1176 3899 the
1186 3848 1267 3899 hands
1279 3851 1308 3900 01

99 3936 141 3987 the
152 3937 300 4002 presbytery,
312 3933 441 3995 according
452 3941 477 3984 to
488 3933 530 3983 the
537 3933 654 4000 apostolic
665 3935 784 3999 example,
796 3935 916 4000 solemuly
926 3935 1010 3984 ordain
1020 3934 1072 3984 him
1083 3942 1108 3984 to
1117 3934 1159 3985 the
1166 3935 1225 4000 holy
1233 3935 1305 3985 office

99 4006 128 4074 or
142 4019 435 4089 theGospalministry.’'
470 4020 663 4071 eleemona.

132 4111 172 4175 (5)
191 4110 284 4160 “Alter
294 4106 387 4170 having
397 4107 471 4157 taken
482 4107 514 4156 all
524 4107 572 4157 due
583 4123 638 4157 cere
650 4115 675 4158 to
686 4106 775 4157 choose
785 4122 833 4156 one
845 4107 882 4157 sor
891 4107 934 4158 the
942 4108 1010 4158 work
1021 4108 1050 4157 01
1057 4107 1098 4158 the
1109 4106 1230 4171 ministry,
1241 4107 1302 4174 they
1338 4161 1341 4167 ,

99 4210 147 4257 are,
158 4197 191 4260 1]
203 4196 251 4245 and
269 4194 329 4246 with
340 4193 382 4244 the
393 4194 542 4244 unanimous
554 4202 657 4244 consent
667 4210 695 4243 or
705 4193 811 4256 suffrage
822 4193 851 4244 01
864 4192 906 4244 the
922 4193 1015 4244 church
1024 4201 1051 4244 tu
1067 4194 1169 4258 procced
1181 4200 1206 4242 to
1217 4193 1256 4244 hie
1267 4211 1318 4245 ur·-

99 4279 226 4340 diuetion;
243 4280 326 4331 which
336 4280 358 4330 is
369 4280 489 4331 asolemu
500 4279 590 4342 setting
601 4287 669 4344 spart
680 4279 708 4329 01
721 4279 784 4329 such
794 4296 810 4329 0
824 4294 914 4344 person
933 4279 970 4328 for
984 4280 1026 4329 the
1043 4279 1126 4328 000το1
1144 4278 1257 4329 sunctiou
1274 4269 1304 4332 in

98 4365 149 4416 this
159 4366 226 4426 wisc,
237 4366 270 4430 1]
281 4366 371 4428 setting
382 4371 450 4430 upart
468 4381 483 4414 0
493 4364 541 4429 day
553 4364 582 4413 01
592 4365 684 4427 tasting
700 4365 749 4414 end
760 4380 856 4430 prayer,
868 4365 930 4414 Acts
942 4366 982 4416 13.
992 4363 1016 4413 2.
1029 4365 1054 4413 8.
1064 4363 1106 4413 the
1117 4361 1198 4412 whole
1209 4362 1306 4416 church

54 4495 57 4500 .
98 4451 172 4514 being
179 4446 283 4516 present,
294 4450 326 4499 he
337 4450 392 4499 isto
404 4449 466 4498 have
478 4448 519 4498 the
531 4449 610 4499 hands
621 4449 650 4499 01
657 4449 699 4498 the
710 4451 850 4513 presbytcry
862 4449 891 4498 01
904 4448 956 4498 thet
967 4445 1068 4508 church,
1077 4462 1104 4496 or
1116 4446 1145 4495 01
1157 4443 1307 4508 neighbour-

97 4538 142 4602 iug
152 4539 230 4589 elders
249 4537 326 4588 called
344 4536 393 4587 end
413 4535 554 4587 authorized
564 4538 597 4602 by
615 4535 668 4586 that
685 4537 785 4596 church,
802 4533 913 4587 whereof
924 4536 986 4586 euch
997 4553 1013 4586 0
1029 4548 1119 4601 person
1131 4533 1153 4582 is
1164 4548 1179 4581 0
1189 4533 1306 4584 member,

97 4628 217 4691 solemnly
229 4625 278 4676 laid
290 4639 357 4691 upon
369 4622 445 4674 him.'’
480 4623 582 4676 Church
593 4623 721 4691 discipline
732 4624 881 4687 coucemiug
889 4623 1022 4685 minianen,
1034 4623 1084 4672 dcc·
