2798 5092
356 347 413 410 DE
435 346 699 409 SANOTORUM
720 347 1028 410 lNVOllATlONE.
1233 352 1291 410 tue

96 513 153 582 post
167 506 224 564 hoc
238 507 406 584 apparuisse
427 518 456 567 et
478 508 566 568 alium
577 507 683 576 uirum,
699 516 779 566 etate
802 517 831 566 et
853 507 943 585 gloria
963 507 1132 576 mirabilem,
1147 518 1175 566 et
1189 509 1287 586 magui

94 602 196 662 decoris
222 604 387 668 habitudine
400 606 475 664 circa
489 607 590 666 illumr
611 605 834 683 respondentem
861 603 928 662 verb
952 605 1058 664 Ouium
1080 605 1207 665 dixisse:
1229 607 1289 666 Hic

95 714 132 759 est
145 699 262 759 fratrum
277 713 385 763 amator
406 714 435 761 et
460 703 560 782 populi
574 703 680 762 lsrael:
702 702 750 760 hic
764 711 808 760 est
822 703 872 776 qui
887 700 1005 761 multum
1020 714 1082 761 orat
1095 723 1147 780 pro
1161 705 1280 782 populo,

96 806 121 854 et
138 797 274 856 universa
286 808 384 859 sancta
396 801 519 868 civitate,
533 800 552 859 J
554 801 674 860 eremias
689 798 829 877 propheta
844 797 947 857 Dei.''1

130 897 179 970 47.
201 894 308 970 Liquet
321 897 407 975 igitur
419 897 556 957 familiare
572 898 659 956 fuisse
675 897 731 956 Dei
746 897 853 974 populo
866 914 918 974 per
931 897 1029 954 omnia
1042 897 1147 956 secula
1162 911 1288 958 veterum

97 1000 256 1050 sanctorum
285 990 392 1054 meritc
415 994 547 1072 allegare,
563 1006 594 1053 ut
607 993 688 1052 Deus
708 993 848 1072 propitius
862 992 917 1051 sibi
931 991 1115 1061 redderetur;
1139 992 1292 1069 Deumque

96 1083 187 1164 ipsum
203 1108 283 1167 saepe
296 1091 404 1168 saepius
415 1092 596 1169 significasse
607 1108 639 1149 se
648 1092 728 1169 plura
738 1089 894 1150 concedere
905 1089 1054 1158 beneficia,
1065 1108 1163 1149 eorum
1175 1092 1290 1151 intuitu:

98 1185 211 1262 angelos
224 1188 310 1245 etiam
320 1189 467 1247 invocatos
481 1207 546 1248 esse
560 1199 592 1247 ut
602 1189 743 1247 beneficia
753 1188 930 1264 largirentur,
943 1196 1040 1265 utpote
1056 1187 1217 1247 divinorum
1228 1209 1295 1250 cou-

97 1283 221 1343 ailiorum
240 1286 395 1344 ministros.
425 1286 489 1345 Hos
504 1306 569 1347 cum
586 1287 694 1346 honore
709 1286 867 1345 nominavit
883 1284 1022 1353 Joaunes,
1046 1285 1132 1343 veluti
1146 1286 1243 1363 gratiae
1264 1296 1294 1345 et

92 1379 168 1456 'pacis
189 1399 254 1455 quae
267 1380 411 1441 schristo
426 1393 471 1441 est
483 1383 651 1443 ministros:
674 1381 806 1441 “Gratia
820 1382 901 1441 vobis
916 1390 944 1439 et
959 1400 1014 1459 pax
1029 1382 1063 1440 ab
1078 1400 1112 1440 eo
1127 1383 1176 1455 qui
1190 1392 1244 1452 est,
1266 1395 1296 1443 et

98 1479 140 1551 qui
164 1491 235 1546 erat,
259 1489 288 1537 et
309 1481 359 1553 qui
373 1492 509 1539 venturus
532 1492 585 1550 est,
602 1490 631 1539 et
656 1500 673 1538 a
695 1491 805 1557 septem
830 1480 988 1556 spiritibus,
1012 1479 1110 1552 quiin
1133 1474 1290 1558 cbnspectu

98 1574 186 1634 throni
200 1577 265 1653 ejus
279 1577 393 1637 suut.’'⁹
431 1579 495 1638 imo
517 1596 685 1656 persuasum
700 1577 753 1636 fuit
766 1577 877 1637 Judaeis
898 1578 1013 1651 eosqui
1037 1578 1140 1635 evivis
1156 1578 1295 1637 discesse·
1383 1568 1391 1625 ἓ

100 1683 163 1740 rant,
179 1693 232 1751 pro
247 1676 356 1752 populo
379 1675 476 1735 Deum
491 1676 648 1753 deprecari,
663 1694 784 1749 eamque
809 1675 1025 1753 persuasionem
1044 1674 1124 1734 Deus
1139 1676 1201 1753 ipse
1215 1675 1296 1735 Jere·

101 1771 158 1828 niae
172 1772 338 1832 testimonio
352 1784 380 1831 et
395 1774 505 1832 visione
519 1773 602 1833 Judae
617 1773 777 1832 Machabaei
790 1773 978 1831 confirmavit.

133 1871 182 1925 48.
205 1867 420 1928 confirmantur
432 1871 494 1928 haec
508 1871 605 1929 omnia
618 1871 654 1929 iis
669 1869 840 1928 testimoniis
856 1887 919 1942 quae
930 1869 1048 1946 angelos
1057 1879 1229 1944 sanctosque
1244 1874 1294 1930 e‘x·

107 1963 199 2025 hibent
210 1966 275 2026 Deo
290 1969 443 2028 offerentes
458 1987 557 2046 preces
567 1970 721 2047 justorum.
764 1977 783 2004 ¹·
797 1967 919 2034 Quando
934 1967 1033 2041 orabas
1048 1987 1112 2026 cum
1125 1969 1294 2045 lacrymis,”

109 2060 215 2122 dicebat
230 2065 360 2143 Raphael
374 2067 549 2135 Tabia-⁴⁶
560 2085 615 2144 ego
628 2066 716 2124 obtuli
731 2065 888 2124 orationem
910 2073 987 2123 tuam
1001 2063 1173 2124 1)οιιιὶιιο.”8
1213 2075 1233 2104 “
1245 2067 1297 2126 vi-

105 2160 170 2236 giuti
187 2177 310 2236 quatuor
322 2167 450 2225 seniores
465 2166 628 2226 cecideruut
642 2183 738 2224 coram
753 2182 837 2241 agno,
853 2163 991 2222 habentes
1005 2162 1110 2240 singuli
1125 2164 1249 2223 citharas
1268 2177 1298 2224 et

106 2257 207 2332 phialas
233 2280 333 2321 aureas
356 2264 456 2341 plenas
478 2263 738 2329 odoramentorum,
749 2280 812 2336 quae
839 2271 906 2319 sunt
930 2261 1072 2320 orationes
1087 2261 1299 2323 sanctorum.'’⁴

108 2356 173 2416 “Et
185 2358 260 2418 alius
275 2361 393 2437 angelus
408 2362 495 2436 venit,
510 2372 538 2420 et
561 2361 639 2420 stetit
659 2370 723 2419 aute
738 2359 823 2418 altare
837 2359 947 2417 habens
968 2358 1143 2418 thuribulum
1157 2378 1295 2418 aureum:

109 2466 131 2512 st
142 2455 205 2514 data
219 2467 289 2532 suut
303 2458 345 2517 illi
359 2459 477 2518 incensa
497 2459 596 2528 multa,
609 2470 640 2517 ut
653 2457 732 2516 daret
745 2455 782 2516 de
795 2456 971 2516 orationibus
985 2466 1147 2516 sanctorum
1169 2459 1299 2519 omnium

109 2569 188 2631 super
201 2555 429 2626 altareaureum,
444 2557 521 2631 quod
534 2567 655 2616 estante
673 2555 805 2614 thronum
830 2554 895 2613 Dei.
937 2554 979 2613 Et
991 2554 1119 2614 ascendit
1140 2555 1235 2615 sumus
1256 2557 1300 2617 iu·

108 2667 251 2711 censorum
278 2651 314 2711 de
327 2655 501 2713 orationibus
516 2667 679 2713 sanctorum
699 2653 734 2711 de
750 2670 835 2712 manu
850 2652 944 2730 angeli
958 2671 1057 2711 coram
1071 2652 1182 2714 Deo.’'⁵
1222 2656 1294 2743 Hpec

107 2747 168 2805 satis
192 2748 348 2807 ostendunt
369 2750 486 2828 angelos
510 2760 683 2824 sanctosque
707 2767 773 2807 cum
798 2746 917 2805 Christo
941 2758 1091 2824 regnantes
1113 2767 1179 2808 suas
1192 2751 1295 2816 habere

108 2858 194 2919 partes
205 2847 237 2906 in
250 2848 425 2907 orationibus
439 2857 601 2907 sanctorum
616 2847 665 2921 qui
679 2847 709 2905 in
721 2847 803 2904 terris
816 2853 964 2902 versantur
975 2844 1039 2904 Deo
1050 2851 1296 2914 commendandis.

141 2946 190 3003 49.
212 2944 357 3003 Praeterea
375 2963 413 3004 ex
428 2945 575 3025 Scriptura
595 2954 672 3002 certo
686 2951 800 3001 constat
820 2939 916 3000 Deum
931 2954 1023 3017 gratas
1038 2940 1142 3004 habere
1156 2951 1299 3012 orationes

114 3055 178 3112 quas
188 3042 263 3119 justi
278 3042 308 3100 in
321 3043 402 3102 terris
417 3062 468 3120 pro
478 3043 540 3101 aliis
559 3039 719 3100 effundunt.
760 3038 877 3097 Amicos
888 3037 945 3096 Job
964 3036 1075 3099 adeum
1099 3045 1217 3115 remisit,
1236 3050 1299 3126 ejus

110 3147 211 3199 tanttun
226 3141 354 3200 oratione
369 3160 401 3200 se
416 3140 585 3220 placandum
600 3139 766 3218 significans
781 3158 789 3197 ι
812 3137 885 3196 “Ite
900 3136 934 3195 ad
946 3155 1061 3196 servum
1078 3158 1174 3202 meum
1188 3145 1255 3216 Job,
1271 3161 1300 3209 et

110 3235 203 3296 offerte
218 3237 415 3298 holocaustum
431 3257 483 3316 pro
498 3239 601 3297 vobis:
623 3237 679 3296 Job
694 3247 789 3295 autem
810 3253 909 3294 servus
932 3240 1014 3294 mens
1028 3237 1119 3296 orabit
1132 3259 1184 3316 pro
1199 3245 1298 3307 uobis:

111 3334 204 3397 taciem
218 3340 283 3416 eJus
297 3336 464 3417 suscipiam,
480 3351 580 3399 utnon
593 3338 675 3397 vobis
690 3337 845 3414 imputetur
857 3333 1022 3394 stultitia.”a
1062 3336 1094 3394 S.
1110 3338 1218 3400 Paulus
1230 3344 1300 3406 fids·

111 3430 174 3494 lium
188 3454 241 3513 pro
255 3454 287 3494 se
308 3437 447 3514 expetivit
468 3455 567 3514 preces
580 3456 588 3494 ι
611 3435 773 3493 “Obsecro
797 3450 866 3508 ergo
880 3451 932 3490 vos
956 3431 1056 3490 fratres
1071 3452 1122 3510 per
1137 3434 1295 3504 Dominum

116 3545 235 3594 ausuum
251 3535 354 3594 lesum
369 3535 529 3604 Christum,
543 3545 573 3594 et
598 3551 650 3612 per
662 3533 836 3592 ‚charitatem
852 3531 942 3589 sancti
964 3531 1099 3608 Spiritus,
1116 3544 1147 3593 ut
1161 3536 1302 3616 adjuvetis

116 3647 155 3688 me
167 3632 198 3690 in
208 3633 384 3693 orationibus
400 3633 500 3691 vestris
515 3651 567 3710 pro
582 3649 629 3690 me
643 3629 678 3688 ad
693 3627 834 3689 Deum.”⁷
874 3636 894 3664 ‘⁶
905 3628 991 3686 Orate
1001 3646 1052 3704 pro
1065 3629 1186 3693 invicem
1202 3648 1233 3695 ut
1246 3641 1300 3699 sal·
1379 3656 1381 3661 ·

117 3729 262 3788 remini.'’⁸
302 3731 332 3789 A
336 3729 466 3810 fortiori
477 3742 561 3811 gratae
577 3740 644 3787 sunt
658 3727 722 3786 Deo
744 3727 886 3787 orationes
908 3737 1070 3784 sanctorum
1096 3729 1125 3787 in
1150 3733 1236 3804 oaelis,
1252 3740 1303 3810 qui

146 3888 185 3955 (l)
204 3889 235 3942 ll.
248 3890 331 3941 Manli.
342 3907 384 3942 xv.
397 3891 436 3940 la.

149 3976 188 4040 (tl
207 3976 286 4042 Apoc.
296 3977 313 4027 i.
325 3979 349 4028 4.

147 4064 184 4128 (3)
202 4061 287 4112 Tobiae
298 4062 340 4114 xii.
358 4067 397 4113 12.

149 4148 189 4218 (4)
207 4151 288 4216 Apoc.
299 4166 322 4200 v.
333 4153 357 4200 8.

151 4236 187 4300 (5)
205 4236 283 4303 Apoc.
294 4236 343 4286 vlii.
361 4239 385 4285 3.

152 4323 192 4390 (6)
209 4323 257 4374 iob
268 4322 350 4372 attin.

153 4410 192 4477 (7)
211 4411 283 4464 Rom,
294 4425 335 4460 xv.
346 4413 387 4460 20.
399 4408 455 4461 vide
474 4414 499 4458 et
519 4407 613 4473 Ephes.
625 4407 658 4460 ui.
670 4405 710 4462 19.
732 4407 751 4458 1.
764 4406 852 4459 Thess.
864 4424 887 4458 v.
899 4409 941 4460 25.
964 4407 996 4458 11.
1007 4406 1095 4458 Thess.
1108 4405 1143 4462 iii,
1155 4408 1177 4461 l,
1211 4406 1308 4460 Coloss.

125 4493 182 4549 lui.
213 4498 279 4549 Hsb.
290 4497 342 4547 xiii.
356 4501 395 4548 18.

155 4583 191 4651 (Β)
206 4585 292 4638 Jacob.
303 4600 325 4634 v.
339 4587 379 4634 16.
