2798 5092
598 368 822 431 urrunnu.
885 390 889 401 ·
1247 366 1305 431 881

107 534 309 594 monumenta,
329 527 370 586 uti
392 525 571 597 Blondellus,
587 526 774 587 calvinianus
795 527 862 588 licet
882 528 1022 596 minister,
1043 546 1081 586 ex
1110 528 1239 605 professo
1260 526 1309 587 de·

104 623 289 683 monstravit.
331 623 406 683 Vide
420 620 658 686 Dissertatiouem
674 626 727 685 hac
747 625 782 684 de
797 644 827 685 re
843 626 955 685 Natalis
971 625 1127 685 Alexandri
1142 639 1220 685 tomo
1236 625 1306 684 XII.
1353 690 1359 695 ,

105 719 179 779 hist.
195 720 280 780 Eccl.
320 720 450 781 Sufficiat
462 723 510 783 irio
531 723 753 783 animadvertere
775 733 936 801 temporum
959 724 1176 801 supputationes
1197 723 1307 783 nullum
1359 716 1362 730 '

103 818 205 878 locum
228 820 364 879 fabulosae
385 821 515 898 Papissae
530 821 701 895 relinquere.

58 960 61 965 -
153 922 221 977 100.
243 918 439 979 Bennnicuvs
452 920 518 990 111,
539 925 578 978 22
600 919 672 979 Julii
694 939 769 979 anno
783 925 841 979 855
857 921 962 979 invitus
978 920 1086 979 electus
1097 920 1226 978 unanimi
1240 938 1306 979 cou-

102 1033 209 1083 sensu,
238 1019 277 1075 29
305 1016 482 1095 Septembris
514 1017 737 1076 consecrationis
766 1035 869 1076 munus
906 1016 1044 1093 suscepit.
1096 1014 1305 1091 Imperatorum

108 1112 244 1171 Lotharii
267 1123 296 1172 et
322 1113 464 1173 Ludovici
484 1113 569 1192 legati
594 1114 722 1173 laverunt
742 1114 905 1182 Anastasio,
928 1115 976 1187 qui
1002 1112 1100 1172 sedem
1120 1113 1234 1178 invasit,
1256 1110 1308 1170 sed

103 1209 189 1268 brevi
211 1209 604 1288 agnoveruntsssuediotum.
646 1210 751 1269 Sancte
772 1210 939 1287 gubernavit
960 1209 1123 1270 Ecclesiam
1145 1208 1179 1267 ad
1195 1213 1214 1266 8
1228 1207 1306 1266 diem

104 1309 221 1385 Aprilis
236 1313 304 1367 808.

152 1411 221 1466 107.
243 1406 275 1465 S.
292 1407 446 1466 Nicotaus
459 1407 496 1476 l.,
510 1411 550 1466 24
566 1406 613 1469 dis
627 1406 756 1484 ejusdem
771 1406 891 1475 mensis,
904 1407 1009 1465 invitus
1024 1405 1059 1464 ad
1074 1405 1171 1464 sedern
1183 1405 1307 1481 Aposto-
1391 1462 1394 1467 .

105 1501 198 1561 licam
213 1514 329 1561 evectus
344 1514 416 1562 est1
439 1503 470 1561 S.
486 1500 600 1580 Ignatii,
616 1502 780 1580 patriarche
796 1501 1118 1580 constantinopolitani,
1129 1503 1196 1579 jura
1209 1512 1308 1560 contra

102 1599 249 1659 Pbotium
263 1598 340 1659 sedis
354 1620 414 1659 suae
428 1601 588 1661 invasorem
604 1611 718 1659 strenue
734 1598 897 1670 vindicavit,
912 1612 941 1659 et
963 1601 1135 1679 Gregorium
1151 1599 1306 1676 Syracusa·

101 1702 191 1767 num,
207 1699 257 1772 qui
272 1699 407 1760 Photium
421 1699 608 1768 ordinaverat,
624 1699 653 1759 iu
668 1710 837 1776 perpetuum
849 1700 1052 1759 exauctoravit.
1094 1696 1261 1757 Zachariam
1276 1705 1306 1756 et

104 1795 312 1857 Rhadoaldum
327 1798 491 1876 episcopos,
507 1816 579 1872 quos
592 1798 699 1887 legatos
710 1797 987 1875 Constantinopolim
1000 1797 1126 1865 miserat,
1141 1796 1171 1855 in
1186 1793 1307 1874 Synodo

102 1893 246 1972 deposuit
259 1896 295 1953 ob
310 1914 414 1954 munus
428 1894 581 1972 proditum.
613 1896 766 1961 ioannem.
778 1895 1026 1973 archiepiscopum
1041 1895 1303 1961 Ravennateusem,

101 1991 145 2051 ob
157 1991 226 2068 jura
237 1989 308 2051 laesa
318 1992 403 2050 Sedis
417 1993 602 2071 Apostolice,
616 2004 644 2051 et
658 1991 786 2051 subditos
798 2009 964 2070 oppressos,
976 2010 1087 2050 necnon
1095 2002 1304 2057 contumacem,

100 2089 408 2149 excommunicatione
424 2091 574 2167 percussit,
589 2108 676 2164 quem
685 2089 797 2148 venum
811 2088 979 2167 suppliciter
989 2072 1189 2165 deprecantem
1203 2093 1306 2164 postea

100 2185 244 2247 absolvit.
285 2188 428 2266 Suscepto
453 2188 594 2266 legatione
621 2209 639 2247 a
666 2187 812 2248 Michaels
843 2187 1032 2266 Bulgarorum
1064 2204 1141 2264 rege,
1176 2183 1307 2261 quesitis

101 2303 211 2347 eorum
226 2285 384 2364 respoudit,
399 2305 450 2346 eos
469 2286 505 2346 de
528 2287 656 2364 pluribus
681 2287 828 2346 christiani
842 2286 968 2346 hominis
983 2285 1088 2345 officiis
1102 2296 1131 2345 et
1144 2283 1306 2363 discipline

100 2383 251 2462 capitibus
265 2383 399 2443 edocens.
440 2384 514 2443 Aliis
529 2384 660 2461 plurimis
675 2383 808 2462 praeclare
821 2383 920 2463 gestiis
936 2383 1007 2443 obiit
1019 2383 1118 2443 Idibus
1130 2379 1306 2443 Novembris

102 2500 186 2545 mun
199 2485 269 2551 807,
281 2482 343 2542 orbi
357 2482 513 2543 christiano
527 2481 687 2542 deflendus.

150 2581 220 2641 108.
242 2577 422 2641 Haustanes
447 2579 486 2638 ll.
509 2591 574 2658 post
600 2598 731 2640 mensem
755 2580 905 2650 successit,
930 2580 1078 2641 sanctitate
1097 2588 1127 2640 st
1146 2594 1306 2658 pauperum
1349 2630 1362 2659 ,ι

100 2692 208 2739 amors
220 2670 353 2753 insignis,
368 2675 473 2749 quibus
487 2694 577 2752 quum
591 2675 724 2736 denarios
733 2676 840 2736 viritim
854 2677 1045 2745 distribuerat,
1060 2675 1198 2735 miraculo
1213 2672 1307 2735 multi·

99 2772 214 2852 plicata
226 2771 485 2850 pecuniarslertur.
528 2773 664 2844 Photium
678 2773 709 2831 in
722 2771 837 2850 syuodo
848 2773 979 2831 Romana
992 2772 1170 2831 anathemate
1188 2788 1306 2848 percus·

98 2872 156 2931 sit.
198 2869 320 2948 Synodo
334 2870 531 2955 OEcumeuicae
546 2870 606 2929 viii.
628 2888 681 2948 per
699 2869 809 2947 legatos
829 2868 954 2948 praefuit.
995 2869 1212 2947 Theutbergam
1233 2866 1307 2946 regi·
1345 2882 1359 2913 a

98 2984 175 3029 nem
197 2964 234 3024 ad
255 2965 424 3027 lotharium
442 2965 534 3026 redire
554 2966 652 3045 jussit,
679 2976 710 3026 et
731 2965 916 3025 Waldradam
942 2965 1077 3044 pellicem
1104 2964 1304 3043 paenitentiam
1350 2972 1364 3017 t

98 3061 293 3125 simulantem
307 3064 510 3125 communione
520 3063 665 3124 Ecclesiae
685 3062 810 3132 donavit,
823 3081 859 3122 ea
871 3073 967 3122 tamen
981 3063 1116 3141 imposita
1129 3061 1304 3130 conditione,

97 3179 142 3241 tre
159 3159 197 3219 ad
210 3159 338 3219 [rotharii
349 3161 525 3223 consortium
540 3159 652 3220 rediret.
693 3160 860 3220 Letharium
872 3161 968 3238 ipsum
984 3158 1180 3238 poeuitsntiam
1195 3158 1308 3236 proies·

99 3277 175 3321 sum
188 3250 320 3320 absolvit.
362 3260 435 3319 Post
447 3262 509 3337 ejus
522 3269 643 3320 mortem
657 3278 738 3319 snam
747 3259 874 3319 adhibuit
888 3259 1093 3324 auctoritatem,
1105 3267 1137 3315 ut
1150 3256 1304 3326 Ludovici,

97 3354 342 3420 fratrisdel'unoti
357 3357 547 3434 imperatoris,
571 3357 638 3435 jura
663 3367 850 3424 servarentur,
866 3355 1162 3417 excommunicatione
1180 3354 1303 3432 proceri·

97 3453 163 3519 bna
188 3454 270 3532 regui
293 3455 438 3515 intentatis
460 3455 485 3513 si
507 3456 542 3513 ab
566 3473 601 3514 eo
625 3454 789 3514 deficerent.
831 3454 969 3513 Proceres
992 3453 1072 3530 regni
1097 3450 1195 3511 Caroli
1220 3450 1306 3510 Calvi

96 3551 215 3633 pariter
228 3552 347 3624 monuit,
356 3563 387 3612 ut
399 3571 465 3611 eum
474 3554 509 3612 ab
523 3551 684 3612 invadendo
696 3570 784 3630 regno
798 3550 875 3626 quod
890 3548 1039 3610 Ludovico
1051 3547 1230 3609 haereditario
1240 3549 1307 3626 jure

99 3647 264 3709 debebatur
277 3647 459 3708 deterrerent.
482 3648 618 3709 Carnium
632 3648 756 3708 Calvum
767 3642 860 3707 filium
870 3666 955 3706 suum
970 3646 1215 3707 carolomannum
1229 3664 1306 3705 acer·

100 3744 174 3807 blus
189 3753 355 3805 umentem
366 3744 478 3823 placare
489 3744 607 3815 studuit,
629 3746 691 3805 filio
704 3744 901 3824 Apostolicam
915 3745 1109 3806 auctoritatem
1124 3744 1305 3823 implorante.

99 3842 192 3907 Obiit
205 3841 244 3903 II.
266 3841 335 3904 Kal.
356 3843 532 3906 Novembris
546 3863 622 3903 anno
637 3849 707 3905 872.

150 3940 221 3997 108.
242 3937 378 3998 Jossuss
392 3938 488 4008 vni,
505 3944 541 3998 14
556 3931 724 3999 Decembris
736 3943 805 4008 872,
820 3937 957 3998 suffectus
972 3947 1026 3998 est.
1067 3937 1123 3998 Die
1138 3935 1305 3997 Natiuitatis

99 4033 274 4097 Dominicis
299 4054 374 4095 anno
397 4040 454 4096 875
479 4035 615 4096 earnium
642 4035 764 4094 calvum
790 4035 990 4112 imperatorem
1019 4036 1120 4095 Rome
1150 4032 1307 4093 coronavit.

99 4122 191 4194 Duru
206 4130 254 4190 hio
266 4150 356 4210 regno
370 4132 493 4201 abesset,
508 4131 591 4191 irater
604 4132 667 4210 ejus
681 4131 846 4191 Ludovicus
857 4150 909 4191 rex
919 4131 1082 4191 Germania
1096 4130 1166 4189 illud
1176 4128 1305 4206 depopu-

95 4229 229 4297 labatur,
244 4228 321 4303 quod
336 4228 454 4287 audieus
464 4229 593 4308 pontifex
604 4230 749 4307 episcopis
762 4231 791 4289 in
804 4248 893 4308 regno
902 4230 1042 4289 Ludovici
1056 4230 1109 4289 sub
1120 4227 1271 4286 anathema
1282 4235 1311 4285 ts

90 4327 206 4405 jussit,
225 4335 257 4384 ut
282 4327 343 4404 regi
361 4327 474 4384 saniora
506 4326 626 4385 consssia
645 4325 797 4386 suaderent
824 4337 853 4385 et
874 4326 1065 4405 injungerent.
1123 4324 1308 4394 Formosum,

99 4425 302 4487 Portueneem
316 4424 497 4501 episcopum,
512 4423 669 4482 ambienda
691 4423 768 4482 sedis
783 4424 955 4502 Apostolicae
971 4441 1050 4482 reum
1065 4423 1096 4481 in
1110 4420 1225 4499 synodo
1246 4420 1305 4481 Ro·

98 4541 194 4585 suana
207 4521 351 4601 deposuit.
391 4522 477 4581 Auno
490 4525 548 4582 878
563 4522 594 4581 in
608 4520 719 4579 Gallias
734 4522 851 4581 veniens
865 4520 1008 4600 synodum
1021 4520 1124 4580 'l'recis
1138 4519 1238 4580 habuit
1251 4517 1306 4577 111.

100 4609 178 4683 Idus
192 4619 328 4700 Augusti,
340 4619 370 4678 iu
384 4637 441 4694 qua
454 4622 595 4679 sententia
607 4620 637 4679 in
653 4617 826 4680 Formosum
838 4619 946 4680 etalios
961 4618 1129 4680 confirmata
1141 4629 1196 4678 est.
1227 4615 1308 4676 Obiit

101 4717 156 4779 die
173 4723 208 4780 to
222 4714 395 4780 Decembris
409 4734 485 4777 anno
497 4719 570 4776 882.
