2798 5092
337 356 393 419 un
414 355 624 419 urursrno
645 355 1038 433 saonrunuronorr.
1227 359 1285 417 nra

91 517 321 595 jurisdictionem
343 516 442 590 nequit
464 517 499 574 ab
524 516 561 574 lis
582 515 817 581 ministrationi
843 515 916 574 forte
935 516 1036 573 mortis
1057 515 1086 574 in
1106 514 1286 582 discrimine,

94 613 216 687 quando,
239 614 324 689 juxta
337 613 489 671 nonnullos
504 612 664 688 theologos,
679 610 813 669 Ecclesia
834 611 869 669 iis
890 611 988 671 tribuit
1002 611 1234 687 jurisdictionem
1254 613 1286 671 in

94 712 277 773 morientium
293 710 452 768 utilitatem.
494 709 639 767 Caeterum
654 727 742 781 quum
757 709 881 774 sectarii,
892 708 966 767 inter
978 727 1052 782 quos
1066 727 1222 777 versamur,
1241 729 1286 768 ca·

94 818 170 867 renat
185 809 279 872 ‚omni
304 827 385 867 sacro
408 808 579 876 charactere,
602 807 713 869 nullam
739 819 840 884 praeter
865 806 1006 885 baptisma
1031 808 1171 866 conficere
1193 809 1288 867 valent

93 916 313 979 sacramentum,
325 906 350 963 si
365 906 514 980 exceperis
535 904 747 965 matrimonium
769 903 847 977 qnod
860 904 1059 963 contrahentes
1073 903 1130 980 ipsi
1151 905 1287 981 baptizati

94 1003 260 1061 oonliciunt.

127 1105 177 1159 37.
201 1101 310 1165 Sancta
323 1112 419 1158 sancte
435 1098 580 1159 tractanda
599 1116 665 1157 esse
687 1109 777 1177 patet:
806 1109 899 1156 utrum
925 1106 1020 1156 autem
1045 1109 1287 1159 sacramentorum

95 1197 193 1257 rrlora
205 1197 402 1255 ministrorum
412 1198 549 1273 probitate
561 1196 692 1272 pendeat.
705 1195 810 1253 saeculo
822 1205 920 1267 quarto
934 1195 1048 1253 ineunte
1063 1214 1166 1272 magno
1178 1196 1288 1256 animo·

99 1312 164 1353 rum
172 1307 247 1351 aestu
258 1304 303 1351 est
316 1291 516 1370 disceptatum.
537 1292 724 1351 Caecilianum
736 1290 772 1349 ad
784 1291 1038 1367 Carthaginensem
1049 1291 1145 1350 sedern
1158 1302 1289 1351 evectum

96 1393 298 1469 impugnarunt
314 1391 455 1459 nonnulli,
470 1410 537 1451 eum
552 1401 743 1468 praetexentes
764 1389 885 1448 fuisses
904 1388 1288 1459 traditoribcsordinatnm,

98 1490 147 1547 reis
162 1489 277 1547 scilicet
290 1507 387 1547 sacros
409 1489 497 1546 libros
512 1498 541 1546 et
563 1507 631 1544 vasa
651 1487 784 1554 etlrnicis,
806 1486 874 1545 dum
897 1487 1017 1545 ferveret
1038 1489 1209 1564 persecutio,
1225 1507 1290 1566 pro·

100 1585 191 1645 dendi.
236 1587 402 1644 Vanissima
426 1586 570 1645 calumnia
582 1585 720 1661 dissipata
734 1593 787 1652 est,
802 1583 854 1641 sed
868 1594 897 1641 et
915 1583 1086 1661 principium
1101 1585 1198 1662 ipsum
1211 1604 1289 1645 erer-

100 1701 157 1743 sunr
174 1683 255 1756 qnod
267 1703 284 1740 a
294 1683 489 1742 ministrorum
504 1682 612 1741 meritis
624 1689 863 1743 sacramentorum
875 1680 953 1739 valor
966 1681 1112 1756 penderet
1134 1680 1291 1742 Donatista

99 1782 185 1839 rocati
210 1791 279 1839 sunt
302 1781 416 1838 sectarii
441 1780 492 1845 illi,
507 1780 661 1839 nomine-a
683 1779 827 1837 Donatoa
850 1777 937 1836 Casio
958 1765 1058 1855 nigris,
1078 1779 1182 1838 celebri
1203 1794 1289 1841 secta

99 1888 224 1952 patrono,
250 1885 378 1953 sumpto.
422 1875 595 1935 Waldenses
610 1875 716 1933 saeculo
730 1874 910 1943 duodecimo,
936 1875 1008 1934 duce
1034 1876 1120 1936 Petro
1136 1877 1289 1946 waldone,

99 1986 251 2041 mercatore
266 1974 464 2052 Lugdunensi,
486 1984 677 2032 restaurarunt
696 1973 776 2031 illurn
798 1972 899 2031 salsum
916 1973 1099 2050 principium,
1114 1987 1291 2035 sacramenta

99 2075 128 2133 ab
141 2074 285 2150 improbis
300 2072 492 2131 sacerdotibus
508 2071 610 2130 confici
625 2069 700 2130 haud
717 2087 802 2146 posse
817 2069 962 2138 dicentes;
978 2089 1041 2143 qnae
1056 2091 1072 2128 a
1086 2090 1128 2140 se,
1143 2073 1180 2131 ob
1197 2073 1290 2149 probi·

100 2181 179 2233 tatem
200 2183 232 2229 et
255 2172 392 2248 pietatem
415 2170 569 2246 insignem,
592 2168 750 2253 ministrata
763 2168 857 2227 valere
878 2167 1043 2227 dictitabant
1062 2169 1092 2228 hi
1117 2173 1289 2247 paupertatis

99 2269 269 2347 smectica
297 2268 486 2345 professores.
528 2267 634 2325 Errare
655 2265 758 2325 eodem
778 2266 916 2324 laboravit
935 2266 1042 2325 seculo
1062 2265 1290 2342 decimoquarto

99 2365 224 2427 loannes
247 2365 399 2435 Wickleff,
422 2366 598 2424 Osoniensis
625 2366 779 2441 professor,
795 2364 845 2438 qni
866 2364 939 2423 inter
959 2374 1061 2425 caetera
1082 2363 1195 2425 docuit:
1230 2366 1290 2427 “Si

103 2465 270 2541 episeopus,
285 2463 330 2521 vel
345 2463 478 2523 sacerdos
492 2464 597 2523 existat
610 2463 639 2521 in
660 2473 776 2540 peccato
792 2463 912 2530 mortali,
927 2481 986 2521 non
999 2462 1119 2531 ordinat,
1132 2482 1191 2522 non
1205 2465 1293 2524 conli-

101 2561 144 2629 cit,
172 2581 233 2619 non
257 2561 426 2638 baptizat.”¹
471 2559 610 2621 Hodierni
636 2560 817 2619 oxonienses
839 2578 955 2636 prorsus
976 2561 1147 2621 contrarium
1167 2561 1294 2623 docent.l

103 2657 240 2727 thochen,
255 2676 345 2730 quum
362 2657 472 2716 nullum
487 2668 642 2735 agnoscant
655 2667 873 2724 sacramentum,
888 2656 924 2717 de
944 2657 1079 2734 dignitate
1100 2658 1222 2717 ministri
1234 2678 1293 2719 non

101 2768 201 2833 agunt3
227 2754 281 2813 sed
304 2755 455 2815 ministerii
478 2757 594 2814 nornine
609 2754 801 2830 intelligentes
822 2772 949 2830 operam,
965 2773 1050 2826 qnam
1064 2755 1130 2826 quis
1152 2755 1291 2830 aSpiritu

104 2852 205 2913 Sancto
222 2862 319 2911 motus
333 2851 485 2929 impendit,
495 2864 526 2911 ut
539 2852 658 2920 aliosad
673 2851 768 2910 Deum
784 2849 922 2909 hortando
935 2849 1029 2931 ducat,
1041 2851 1216 2911 contendunt
1223 2852 1293 2912 illud
1330 2839 1331 2842 Ἴ

103 2951 208 3011 nemini
223 2961 400 3027 competere,
416 2951 464 3022 qui
480 2968 539 3008 non
554 2949 592 3009 sit
604 2959 730 3015 sanctus,
745 2947 821 3007 dono
836 2947 960 3023 Spiritus
974 2946 1064 3005 divini
1078 2953 1201 3007 anctus.⁸

101 3038 110 3087 .'
137 3055 185 3109 38.
208 3048 378 3108 Concilium
399 3046 601 3106 Tridentinnm
623 3045 769 3105 delinivit:
793 3044 933 3117 “Siquis
955 3043 1060 3102 dixerit
1079 3046 1240 3107 ministrnm
1261 3049 1291 3111 in

105 3158 214 3222 peccato
229 3145 345 3205 mortali
359 3145 541 3210 existentem,
557 3142 642 3201 morlo
656 3142 753 3200 omnia
766 3140 938 3207 essentialia,
952 3159 1015 3214 qnae
1035 3140 1070 3198 ad
1084 3153 1290 3205 sacramentnm

105 3245 309 3311 conficiendum
336 3251 385 3301 aut
410 3241 614 3300 conserendum
640 3231 789 3317 pertinent,
811 3239 975 3306 servaverit.
1001 3259 1059 3299 nou
1084 3242 1224 3301 conficere
1245 3254 1293 3302 aut

106 3343 227 3403 conferre
241 3350 464 3408 sacramentum,
479 3339 630 3401 anathema
644 3337 729 3399 sit.”⁴

595 3577 597 3581 ·
605 3554 788 3597 Pnonosrnto.

149 3695 248 3756 Valent
277 3695 473 3756 Sacramenta
486 3716 504 3754 a
518 3694 656 3754 ministro
676 3695 709 3753 r'n
728 3701 845 3773 peccato
860 3693 981 3754 ntortali
1002 3695 1142 3756 existente
1156 3698 1294 3780 confecta,

110 3795 187 3855 modo
201 3797 305 3855 omnia
327 3794 495 3854 essentialia
516 3811 580 3871 qaae
601 3793 642 3851 cd
660 3799 879 3852 sacramentum
899 3794 1111 3872 conficiendam
1132 3805 1184 3854 aut
1205 3797 1296 3877 torosa

111 3892 225 3953 rendunt
241 3893 396 3971 pertinent
409 3890 580 3950 serenaverit.

143 3988 294 4049 Probatur
308 3988 336 4048 I.
351 4006 389 4047 en
405 3987 580 4068 Scriptaris.

146 4090 191 4147 39.
215 4089 313 4155 Quum
330 4086 406 4165 apud
421 4085 588 4145 Corinthios
600 4084 799 4163 magistrorum
814 4101 900 4141 causa
910 4082 1009 4144 fideles
1022 4092 1186 4143 exercerent
1198 4084 1295 4145 simul·

113 4293 117 4339 l
141 4299 175 4360 (1)
191 4298 266 4363 Prop.
277 4298 309 4348 iv.
321 4297 385 4348 inter
396 4297 523 4346 damnatas
534 4312 549 4345 a
560 4310 628 4344 conc.
641 4293 834 4344 Constantiensi.

142 4388 177 4448 (2)
195 4392 209 4416 ‘¹
218 4385 274 4435 The
285 4384 466 4435 unworthiness
477 4385 505 4434 of
519 4399 575 4432 men
587 4389 678 4432 cannot
688 4390 789 4448 prevent
799 4381 840 4432 the
851 4380 973 4446 goodncss
984 4378 1013 4428 of
1024 4376 1080 4426 God
1090 4374 1153 4427 from
1163 4378 1264 4445 flowing
1272 4383 1299 4435 in

115 4466 174 4520 tboso
184 4471 302 4522 channels
313 4471 340 4520 in
351 4470 432 4520 which
444 4471 476 4519 he
487 4470 532 4519 has
542 4454 651 4519 destined
663 4468 683 4532 it
694 4476 721 4519 to
730 4466 811 4519 flow.”
827 4466 909 4517 Tract.
920 4464 969 4515 No.
981 4467 1006 4512 5.

142 4558 176 4617 (3)
192 4543 319 4622 Barclay's
330 4556 452 4621 Apology,
464 4556 535 4621 Prop.
547 4571 572 4604 x.
591 4554 677 4616 Quest.
690 4557 714 4605 2.
726 4557 740 4615 §
753 4569 795 4604 xv.

143 4641 178 4704 (l)
196 4642 262 4694 Sese.
273 4642 316 4693 rii.
333 4642 395 4693 Can.
406 4641 449 4692 xii.
