2798 5092
576 378 799 440 APPENDIX.
1219 376 1276 437 uit

82 536 181 596 esse.”
218 538 402 599 Peccatorem
417 556 544 604 omnem,
559 537 626 597 dum
641 553 750 616 peccat,
766 537 936 596 voluntatem
952 555 1032 596 suam
1049 535 1152 595 divina
1165 536 1276 595 consor·

84 644 182 694 mare:
205 655 287 710 aeque
302 639 379 696 enirn
390 628 502 715 placere
514 636 578 695 Deo
590 638 664 695 bona
674 649 704 694 et
726 635 818 704 mala;
840 654 921 708 reque
943 634 1025 693 Judoe
1038 634 1276 712 desperationem,

83 746 112 792 et
126 734 207 792 Petri
222 735 441 795 contritionem:
464 735 576 793 Sectam
593 733 767 794 Mahometis
779 752 843 794 esse
858 751 939 807 aeque
952 732 1132 792 Catholieam
1143 752 1177 792 ac
1190 732 1276 792 fidem

84 831 155 891 lesu
171 831 319 890 Christi.'‘

122 928 260 988 loannes
275 928 455 998 Wrcnnarr,
467 929 616 1008 theologus
629 927 750 1006 Anglus,
760 948 777 986 a
787 928 953 1007 praefectura
964 927 1076 1005 collegii
1088 927 1275 997 oxoniensis,

84 1044 147 1100 quae
169 1027 311 1085 monacho
324 1045 362 1085 ex
376 1027 543 1105 praescripto
559 1026 687 1084 Simonis
703 1025 803 1104 Islepii
824 1024 1275 1104 archiepiscopi'cantuariensis

84 1120 247 1191 debebatur,
263 1122 390 1202 dejectus
406 1123 518 1183 Summi
541 1123 690 1183 Pontificio
705 1124 855 1192 sententia,
871 1141 945 1182 anno
963 1127 1038 1183 1375
1053 1122 1184 1181 heresim
1197 1141 1276 1199 spar-

84 1236 151 1297 gere
165 1221 262 1297 carpit.
303 1220 430 1278 Fatalem
446 1239 540 1279 rerum
554 1222 683 1280 omnium
697 1219 832 1279 inducere
847 1221 991 1298 sategebat
1005 1219 1216 1288 necessitatem,
1226 1222 1276 1279 >oui

82 1329 113 1378 et
126 1319 223 1396 ipsum
238 1318 332 1377 Deum
346 1319 450 1396 subjici
465 1337 551 1377 ausus
572 1328 616 1377 est
626 1320 773 1377 asserere.
814 1319 848 1378 ln
869 1319 977 1397 Papam
994 1327 1137 1391 tamquam
1152 1318 1181 1376 in
1195 1319 1275 1377 Anti·

81 1413 222 1474 christum
237 1414 434 1474 vehementius
449 1414 637 1474 debacchatus
652 1423 708 1473 est.
753 1415 954 1474 Sacerdotibus
966 1424 994 1474 et
1009 1414 1130 1491 prelatis
1141 1416 1275 1474 omnibus
1292 1476 1300 1487 ,

83 1522 254 1593 potestatem
280 1530 395 1570 omnem
418 1511 605 1589 abjudicabat,
620 1511 646 1570 si
668 1511 739 1570 sorte
763 1523 841 1571 reatu
862 1513 940 1589 grani
962 1521 1133 1580 tenerentur,
1154 1530 1276 1587 eamque

83 1610 224 1670 tribuebat
239 1609 294 1687 piis
307 1609 398 1668 laicis.
441 1609 486 1668 Ad
502 1611 646 1687 principes
660 1627 741 1667 suam
754 1609 944 1669 temeritatem
957 1607 1096 1673 extendit.
1111 1629 1145 1667 ea
1166 1609 1276 1688 prolata
1363 1599 1373 1617 ⁸

81 1708 302 1787 propositione:
326 1716 346 1744 “
356 1706 463 1766 Nullus
476 1718 522 1765 est
536 1707 678 1765 Dominus
699 1705 802 1774 civilis,
817 1705 912 1764 nullus
933 1707 1075 1783 prelatus,
1090 1706 1185 1765 nullhs
1199 1707 1276 1784 epis·

79 1823 186 1883 oopus,
201 1804 268 1863 dum
283 1804 370 1863 estin
386 1813 504 1880 peccato
514 1802 673 1863 mortali.''¹
713 1802 926 1879 Eleemosynae
941 1803 1090 1861 monachis
1103 1811 1132 1860 et
1146 1803 1276 1863 sacerdo·

80 1904 159 1962 tibus
173 1902 266 1971 datas,
279 1921 364 1960 onere
379 1920 496 1978 precum
511 1901 556 1960 vel
572 1891 728 1960 Missurum
744 1900 890 1977 imposito,
905 1886 1195 1976 simonie'arguabat.
1217 1901 1277 1960 Res

79 2002 256 2080 temporales
277 2000 426 2077 possidere
447 2000 587 2060 Ecclesia
607 1999 687 2058 nefas
709 2016 784 2065 esse,
800 1997 1007 2074 Principssque
1028 1996 1130 2056 debere
1151 2016 1200 2056 eas
1221 2000 1277 2059 sibi

83 2097 230 2158 vindicare
245 2097 413 2155 asserebat.¹
451 2096 553 2156 Plures
568 2095 603 2155 de
617 2094 800 2154 sacramentis
812 2110 922 2152 errores
936 2094 1136 2173 propugnavit,
1149 2097 1277 2154 transub-

77 2196 294 2254 stantiationem
311 2196 340 2252 in
355 2193 526 2252 eucharistia
539 2193 710 2271 impugnans
723 2211 732 2260 ;
752 2207 846 2250 utrum
862 2201 954 2251 autem
976 2193 1155 2273 presentiam
1169 2193 1276 2251 realem

77 2293 239 2362 admiserit,
250 2312 306 2370 uop
316 2294 385 2351 satis
393 2300 630 2370 compertumest.
652 2289 863 2368 Purgatorium,
874 2290 1067 2368 etimaginum
1077 2299 1106 2348 et
1114 2300 1276 2350 sanctorum

78 2392 296 2452 venerationem
312 2390 432 2449 minime
448 2387 570 2466 negarit.
605 2387 727 2454 Errores
742 2405 810 2446 suos
823 2387 852 2445 in
863 2386 986 2447 coneilio
1000 2385 1188 2456 Londinensi,
1201 2386 1277 2448 dicto

77 2489 206 2552 manilio
230 2495 459 2557 tercentorum
481 2498 560 2547 motu
585 2496 664 2545 terrae
687 2485 755 2545 dum
780 2484 977 2554 celebraretur,
991 2485 1120 2563 ejuravit,
1145 2487 1278 2546 simulato

77 2589 182 2649 forsan
206 2587 314 2655 animo,
328 2598 357 2645 et
371 2587 412 2644 ‘iu
433 2584 573 2644 Ecclesiae
588 2603 657 2662 pace
681 2585 758 2643 visus
779 2594 823 2643 est
844 2585 916 2644 mori
929 2604 937 2654 ;
951 2592 1124 2662 quapropter
1142 2604 1207 2644 curn
1229 2585 1275 2644 vel

77 2687 277 2766 hypocritam,
292 2685 339 2743 vel
353 2683 548 2753 Catholicum,
570 2683 613 2741 La
634 2683 747 2757 Reque,
763 2682 950 2741 calvinianus
964 2683 1031 2741 licet
1051 2683 1148 2750 homo,
1171 2683 1271 2742 meritd

77 2786 273 2866 pronuntiat.⁸
312 2782 416 2841 Preter
435 2781 489 2839 hoc
504 2778 656 2839 concilium
673 2778 800 2837 habitum
816 2798 890 2837 anno
907 2783 994 2848 1382,
1008 2779 1085 2838 aliud
1106 2780 1278 2840 celebratum

77 2895 126 2944 est
151 2900 228 2940 anno
251 2882 371 2948 laena
394 2878 509 2936 Thoma
533 2875 700 2935 Arundellio
728 2875 928 2934 cantuariensi
949 2875 1177 2954 archiepiscopo,
1200 2877 1276 2936 aliud

77 2980 193 3042 Oxonii
209 2997 283 3037 anno
300 2980 388 3044 1408,
404 2971 479 3034 aliud
494 2973 619 3033 Londini
634 2991 710 3032 anuo
726 2976 811 3041 1413,
826 2983 924 3031 contra
939 2972 1170 3033 Wickleffianam
1186 2975 1276 3035 here·

77 3080 150 3147 sim,
167 3096 243 3153 quae,
258 3077 384 3135 extincto
399 3083 512 3132 auctore
524 3092 599 3131 anno
615 3075 700 3141 1384,
712 3069 805 3129 adhuc
815 3071 1001 3148 grassabatur.
1022 3070 1149 3130 Joaunes
1161 3070 1275 3133 XXIll.

77 3179 111 3238 in¹
126 3175 243 3257 synodo
259 3176 390 3234 Romana
404 3191 478 3231 anno
498 3176 570 3230 1413
585 3191 647 3230 earn
663 3171 767 3248 pariter
781 3168 944 3235 damnanda
964 3169 1036 3228 etin
1054 3169 1176 3229 concilio
1198 3170 1277 3231 Con-

77 3273 236 3334 stantiensi
249 3291 325 3331 anno
341 3275 417 3329 1418
432 3289 466 3328 ea
480 3268 624 3327 damnatio
639 3280 773 3328 renovata
787 3271 855 3325 est.⁴
967 3284 970 3291 ·

103 3370 253 3429 ·.loanncs
281 3366 316 3426 de
345 3367 530 3434 Montesono,
557 3365 708 3443 Hispanus
730 3374 824 3442 gente,
851 3361 968 3421 Ordinis
994 3360 1225 3449 Praedicatorum,
1249 3377 1277 3425 et

79 3465 256 3542 Theologus
271 3463 455 3528 Parisiensis,
474 3464 510 3519 14
526 3461 737 3539 propositiones
751 3477 883 3518 erroneas
898 3458 1087 3537 propugnavit
1099 3478 1173 3519 anno
1191 3465 1277 3531 1387,

79 3564 157 3636 quas
171 3582 236 3622 cum
253 3570 377 3619 tueretur
389 3558 529 3636 Magister
543 3568 572 3616 et
585 3558 755 3617 Procurator
768 3541 896 3623 Ordinis,
909 3556 1029 3616 vetando
1040 3575 1076 3615 ne
1090 3556 1275 3620 Dominieani

83 3680 182 3721 earum
197 3658 371 3720 damnationi
386 3657 603 3725 subscriberent,
619 3676 656 3715 cx
676 3655 830 3715 Academia
843 3654 1000 3713 Parisiensi
1021 3675 1112 3716 annos
1133 3662 1172 3716 25
1195 3678 1272 3718 man·

86 3762 183 3819 serunt
194 3762 297 3817 omnes
310 3755 387 3814 illins
402 3753 509 3813 ordinis
526 3753 701 3832 professores
715 3751 835 3811 exclusi.

462 3964 464 3968 ·
570 3949 637 4009 XV.
660 3950 797 4008 Securo.

134 4112 199 4174 XV.
215 4113 336 4172 Ineunte
356 4112 462 4172 seculo
483 4109 667 4170 Hessitarnm
691 4108 807 4166 heresis
821 4107 852 4166 in
876 4106 1017 4168 Bohemia
1039 4108 1142 4186 erupit,
1160 4119 1273 4172 auctore
1305 4128 1308 4138 ·

90 4199 203 4270 Joaunn
226 4229 264 4268 ex
285 4208 351 4267 villa
371 4208 464 4276 Hnss,
478 4206 641 4266 Academia
663 4204 815 4283 Prageusis
838 4204 971 4265 Reotore.
1013 4204 1072 4264 Hic
1093 4204 1274 4271 articulorum

220 4424 263 4489 (1)
282 4423 358 4474 xxvii.
369 4423 432 4474 inter
442 4423 618 4488 propositiones
629 4438 644 4472 a
655 4419 733 4471 Cone.
746 4418 930 4471 Omstantimd
936 4416 1070 4472 damnatas.

218 4512 262 4577 (2)
281 4509 346 4560 Vide
357 4509 566 4576 ejus-Trielogum
576 4511 592 4562 l.
601 4509 635 4560 iv.
645 4525 668 4559 c.
676 4508 736 4559 xvii.
747 4515 772 4558 et
783 4523 833 4572 seq.

223 4598 267 4663 (3)
287 4595 353 4647 Hist.
365 4596 447 4646 Euch.
458 4613 481 4648 c.
492 4597 544 4648 lxx.

225 4684 268 4749 (4)
289 4682 354 4733 Sese.
365 4682 415 4732 viii.

658 4791 716 4846 29*
