2798 5092
153 346 192 404 88
539 393 549 411 .
583 344 640 405 ΒΕ
659 344 918 408 lurcorum.

150 504 301 567 Accedunt
314 503 437 564 Rituulia
447 505 645 579 antiquissima
652 523 717 580 quc
731 505 801 565 ritus
811 525 909 567 sacros
919 518 950 566 et
961 509 1107 569 solemnes
1119 511 1151 570 in
1160 510 1344 573 &nouorum

153 605 332 666 ordinatione
345 601 521 663 adhibendos
534 608 684 664 statuunt.¹

556 817 755 858 nmmum
768 816 952 859 sommus.

192 963 242 1019 ut.
267 956 334 1038 obj.
351 963 378 1016 l.
421 958 582 1017 “Tametsi
601 977 706 1016 nomeu
727 959 823 1036 ipsum
837 958 1055 1023 tumularias
1067 972 1154 1040 patet,
1168 962 1225 1022 hoc
1239 965 1346 1042 specis·

152 1056 217 1114 liter
230 1067 323 1115 tamen
348 1055 484 1114 diaconos
507 1056 648 1132 scriptura
668 1068 823 1133 nuncupat,
837 1076 912 1130 quos
932 1059 1129 1136 eleemosynis
1143 1059 1347 1138 dispensandis

151 1152 339 1232 gerendoque
354 1171 511 1231 pauperum
533 1172 608 1211 curte
629 1154 748 1231 preficit
760 1155 904 1224 Ecclesia,
919 1169 948 1215 et
962 1157 1039 1216 velut
1058 1158 1166 1236 publici
1188 1178 1347 1238 pauperum

151 1254 242 1312 erarii
256 1271 421 1311 (economus
442 1253 602 1310 constituit:
625 1271 746 1325 quornm
760 1254 852 1331 origo,
866 1255 1006 1314 institutio
1021 1277 1055 1315 ac
1068 1257 1177 1315 iunctio
1192 1278 1210 1316 a
1223 1258 1306 1318 Luca
1319 1261 1347 1318 in

151 1353 232 1411 Actis
243 1353 287 1429 (6.
302 1351 333 1430 3)
344 1350 559 1409 describitur.”¹
598 1350 642 1408 lta
659 1350 808 1411 Calvinus.

189 1451 279 1530 Hesp.
301 1451 424 1510 Occasio
446 1448 630 1509 diaconorum
656 1451 779 1527 primum
805 1453 1045 1512 instituendorum
1069 1474 1087 1512 a
1112 1455 1171 1513 fine
1201 1460 1348 1534 praecipuo

151 1549 301 1608 ministerii
315 1546 515 1624 distinguenda
525 1560 579 1604 est.
621 1549 653 1606 M
658 1550 868 1608 urmurantibus
881 1551 1054 1610 Hellenistis
1064 1551 1199 1629 Apostoli
1211 1565 1349 1630 oeperunt

49 1724 54 1729 η
151 1646 302 1706 eonsilium
317 1645 452 1704 diaconos
467 1658 534 1703 tunc
548 1645 707 1713 ordinandi,
723 1647 800 1720 quod
814 1658 909 1707 tamen
927 1648 1046 1707 Christo
1056 1660 1171 1707 auctore
1181 1668 1233 1707 eos
1245 1651 1348 1709 fecisse

149 1739 371 1800 existimandum
386 1753 440 1805 cst,
456 1759 520 1798 nam
535 1752 564 1797 et
577 1740 657 1798 dotes
678 1742 800 1800 eximias
820 1755 986 1820 exegerunt,
1001 1757 1031 1801 et
1050 1744 1135 1802 ritum
1157 1744 1349 1807 adhibuerunt

148 1839 318 1905 solemnem,
342 1838 391 1911 qui
416 1838 602 1897 ministerium
628 1837 755 1896 divinum
784 1840 917 1898 ostendit.
968 1840 1062 1899 Lucas
1089 1841 1223 1914 equidem
1254 1857 1347 1903 narrat

148 1937 261 2014 objecto
274 1935 339 1994 loco
352 1937 544 2000 occasionem,
558 1933 610 1992 sed
623 1946 652 1991 et
665 1934 746 1993 dotes
760 1947 788 1994 et
801 1938 886 1996 ritum
905 1949 1053 2006 recenset;
1074 1949 1103 1995 et
1125 1940 1225 2016 pergit,
1241 1940 1349 1999 referre

149 2052 213 2108 quae
234 2033 365 2093 obierunt
386 2031 497 2116 diaconi
521 2051 602 2090 sacra
625 2034 732 2099 munis,
754 2032 825 2090 adeo
846 2047 982 2106 utquam
1004 2033 1168 2092 habuemnt
1187 2052 1347 2113 pauperum

148 2151 244 2191 euram
258 2148 316 2190 non
331 2132 424 2207 possit
437 2131 612 2207 precipuum
627 2149 726 2188 eorum
740 2129 868 2187 officium
882 2131 1003 2188 censeri.

186 2235 234 2289 62.
260 2228 326 2307 Otj.
338 2235 368 2287 2.
390 2229 497 2286 Totum
514 2246 617 2285 munus
631 2226 816 2284 diaconorum
830 2229 987 2304 primorum
1001 2228 1138 2287 oblivioni
1152 2228 1252 2288 datum
1266 2242 1312 2291 est
1326 2251 1343 2289 a

149 2327 322 2406 pontificiis:
345 2336 365 2362 “
375 2325 509 2384 diaconos
524 2343 593 2383 suos
607 2323 643 2382 ed
656 2343 720 2383 eam
743 2326 979 2403 commonerem
1000 2325 1266 2387 ecelesiasticorum
1289 2328 1349 2387 dis·

150 2423 358 2499 tributionem)
373 2423 492 2480 minime
507 2422 568 2498 jam
583 2435 701 2479 creant:
731 2421 804 2479 nihil
817 2423 895 2480 euim
916 2421 993 2481 aliud
1014 2423 1087 2500 ipsis
1109 2425 1275 2503 injungunt,
1291 2427 1348 2485 nisi

151 2534 184 2582 ut
196 2523 358 2582 ministrent
382 2522 415 2579 ad
438 2522 533 2588 altera,
555 2520 746 2598 Evangelium
768 2522 886 2579 recitent
908 2535 956 2578 aut
975 2532 1133 2591 cruentet
1153 2524 1253 2582 nescio
1274 2543 1346 2600 quas

46 2682 49 2689 ,
149 2631 233 2698 agant
246 2639 345 2697 nugas.
388 2618 471 2677 Nihil
485 2617 520 2676 de
534 2617 738 2693 eleemosynis,
754 2618 825 2677 nihil
840 2618 875 2677 de
886 2637 955 2677 cura
968 2639 1138 2697 pauperum,
1154 2621 1227 2680 nihil
1242 2619 1348 2680 dstote

146 2720 195 2778 illa
209 2718 364 2784 iunctione,
378 2735 463 2789 quam
475 2715 542 2774 olim
558 2714 738 2792 gerebant.”⁸
778 2715 983 2775 ltaCalriuus.

189 2816 278 2894 Resp.
300 2814 349 2873 Ex
363 2813 518 2891 scripturis
540 2813 632 2886 liquet
652 2813 795 2889 praecipua
809 2813 992 2872 diaconorum
1009 2832 1127 2873 munera
1146 2814 1236 2872 fuisse
1257 2834 1347 2884 sacra,

150 2912 228 2988 quod
241 2912 394 2985 antiquitus
408 2911 501 2968 omnis
515 2909 668 2968 christiana
689 2909 839 2968 manifesto
862 2911 1021 2978 confirmat,
1040 2913 1080 2968 uti
1100 2911 1169 2971 fessi
1183 2922 1252 2971 sunt
1272 2912 1339 2972 doc-

150 2998 254 3072 tissimi
269 3009 422 3086 scriptores
443 3007 653 3075 Protestautici‚
670 3008 801 3076 Grotius,
823 3008 1010 3084 Bereregius,
1026 3007 1211 3068 Pearsonius.
1254 3011 1346 3084 Equi·

148 3109 213 3170 dem
229 3108 397 3169 Ambrosius
412 3107 595 3166 Laurentium
611 3105 760 3165 diaconum
776 3106 889 3164 Sixtum
907 3106 1073 3182 pontificem
1088 3108 1281 3185 appellantem
1296 3129 1347 3169 ex.

149 3206 245 3266 hibet:
268 3205 364 3272 “Quo
391 3201 571 3281 progrederis
593 3201 656 3258 sine
681 3201 741 3260 filio
768 3203 868 3279 pater?
911 3204 978 3270 Quo
1003 3203 1137 3262 sacerdos
1161 3216 1260 3264 sancte
1284 3208 1348 3266 siue

149 3305 272 3364 diacono
287 3301 442 3381 properas?
477 3299 643 3370 Numquam
659 3300 832 3358 sacrificium
846 3301 910 3358 siue
923 3301 1053 3360 ministro
1068 3300 1172 3361 offerre
1187 3323 1347 3364 consuere-

149 3424 206 3463 ras.
249 3400 326 3469 Quid
340 3401 369 3458 in
385 3417 431 3458 me
446 3416 514 3474 ergo
528 3396 675 3473 diplicuit
689 3399 788 3473 pater?
821 3399 901 3457 Num
916 3399 1090 3475 degenerem
1109 3403 1255 3478 probasti?
1289 3405 1350 3463 Ex-

149 3503 243 3581 perire
256 3510 342 3567 certe,
358 3515 452 3557 utrum
467 3494 601 3554 idoneum
616 3496 779 3583 ministrum
793 3497 924 3574 elegeris.
948 3497 1005 3556 Cui
1015 3500 1185 3558 commisisti
1201 3501 1350 3562 Dominiei

150 3598 297 3676 sanguinis
312 3595 566 3659 consecrationem,
580 3596 627 3653 cui
649 3595 938 3653 consummandorum
954 3600 1130 3656 consortium
1151 3615 1347 3659 sacramento·

150 3717 228 3767 rum,
245 3695 313 3754 huic
326 3693 501 3752 consortium
523 3693 562 3752 tui
579 3693 727 3770 sanguinis
748 3693 885 3771 negas.”⁴
924 3695 996 3762 Quae
1012 3694 1100 3772 igitur
1120 3697 1265 3774 praecipua
1287 3718 1349 3757 nru-

151 3815 221 3858 uera
241 3792 336 3853 adhuc
360 3791 543 3866 adsignantur
565 3789 705 3858 diaconis,
720 3790 894 3868 antiquitatis
921 3792 1047 3849 nituntur
1067 3791 1220 3869 exemplo:
1245 3795 1349 3854 mirum

151 3904 245 3953 autem
260 3898 386 3955 nonest,
401 3887 533 3945 sinerum
548 3885 689 3964 adjunctis
709 3889 833 3953 mutatis,
850 3886 896 3944 illa
917 3889 959 3945 eis
970 3888 1143 3964 plerumque
1158 3906 1216 3946 non
1231 3909 1349 3948 conere-

153 3992 233 4050 datur
246 3989 384 4045 bonorum
401 3983 658 4042 ecclesiasticorum
672 3983 890 4050 administratio,
907 4004 969 4057 quae
985 3985 1053 4042 olim
1068 3998 1112 4041 est
1125 4003 1271 4044 coricessa.

192 4094 240 4148 63.
266 4084 332 4164 otj.
347 4088 376 4142 3.
399 4083 494 4141 Etiam
510 4083 685 4158 Hieronymi
699 4093 778 4141 aetate
793 4084 929 4143 diaconus
944 4084 1058 4143 nonnisi
1070 4102 1232 4142 mensarum
1249 4088 1348 4145 minis-

153 4200 194 4246 ter
208 4186 370 4249 habebatur,
382 4182 421 4240 ait
434 4182 529 4241 enim:
553 4182 653 4248 “Quis
666 4184 786 4258 patiatur
797 4196 828 4241 ut
840 4200 1002 4241 mensarum
1016 4195 1044 4240 et
1057 4181 1203 4241 viduarum
1219 4186 1349 4244 minister

451 4409 494 4475 (l)
513 4406 578 4456 Vide
589 4407 653 4472 opud
665 4407 815 4459 Morte'nium
826 4416 844 4458 t.
855 4408 880 4458 ii.
891 4408 907 4458 l.
918 4407 934 4456 i.
946 4423 966 4457 c.
979 4406 1028 4456 riii.

446 4492 489 4560 (2)
508 4492 568 4543 lust
580 4492 715 4542 liv.c.i1i.
727 4500 753 4544 n,
765 4494 790 4542 9.

448 4578 486 4641 (3)
504 4578 567 4630 lust.
579 4577 594 4626 l
605 4576 637 4627 ir.
648 4593 669 4627 c.
681 4593 704 4627 v.
715 4594 741 4630 n.
755 4580 793 4626 15.

445 4665 483 4727 (4)
500 4663 540 4715 De
550 4662 637 4715 officiis
649 4663 665 4714 l·
676 4663 693 4714 i.
704 4679 724 4716 c
736 4666 780 4716 xli.
