2812 5092
111 348 171 408 270
430 345 486 407 DE
508 346 981 413 lucrosumsurrmcns,

594 1056 736 1117 CAPUT
756 1056 810 1117 111.

354 1300 412 1353 Du
453 1300 706 1354 IMPIORUM
740 1299 1046 1354 auruncus.
1121 1252 1130 1265 .

152 1527 275 1587 AEterna
296 1546 359 1587 sese
389 1529 541 1607 impiorum
566 1529 708 1608 supplicia
730 1527 802 1588 tides
825 1529 975 1588 catholica
999 1536 1165 1587 constanter
1191 1526 1304 1593 docuhr

110 1622 215 1682 idcirco
229 1625 367 1682 contraria
381 1623 514 1703 Origenis
529 1626 631 1703 placita
653 1627 683 1683 in
705 1625 828 1693 concilio
841 1624 892 1692 V.‚
907 1643 982 1684 anuo
996 1628 1064 1693 553,
1080 1622 1211 1684 daunata
1231 1633 1300 1682 suut.

108 1721 240 1779 Attamen
255 1719 399 1780 hodiernis
422 1724 596 1800 temporibus
619 1723 732 1798 plurimi
754 1723 788 1780 ab
802 1722 857 1781 hoc
871 1719 1004 1799 dogmate
1018 1721 1187 1790 abhorrent,
1203 1731 1233 1781 et
1245 1721 1300 1780 uni·

107 1834 204 1876 versos
230 1836 345 1895 prorsus
368 1819 500 1879 homiues
522 1821 672 1879 salvandos
698 1819 862 1897 pradicant,
875 1829 942 1897 post
962 1837 1077 1896 pronam
1099 1819 1245 1893 aliquam·
1259 1817 1298 1876 vel

106 1915 185 1974 nulla
198 1935 283 1994 poena
303 1918 441 1996 irrogata
463 1931 636 1997 quapropter
659 1915 882 1978 Universulr'etae
901 1916 1041 1976 dicuutur.
1089 1913 1230 1977 Urasars
1243 1906 1298 1997 plu·

106 2015 172 2074 sinu
196 2017 226 2076 in
246 2016 302 2076 hoc
323 2028 470 2101 versantur
489 2021 606 2078 errore.¹
647 2018 841 2078 Rationalista
865 2033 981 2092 quoque
1004 2016 1159 2087 Germani,
1183 2032 1298 2093 quorum

107 2131 233 2202 propago
248 2100 278 2175 in
292 2115 356 2193 ipsa
370 2135 426 2190 qua
441 2116 591 2175 scribimus
608 2118 675 2175 urbe
690 2117 820 2183 habetur,
837 2111 912 2173 idem
927 2112 1079 2201 sentiunt..

597 2258 624 2325 Ο

611 2345 796 2387 unorosrrso.

52 2509 57 2520 ¹
151 2480 353 2562 Reproborum
367 2483 512 2563 supplicio
524 2492 634 2544 aterno
643 2501 769 2562 prorsus
783 2491 864 2552 suut,
879 2480 950 2544 adeo
961 2490 996 2544 ut
1017 2478 1110 2543 semel
1121 2480 1297 2564 Des‘judicio

106 2580 242 2643 damnati
256 2598 421 2658 numquam
434 2579 475 2638 od
487 2578 616 2638 culmem
622 2578 797 2658 peruenturi
812 2580 884 2640 siut.

145 2677 299 2737 Probatur
313 2677 339 2736 I.
353 2695 389 2736 eu
406 2675 582 2756 Scripturie.

147 2783 196 2838 63.
219 2776 353 2837 Christus
369 2776 543 2836 allocuturus
551 2786 596 2834 est
608 2777 745 2853 reprobos
759 2778 911 2855 injudicio
924 2788 1073 2839 extremo:
1096 2787 1117 2817 ⁸⁸
1128 2777 1296 2838 Discediter

106 2894 152 2936 me
167 2875 306 2935 maledicti
321 2876 351 2934 in
366 2876 461 2953 ignem
477 2873 645 2934 aetemum.”
666 2916 675 2932 .
698 2914 705 2933 .
728 2914 737 2933 .
760 2875 828 2934 “Et
841 2877 923 2936 ibunt
942 2878 973 2936 hi
987 2877 1017 2936 in
1031 2864 1213 2954 supplicium
1227 2886 1296 2934 ater·

106 2990 185 3042 num,
197 2973 269 3052 justi
284 2982 376 3032 autem
391 2975 422 3032 in
437 2973 521 3032 vitam
537 2971 720 3031 aetemam.”¹
758 2970 855 3031 Voces
877 2975 961 3052 plane
983 2974 1149 3052 significant
1163 2973 1296 3052 supplicia

105 3081 252 3148 perpetua,
275 3070 353 3128 omni
378 3070 498 3128 caritura
519 3069 667 3127 finer-eb
685 3068 732 3138 πῦρ
755 3071 785 3122 τὸ
801 3067 962 3133 ἀιόνων-εἰς
978 3069 1078 3125 macor
1100 3067 1293 3127 &dac-tum

105 3169 191 3247 ignis,
213 3179 271 3227 tum
287 3186 373 3245 poena
385 3176 414 3226 et
427 3167 600 3243 supplicium
616 3175 752 3244 perpetua
766 3166 879 3226 dicitur.
920 3167 1002 3226 Sicut
1014 3167 1070 3225 vita
1085 3175 1195 3226 osterna
1209 3166 1289 3227 felici·

16 3279 21 3289 ’
104 3274 189 3323 tatem
211 3264 317 3336 absque
342 3263 463 3321 termino
485 3260 623 3339 designat,
639 3263 676 3319 ita
695 3262 868 3340 supplicium
893 3273 1030 3322 atomum
1054 3281 1173 3340 poenam
1187 3264 1288 3336 absque

104 3362 171 3419 fine.
194 3361 340 3419 Sententia
355 3359 495 3437 profertur
508 3359 538 3416 in
552 3378 645 3419 rerum
660 3361 788 3420 omnium
803 3361 1048 3421 consummatione
1064 3381 1073 3419 r
1095 3379 1166 3439 ergo
1181 3358 1290 3441 respicit

105 3468 270 3532 perpetuam
286 3456 352 3514 inde
367 3466 527 3514 secuturam
542 3455 744 3515 conditionem.

144 3559 192 3612 64.
213 3556 291 3614 Alias
304 3573 381 3632 saepe
402 3555 484 3612 tradit
498 3553 632 3612 Christus
649 3564 783 3631 perpetua
799 3554 858 3613 fore
873 3555 1025 3633 impiorum
1046 3553 1213 3632 supplicia:
1237 3564 1256 3593 “
1267 3553 1292 3612 Si

104 3652 338 3712 scandalizaverit
352 3663 379 3711 te
401 3671 502 3711 manus
527 3662 583 3721 tua,
606 3652 740 3711 abscinde
754 3654 850 3712 illam:
873 3655 979 3713 bonum
994 3662 1038 3712 est
1053 3653 1102 3712 tibi
1118 3653 1246 3713 debilem
1259 3654 1293 3712 iu·

103 3750 188 3810 troire
202 3749 230 3808 in
246 3751 342 3816 vitam,
358 3768 442 3823 quam
466 3747 535 3807 duas
550 3766 650 3806 manus
671 3748 821 3808 habentem
843 3749 885 3819 ire
905 3750 933 3808 in
955 3748 1129 3827 gehennam,
1151 3750 1180 3807 in
1203 3750 1291 3828 ignem

103 3844 369 3924 inextinguibilem:
385 3845 433 3903 ubi
442 3845 547 3903 vermis
560 3863 657 3903 eorum
671 3847 865 3914 non‘moritua
878 3856 906 3904 et
920 3847 994 3924 ignis
1008 3864 1065 3904 non
1078 3845 1293 3924 extinguitur.”¹

49 3978 53 3992 =
102 3946 207 4021 Liquet
229 3943 264 4002 de
285 3942 358 4001 valle
373 3941 502 4001 Hinnom
527 3961 590 4016 qua
604 3940 750 4018 adjacebat
764 3943 990 4021 Hierosolymis,
1005 3941 1054 4002 ubi
1068 3941 1210 4003 cadavera
1223 3961 1291 4002 com·

139 4185 180 4251 (l)
199 4190 215 4216 “
228 4180 377 4234 hetruriam
393 4195 422 4231 aa
438 4195 456 4231 a
472 4179 534 4249 body
547 4177 701 4248 univesally
711 4181 803 4232 believe
822 4181 848 4231 in
870 4181 912 4232 the
936 4181 1017 4232 future
1032 4179 1197 4245 punishment
1214 4181 1243 4232 ol
1259 4179 1292 4230 the

101 4269 201 4322 wichad.
235 4271 275 4336 By
287 4285 372 4334 every
383 4268 449 4331 large
460 4269 564 4318 number
579 4268 629 4318 this
648 4268 809 4334 punishment
825 4268 871 4319 hss
889 4269 951 4319 been
968 4267 1110 4319 considered
1128 4269 1231 4320 etamsi.
1262 4268 1293 4331 By

100 4357 180 4406 others
192 4359 210 4408 it
221 4357 243 4408 is
253 4357 375 4424 supposed
385 4363 410 4407 to
421 4357 452 4406 be
469 4354 560 4406 limited
573 4355 600 4406 iu
612 4356 734 4417 duration,
744 4359 790 4408 but
800 4364 826 4407 to
836 4357 866 4406 be
877 4371 959 4407 severe
970 4355 1018 4405 aud
1034 4354 1154 4418 dreadful,
1171 4355 1294 4416 socordius

96 4450 122 4490 to
134 4440 175 4490 the
185 4443 386 4507 representatione
396 4442 425 4492 of
438 4441 478 4493 the
490 4441 634 4507 Scripturas,
646 4442 695 4493 eud
706 4443 733 4493 in
744 4441 884 4509 proportion
901 4449 927 4492 to
943 4440 985 4492 the
1001 4440 1054 4492 eius
1071 4441 1100 4492 ol
1113 4443 1177 4494 esch
1195 4440 1292 4495 indiuid'

100 4524 164 4578 usl.”
198 4526 328 4579 Unitarian
339 4528 492 4595 Miscellany,
503 4528 550 4579 vol.
561 4527 588 4580 ii.
598 4544 623 4594 p.
636 4531 677 4577 26.

136 4615 178 4681 (2)
197 4614 268 4664 Matt.
276 4631 333 4665 xxv.
344 4617 388 4667 41.
398 4616 441 4665 46.

136 4702 178 4768 (3)
198 4699 276 4752 Marc.
285 4700 319 4750 ix.
330 4701 372 4750 42.
