2798 5092
470 347 525 407 DE
547 348 681 408 SACRO
703 349 938 425 COELlBATU.
1260 358 1299 415 76

139 503 231 583 Rttp·
256 510 311 570 Illa
324 493 409 568 verba
423 507 555 585 Apostoli
576 510 711 584 praecepti
727 511 912 577 instarssunt
930 511 1013 587 jubet
1027 512 1137 570 scilicet
1151 521 1181 571 ut
1195 492 1303 572 connu-

97 602 178 662 bium
205 618 336 666 servetur
360 607 452 680 quoad
477 607 583 673 omnia,
605 605 683 663 nulla
708 606 782 664 thori
796 607 858 665 labe
883 608 1018 675 admissa,
1034 609 1087 667 ltac
1101 610 1210 667 ratione
1232 611 1295 686 ejus

96 704 278 763 sanctitatem
300 705 431 764 fidelibus
456 703 671 771 commendans,
686 705 805 782 adjectis
826 706 911 764 etiam
927 706 1030 765 divinae
1054 707 1170 766 ultionis
1187 710 1297 767 minis:
1354 750 1357 756 -

100 798 319 860 “fornicatores
334 802 411 860 enim
426 811 455 859 et
468 801 610 859 adulteros
620 800 760 877 judicabit
781 801 894 860 Deus.”
925 803 1091 879 Explicatio
1105 805 1170 864 haec
1181 825 1219 864 ex
1233 808 1298 883 ipsa

63 939 67 949 ,
96 896 172 953 serie
186 900 323 979 orationis
347 899 527 975 deprompta1
550 899 692 956 immerito
717 897 856 956 deseritur
878 899 1146 968 aProtestantibus‚
1163 914 1193 960 ut
1208 903 1300 961 hono·

97 1011 157 1052 rem
172 995 343 1055 clericorum
359 997 497 1072 majorum
508 996 615 1072 nuptiis
629 1008 728 1054 contra
742 997 827 1054 totius
837 996 1014 1070 antiquitatis
1026 1017 1199 1056 consensum
1210 1000 1301 1058 vindi·

97 1103 171 1150 cent.
215 1093 348 1152 Profecti)
372 1093 601 1177 chrysostomus
625 1091 781 1150 Theodoro
797 1094 937 1151 inonacbo
962 1093 1011 1166 qui
1025 1113 1146 1152 uxorem
1160 1093 1290 1163 duxerat,

96 1188 168 1247 nihil
182 1190 334 1267 suffragari
349 1191 417 1248 illud
430 1190 563 1266 Apostoli
575 1190 770 1248 testimonium
781 1192 911 1249 censuit:
935 1201 954 1227 ‘⁴
968 1191 1082 1249 Bonum
1095 1191 1211 1265 quidem
1224 1212 1296 1269 nup-

98 1287 152 1344 tias
167 1299 196 1346 et
211 1289 274 1365 ipse
290 1290 444 1347 confiteor:
468 1289 659 1356 honorabiles,
676 1289 777 1362 inquit,
791 1291 897 1366 nuptiae
912 1302 940 1347 et
954 1290 1047 1347 cubile
1062 1291 1297 1369 immaculatumt

97 1384 285 1445 fornicatores
311 1397 406 1445 autem
420 1399 448 1445 et
461 1386 603 1444 adulteros
619 1385 760 1464 judicabit
785 1387 884 1455 Deus;
906 1387 957 1445 sed
973 1389 1021 1446 tibi
1040 1389 1102 1465 jam
1123 1408 1181 1447 non
1196 1399 1240 1447 est
1254 1391 1296 1448 in·

97 1492 207 1560 tegrum
223 1485 358 1544 connubii
370 1487 435 1562 jura
453 1504 576 1553 servare,
596 1485 773 1562 Angelorum
795 1486 873 1543 enim
895 1486 1023 1544 societati
1045 1487 1135 1544 semel
1151 1487 1295 1562 junctum,

96 1579 173 1640 illarn
190 1582 362 1656 relinquere,
378 1595 407 1661 et
418 1584 515 1642 uxoris
527 1581 636 1655 laqueis
652 1581 801 1658 implicari,
814 1581 943 1640 adulterii
954 1583 1063 1642 crimen
1075 1584 1217 1642 incurrere
1230 1597 1294 1652 est3

96 1681 227 1753 quamvis
249 1682 353 1739 millias
377 1682 432 1741 hoc
454 1681 549 1757 ipsum
577 1681 691 1757 nuptias
707 1699 803 1747 voces,
827 1700 881 1757 ego
906 1693 1000 1740 tamen
1023 1692 1051 1740 et
1073 1682 1210 1741 adulterio
1225 1681 1294 1740 illud

95 1785 172 1837 tanto
186 1779 271 1856 pejus
286 1764 407 1847 affirmo,
421 1788 528 1852 quanto
544 1778 634 1854 major
647 1797 680 1835 ac
695 1778 795 1837 melior
810 1779 974 1836 mortalibus
989 1778 1157 1855 angelus.””

139 1881 204 1935 147.
232 1875 299 1955 Obj.
315 1882 343 1936 6.
369 1877 476 1937 Contra
489 1877 545 1934 Dei
553 1877 647 1953 legem
659 1895 715 1949 qua
728 1877 938 1941 matrimonium
952 1878 1124 1954 praecipitur,
1136 1878 1179 1935 vel
1192 1879 1295 1937 saltem

96 1974 230 2041 sancitur,
257 1973 353 2031 divina
378 1974 441 2032 data
466 1972 684 2032 benedictione:
709 1972 868 2030 “Crescite
893 1986 922 2030 et
946 1974 1186 2048 multiplicamini,
1202 1986 1230 2032 et
1253 1994 1297 2032 re-

97 2069 171 2147 plete
186 2083 288 2131 terram
298 2072 340 2138 ;”³
360 2072 491 2151 Apostoli
506 2072 599 2148 legem
615 2069 713 2128 tulisse
737 2069 873 2128 censendi
899 2088 956 2128 non
981 2082 1057 2137 sunt,
1073 2082 1102 2128 et
1115 2090 1151 2129 ne
1174 2070 1291 2145 quidem

98 2168 171 2228 ferre
186 2171 347 2229 valuerunt.

131 2265 226 2347 ‚Resp
249 2267 303 2326 Illa
318 2269 402 2326 verba
417 2268 536 2344 probant
550 2265 666 2340 quidem
683 2265 777 2324 Deum
798 2266 932 2324 sanxisse
944 2266 1058 2341 nuptias
1074 2266 1104 2324 in
1118 2266 1294 2334 universam,

100 2362 199 2436 eisque
214 2364 410 2432 benedixisse,
426 2362 476 2421 sed
504 2382 686 2436 nequaquam
708 2362 862 2420 ostendunt
884 2375 1057 2441 preceptum
1073 2364 1153 2441 operi
1168 2364 1296 2442 conjugii

98 2459 225 2518 vacandi.
269 2460 426 2536 Apostolus
447 2471 522 2517 certe
547 2457 758 2518 commendavit
780 2458 987 2536 virginitatem:
1011 2460 1156 2518 “Bonum
1182 2473 1226 2517 est
1245 2461 1297 2520 ho·

98 2557 167 2615 mini
182 2558 333 2617 mulierem
348 2576 405 2616 non
421 2569 535 2634 tangere
547 2556 578 2624 ;’'
599 2574 720 2629 eamque
742 2556 869 2615 donnum
890 2557 1027 2616 divinitus
1049 2557 1145 2615 datum
1162 2556 1298 2634 praedica·

98 2654 157 2722 tit;
178 2674 236 2729 qua
261 2657 369 2714 ratione
390 2655 494 2713 divinae
516 2655 673 2713 auctoritati
694 2654 847 2731 derogasse
867 2655 978 2712 censeri
1001 2656 1111 2728 nequit.
1152 2654 1299 2734 Exempla

98 2752 245 2826 utriusque
258 2753 381 2811 ,loannis
405 2752 559 2811 ostendunt
580 2753 793 2815 matrimonium
822 2753 977 2824 unicuique
992 2771 1048 2822 non
1065 2754 1196 2830 injungi;
1220 2754 1297 2826 quod

98 2861 226 2910 econtra
239 2852 358 2910 vetitum
380 2870 443 2909 esse
470 2853 559 2908 sacris
585 2852 723 2909 ministris
746 2851 884 2933 ear-totius
906 2850 1081 2922 antiquitatis
1107 2854 1299 2912 consensione

98 2948 195 3023 liquet.
242 2950 418 3027 Hnjnsmodi
441 2951 488 3007 lex
516 2950 550 3007 ab
575 2949 723 3026 Apostolis
743 2948 799 3005 lata
820 2947 895 3005 haud
918 2960 1024 3006 temere
1044 2961 1187 3017 censetur,
1209 2971 1296 3024 quarn

98 3047 168 3106 nihil
183 3049 332 3107 continere
347 3047 450 3106 divina
466 3048 624 3105 auctoritati
643 3046 794 3104 adversum
819 3058 940 3112 constat,
956 3065 1008 3103 nec
1023 3048 1099 3104 enim
1116 3047 1221 3106 divinis
1236 3067 1299 3124 pro-

99 3144 218 3221 pagandi
240 3145 397 3202 humanum
420 3164 510 3222 genus
535 3128 664 3202 consiliis
685 3155 833 3220 repugnat,
850 3156 880 3200 ut
901 3142 1049 3200 hominum
1071 3142 1141 3202 ordo
1157 3164 1173 3201 a
1187 3146 1295 3222 nuptiis

98 3242 237 3300 abstineat
252 3240 285 3299 ad
301 3242 406 3300 divinis
420 3244 505 3300 rebus
520 3240 690 3300 vacandum.

139 3342 205 3398 148.
223 3338 291 3418 Oltj.
304 3346 333 3400 7.
346 3340 509 3398 Concilium
528 3342 713 3415 Ancyranum
725 3358 800 3397 anno
816 3343 873 3397 313
884 3338 1014 3416 permisit
1029 3329 1144 3416 nuptias
1159 3338 1299 3408 diaconis,

94 3436 147 3517 'qui
165 3437 195 3495 in
217 3437 395 3495 ordinatione
410 3457 461 3494 sua
483 3437 628 3513 protestati
652 3436 756 3494 suerint
779 3455 810 3493 se
833 3455 890 3494 non
915 3455 1001 3514 posse
1018 3437 1223 3496 continentiam
1235 3457 1295 3496 ser-

98 3552 180 3592 rare:
206 3544 225 3570 ¹⁶
237 3533 361 3592 Diaconi
384 3535 557 3608 quicumque
579 3534 754 3600 ordinantur,
778 3534 801 3590 si
818 3535 847 3590 in
863 3535 925 3610 ipsa
941 3533 1117 3592 ordinatione
1142 3537 1289 3612 protestati

98 3644 162 3690 sunt
175 3616 205 3691 et
217 3631 352 3690 dixerunt
367 3633 484 3690 vallese
499 3633 634 3710 conjugio
656 3630 793 3708 copulari,
809 3633 877 3703 quia
899 3633 941 3689 sic
959 3650 1073 3690 manere
1088 3652 1145 3691 non
1161 3647 1294 3711 possunt,

99 3729 138 3798 bi,
153 3732 176 3788 si
192 3731 376 3815 postmodum
392 3750 496 3789 uxores
512 3731 654 3798 duxerint,
670 3731 699 3788 in
722 3730 880 3789 ministerio
896 3743 1038 3799 maneant,
1052 3742 1204 3809 propterea
1221 3733 1297 3807 quod

99 3831 251 3906 episcopus
265 3831 308 3887 eis
323 3830 465 3887 licentiam
482 3829 635 3887 dederit.”⁴

136 3927 225 4008 Reap.
248 3927 321 3986 lllud
337 3927 481 3987 decretum
496 3929 585 3986 caruit
597 3928 712 3992 effectu,
727 3945 814 4000 quum
833 3927 892 4003 juri
914 3928 1069 3987 universali
1090 3927 1300 3998 ecclesiastico,

101 4037 193 4084 contra
208 4024 285 4099 quod
299 4024 339 4083 nil
358 4036 451 4101 potest
464 4024 618 4103 singularis
638 4025 803 4101 episcopus,
822 4023 1027 4084 adversaretur.
1070 4025 1104 4084 ld
1119 4027 1148 4083 in
1163 4025 1297 4083 confesso

101 4131 142 4179 est
155 4122 229 4200 apud
246 4124 326 4199 ipsos
341 4123 494 4199 scriptores
511 4122 641 4188 Graecos,
664 4122 878 4189 Balsamonem,
891 4122 1044 4192 Zonaram,
1060 4133 1088 4180 et
1106 4121 1295 4181 Aristenium.

131 4301 168 4365 (l)
188 4299 333 4349 Bloomfield
344 4299 450 4348 adnotat:
468 4298 563 4348 “Since
574 4299 616 4348 tha
626 4299 705 4348 whole
717 4305 819 4348 context
837 4299 859 4348 is
870 4298 1005 4362 hortatory,
1017 4299 1058 4349 the
1070 4298 1123 4345 best
1130 4298 1268 4363 expositore
1277 4300 1304 4348 in

105 4386 193 4445 umsral
204 4403 253 4444 are,
265 4385 328 4435 with
340 4399 434 4443 reason,
446 4385 533 4447 agreed
550 4386 604 4435 that
614 4384 655 4433 the
667 4384 760 4450 ellipsis
771 4383 829 4434 here
845 4385 867 4433 is
881 4393 924 4436 not
934 4387 987 4438 lost
1000 4387 1043 4435 but
1053 4380 1139 4438 toea?
1174 4385 1205 4434 In
1215 4386 1298 4436 locum

121 4528 123 4537 Ι
135 4471 174 4538 (1)
191 4473 231 4524 Ad
245 4471 372 4523 Theodor.
384 4488 452 4525 mon.
463 4489 502 4537 ep.
515 4472 546 4522 vi.
558 4479 576 4522 t.
587 4487 610 4520 v.
624 4486 647 4535 p.
657 4472 717 4520 405.

136 4558 173 4624 (³)
191 4560 255 4612 Gen.
267 4561 283 4610 i.
297 4563 340 4609 28.

134 4643 170 4712 (4)
187 4647 267 4698 conc.
280 4647 378 4708 Ancyr.
390 4643 456 4708 apud
465 4643 543 4717 Labb.
553 4651 572 4694 t.
583 4644 600 4694 i.
612 4658 637 4708 p.
651 4640 724 4692 1467.
