2798 5092
97 332 164 391 820·
584 332 809 395 urrunnu.

141 491 171 549 N
173 511 257 562 aros,
272 493 467 572 AEgyptiacus
481 493 638 571 episcopus
652 492 880 553 millenariorum
889 494 1015 553 fabulam
1025 493 1178 554 renovarit
1191 493 1300 567 alumne

101 591 190 650 animi
206 591 371 668 pertinacia,
386 591 512 665 ideoque
526 591 555 650 in
571 610 640 669 pace
654 591 794 650 Ecclesia
809 593 923 651 mansit.
965 593 1054 651 Error
1073 604 1172 650 autem
1185 591 1222 650 sb
1234 591 1301 669 ipso

99 703 297 768 propagamus
313 688 490 766 Dionysium
506 687 738 749 Alexandrinum
758 701 858 748 nactus
872 701 917 748 ast
936 689 1145 758 adversarium,
1160 689 1213 763 qui
1232 697 1302 766 post

99 799 220 846 mortem
235 787 359 864 Nepotis
375 786 448 846 duos
462 786 550 846 libros
563 787 600 846 cle
612 786 781 847 Promissis
794 788 919 866 scripsit.
961 788 1106 848 concion
1117 787 1303 923 Nepotiane·
1317 822 1324 832 ·

98 902 163 944 rum
177 883 237 942 dux
251 901 376 943 errorem
390 884 522 961 ejuravit.

137 980 325 1039 Ouonnxs
318 983 445 1058 ingenio,
460 980 597 1046 doctrina,
622 982 735 1051 virtute,
757 980 963 1058 debellatisque
988 982 1132 1045 barenes
1158 982 1298 1060 insignis,

97 1080 237 1158 plurimos
251 1097 362 1138 errores
375 1080 436 1136 suis
450 1080 585 1156 operibus
600 1079 770 1149 admiscuit;
791 1090 992 1159 quapraptera
1007 1080 1159 1142 Demetrio
1171 1078 1304 1140 Alexan·

98 1178 181 1238 drino
196 1179 227 1236 in
241 1177 356 1255 synodo
370 1176 530 1236 sacerdotio
544 1190 648 1236 exutus
662 1191 716 1236 est.
758 1179 935 1240 Sententiam
951 1193 1040 1240 ratam
1055 1181 1155 1240 habuit
1169 1180 1203 1239 S.
1219 1181 1301 1242 Pou-

96 1278 200 1344 tisnus,
213 1276 362 1363 Romamn
374 1275 515 1352 pontifex,
526 1275 700 1352 plurimique
714 1294 766 1353 per
776 1278 874 1337 orbem
887 1280 1028 1356 episcopi.
1050 1278 1195 1356 Origenes
1204 1279 1298 1340 libros

95 1392 165 1433 suos
180 1374 216 1431 sb
230 1372 371 1432 hereticis
387 1373 498 1430 vitiatos
513 1390 636 1446 querens
652 1373 824 1431 Alexandria
839 1374 1001 1434 Caesaream
1017 1374 1171 1434 Palestinae
1182 1392 1216 1434 se
1230 1394 1301 1436 oon-

95 1470 169 1538 tulit,
181 1471 277 1543 ibique
289 1469 337 1528 diu
349 1468 455 1536 floruit,
464 1470 668 1527 communione
681 1468 895 1535 Catholicornm
907 1473 1111 1549 episcoporum
1122 1471 1159 1535 ad
1172 1484 1299 1534 mortem

93 1585 185 1643 nsque
198 1567 307 1624 fruens.
348 1566 470 1625 Errores
484 1567 532 1640 qui
547 1566 577 1624 in
592 1566 656 1644 ejus
670 1567 750 1625 libris
771 1569 950 1644 reperiuntur
963 1581 1121 1642 sequentes
1140 1586 1296 1630 recensen-

94 1675 150 1722 tur.
192 1665 235 1720 1⁰.
251 1660 336 1728 Quod
350 1661 456 1719 Filium
473 1680 530 1720 non
544 1680 609 1719 esse
624 1662 799 1730 natumsed
813 1663 930 1732 facmrn,
946 1675 974 1722 at
987 1683 1053 1723 esse
1078 1664 1165 1724 Patre
1179 1666 1300 1727 inferio·

93 1778 154 1819 rem
179 1759 311 1825 senserit,
336 1770 365 1816 et
389 1759 527 1835 Spiritum
553 1760 690 1817 Sanctum
716 1760 793 1818 Filio
816 1779 882 1818 esse
906 1761 1093 1821 inferioremz
1125 1766 1174 1823 2⁰.
1202 1763 1298 1826 homi·

93 1877 163 1918 num
190 1859 301 1916 animas
324 1870 389 1916 ente
411 1876 531 1935 corpora
551 1857 641 1915 fuisse
661 1870 779 1926 creatas,
806 1872 835 1917 et
861 1860 990 1918 celestes
1011 1877 1076 1920 esse
1102 1863 1236 1932 virtutes,
1259 1865 1297 1924 oh

94 1965 211 2033 peecata
235 1955 406 2031 incorpora
429 1954 595 2013 immissas:
625 1957 671 2013 30.
695 1956 818 2014 enimam
845 1954 954 2015 Christi
976 1954 1042 2016 Deo
1065 1956 1165 2017 Verbo
1185 1960 1297 2019 unitam

94 2052 283 2130 preextitisse
318 2064 382 2109 ante
417 2050 663 2110 Incarnationem:
699 2055 745 2110 40.
775 2051 884 2111 Christi
920 2055 1085 2130 passionem
1113 2054 1297 2116 demonibus

93 2148 287 2227 profuturam}
310 2149 369 2207 imo
389 2147 539 2208 Christum
562 2168 615 2226 pro
641 2151 713 2226 ipsis
739 2150 767 2208 in
793 2152 900 2209 seculo
924 2152 1018 2210 futuro
1044 2154 1295 2232 crucifigendum:

96 2244 145 2306 5οζ
156 2246 302 2306 demones
316 2246 509 2320 hominesque
520 2248 657 2323 reprobos
670 2247 825 2321 aliquando
836 2247 872 2306 ad
883 2249 1002 2307 salutem
1018 2262 1225 2326 perventuros:
1248 2242 1297 2313 00.

94 2345 204 2405 animas
218 2345 314 2402 beatas
327 2363 345 2402 a
358 2342 532 2421 perfectione
552 2343 705 2402 deflectere
726 2362 828 2422 possa,
840 2355 870 2402 et
884 2344 911 2404 iu
935 2364 1055 2422 corpora
1075 2347 1180 2409 iterum
1193 2347 1270 2407 trudi
1283 2366 1292 2407 r

95 2446 143 2504 7⁰.
157 2443 261 2502 Carnis
276 2443 512 2501 resurrectionem
524 2462 581 2501 non
593 2443 727 2510 futuram,
740 2462 845 2520 corpus
856 2463 925 2503 vero
935 2444 1136 2514 orbiculatum,
1143 2457 1173 2505 et
1184 2446 1305 2524 perfec·¹

95 2539 238 2598 muman
253 2548 497 2596 resurrecturumt
518 2542 565 2596 80.
579 2541 676 2616 ignern
692 2539 795 2598 inferni
809 2558 875 2621 esse
890 2542 1073 2600 conscientiis
1089 2543 1241 2602 dumtaxat
1252 2543 1299 2604 lu·

95 2648 176 2695 turos
195 2635 346 2694 stimulos:
375 2637 423 2692 00·
444 2645 519 2693 astra
540 2654 606 2693 esse
620 2636 783 2696 animantia.
822 2640 885 2695 100.
908 2639 1071 2697 Moericum
1092 2638 1129 2697 de
1151 2639 1294 2700 Paradiso

95 2735 253 2813 primisque
280 2733 446 2794 hominibus
470 2734 659 2794 narrationem
684 2753 750 2793 esse
773 2736 973 2814 allegoricam:
1002 2740 1067 2797 110.
1090 2740 1189 2815 gratie
1215 2738 1293 2800 dous

93 2835 178 2895 tribui
192 2853 244 2910 pro
258 2833 368 2892 meritis
380 2834 410 2891 in
424 2816 583 2911 priori'aita
596 2834 759 2907 acquisitis.
802 2835 892 2893 Nulla
906 2836 941 2894 ab
956 2834 1082 2913 Origene
1097 2838 1230 2896 instituta
1249 2849 1295 2899 est

93 2945 181 2999 secta,
197 2931 257 3015 sed!
272 2949 308 2990 eo
332 2930 482 2990 demortuo
503 2950 578 2990 anno
600 2936 671 2999 256,
684 2951 795 2991 errores
820 2935 883 3010 eius
904 2933 954 2992 diu
975 2949 1143 2994 manserunt
1162 2937 1292 2996 innocui.

92 3030 226 3090 Exeunte
240 3018 345 3088 saeculo
359 3040 459 3103 quartu
475 3030 608 3088 monachi
625 3030 771 3108 AEgyptii,
796 3031 896 3089 Nitrioe
912 3044 1038 3089 montem
1053 3032 1228 3102 incolentes,
1241 3052 1297 3094 eus·

94 3129 220 3207 amplexi
234 3139 311 3197 sunt,
325 3128 399 3187 siout
419 3138 448 3186 et
470 3127 597 3189 loannes
620 3127 905 3207 Hierosolymitanus
924 3130 1090 3207 episcopus,
1105 3144 1134 3189 et
1155 3131 1292 3193 nunnus

93 3227 289 3302 Aquileeusis.
328 3226 415 3285 Anno
440 3226 550 3285 Christi
574 3230 634 3286 400
657 3229 824 3288 Anastasius
847 3228 976 3306 pontifex
1001 3229 1152 3289 Romarm
1175 3249 1290 3292 errores

95 3325 287 3403 origenianos
301 3333 368 3383 nota
382 3323 507 3382 hoeresos
522 3324 636 3383 inussit.
658 3322 933 3385 Damneveratanno
947 3326 1118 3404 precedenti
1130 3328 1160 3387 in
1174 3328 1294 3407 syuodo

93 3422 287 3482 Alexandrina
300 3420 466 3498 Origenem,
481 3421 602 3498 ejusque
618 3438 738 3490 errores,
755 3422 939 3499 Theophilus
960 3424 1183 3498 Alexandrinus.
1227 3425 1294 3487 Ori·

92 3520 211 3598 genistoe
225 3538 262 3577 ex
277 3518 410 3595 AEgypto
425 3517 706 3596 Constantinopolim
722 3521 852 3597 profecti,
863 3541 881 3578 s
892 3521 924 3579 8.
937 3521 1049 3580 loanne
1062 3519 1292 3599 chrysostomo,

94 3632 182 3689 quem
192 3615 289 3692 specie
304 3614 416 3690 pietatis
426 3612 610 3691 deceperunt,
621 3617 744 3693 benigne
756 3617 869 3694 excepti
881 3631 957 3685 sunt,
970 3636 1033 3691 quae
1045 3619 1176 3694 gravium
1188 3619 1296 3697 ipsum-

95 3713 167 3772 inter
181 3726 210 3770 et
223 3711 421 3789 Theophilum
435 3709 619 3772 dissidiorum
634 3713 688 3773 fuit
699 3715 827 3774 occasio.
868 3715 933 3774 Eos
946 3713 1091 3773 damnarit
1104 3716 1136 3775 S.
1155 3717 1291 3796 Epipha-

93 3810 158 3869 nius
171 3809 202 3868 in
216 3808 339 3867 concilio
353 3807 530 3885 Cypriorum
545 3812 759 3889 episcoporum.
794 3815 879 3871 Anno
894 3816 952 3871 530
965 3811 1169 3889 Origenismus
1183 3816 1289 3875 iterum

91 3925 109 3965 e
123 3907 303 3968 monasteriis
318 3905 478 3965 Palaestine
492 3910 619 3978 emersit,
633 3920 663 3969 et
683 3909 771 3987 plerm
783 3910 913 3969 instituto
933 3910 1066 3969 examine
1087 3930 1163 3972 euno
1178 3918 1236 3973 000
1257 3914 1289 3975 in

93 4005 191 4076 quinta
203 4001 320 4082 synodo
333 4001 525 4063 OEcumeniee
537 4004 686 4065 damnatus
700 4015 757 4065 est.

580 4201 633 4260 w.
656 4161 794 4262 anenno.
860 4152 873 4167 '⁵

131 4358 215 4417 huno
229 4363 285 4417 ³11
303 4360 412 4420 circiter
435 4361 674 4420 Donsrrsnsauu
696 4362 823 4421 schisma
843 4362 946 4440 erupit.
988 4362 1085 4431 Quum
1108 4363 1286 4430 cecilianus

93 4452 330 4531 Carthaginensis
344 4459 499 4537 episcopus
513 4459 566 4517 rite
579 4471 761 4518 consecratus
776 4481 793 4518 a
811 4460 908 4519 Felice
923 4462 1130 4539 Aptungitano,
1145 4462 1287 4524 Ecclesiae

91 4571 161 4611 rasa
174 4571 191 4609 a
204 4552 354 4617 decessore
367 4575 422 4617 suo
435 4557 586 4617 Mensurio
601 4557 772 4630 quibusdam
783 4548 946 4619 concredito
956 4571 1107 4636 repeteret,
1119 4581 1226 4624 eorum
1235 4563 1288 4623 sibi

90 4651 227 4713 conflavit
249 4650 358 4711 odium.
400 4652 442 4712 Hi
470 4655 663 4732 praetexebant
687 4655 800 4716 dissidii
823 4676 953 4727 causam,
979 4657 1107 4720 Felicem
1135 4663 1286 4724 tradidisse
