2798 5092
333 316 390 378 DE
411 316 672 379 EFFECTIBUS
692 314 1083 378 sacssnmurtrotturt.
1245 320 1301 378 tra

112 482 208 542 terem,
225 484 246 513 ‘⁴
256 475 466 554 ego'’-inquit
475 479 650 555 Augustinus
662 496 697 539 eo
707 476 836 544 loci-‘⁸
849 475 963 550 quando
971 494 1102 536 vocarem
1110 473 1299 543 munitatem,

110 572 133 628 si
147 572 308 630 invenirem
333 571 484 631 desertoris
504 574 706 641 characterem,
727 573 957 642 exterminarem,
979 571 1115 639 delerem,
1143 568 1297 637 abolerem,

103 669 272 746 abjicerem,
300 688 358 730 non
385 672 583 749 approbarem,
611 690 787 749 respuerem,
815 670 1095 746 anathematizarem,
1120 670 1297 728 damnarem.

82 765 195 826 ·Nnnc
216 785 286 826 vero
310 769 373 845 ipse
398 767 526 828 desertor
548 771 738 828 characterem
764 769 828 827 fixit
854 768 1037 846 Imperatoris
1063 768 1120 840 sui.
1162 767 1243 826 Deus
1266 775 1295 823 et

106 861 252 923 Dominus
265 873 362 923 noster
383 865 470 924 lesus
490 865 625 925 Christus
640 854 748 940 ‘querit
768 865 953 932 desertorem,
967 864 1045 923 delet
1055 866 1161 924 erroris
1175 864 1294 930 crimen,

103 961 155 1020 sed
168 981 229 1021 non
242 965 413 1025 exterminat
424 984 509 1024 suum
523 965 760 1026 characterem.”¹
801 966 849 1025 Ex
863 966 908 1024 his
921 964 1004 1027 facile
1018 963 1169 1045 colligitur
1182 964 1297 1040 Augus·

105 1061 198 1119 tinum
213 1060 323 1120 nullum
344 1081 498 1141 agnoscere
522 1063 713 1125 characterem
735 1061 851 1131 Donati,
873 1062 924 1121 sed
950 1072 1057 1122 tanturn
1078 1060 1219 1122 declarare
1240 1077 1297 1134 qua

99 1159 214 1218 mdone
228 1176 294 1218 eum
309 1159 416 1218 deleret
429 1160 454 1219 si
463 1178 520 1239 per
532 1160 714 1240 impossibile
732 1162 833 1220 inisset
846 1162 1015 1238 impressus.

143 1259 193 1314 65.
219 1254 287 1335 Obj.
302 1261 332 1314 2.
353 1258 429 1316 Ante
451 1257 610 1318 Innocentii
625 1259 680 1319 111.
694 1267 822 1336 tempora
848 1258 886 1317 de
911 1259 1074 1319 charactere
1093 1254 1165 1315 nihil
1185 1263 1295 1314 certum

95 1352 241 1411 habetur:
263 1353 312 1411 ilie
332 1365 432 1412 autem.
454 1355 564 1432 primus
588 1372 656 1414 eum
685 1355 899 1433 propugnavit·
938 1354 971 1412 Si
991 1350 1156 1430 hujusmodi
1176 1349 1294 1408 effectus

103 1449 189 1507 hisce
204 1451 388 1509 sacramentis
403 1451 530 1510 adnexus
544 1453 655 1521 fnisset,
669 1452 706 1511 de
725 1471 760 1512 eo
782 1453 934 1530 Scriptura
955 1463 983 1511 et
1003 1461 1097 1530 patres
1117 1448 1296 1527 persptcmm

102 1546 210 1632 procul
223 1546 310 1606 dubio
324 1549 459 1607 fecissent
473 1551 657 1610 mentionem.

141 1641 234 1722 Rcap.
276 1645 348 1712 Quae
373 1664 410 1704 ex
430 1648 568 1724 patribus,
592 1648 749 1725 prasertim
770 1648 942 1727 Augustino,
963 1647 1112 1707 citavimus
1133 1642 1295 1702 testimonia

94 1741 188 1818 plane
201 1743 337 1802 evincunt
350 1743 434 1822 longe
446 1754 509 1804 ante
521 1746 679 1806 innocentii
690 1759 819 1826 tempora
832 1748 1021 1806 characterem
1031 1747 1062 1804 in
1073 1742 1205 1803 Ecclesia
1212 1739 1296 1818 agni·

90 1850 181 1906 tumt
205 1839 282 1914 quod
307 1842 392 1901 etiam
406 1844 530 1920 ex‘ipso
551 1845 662 1921 objecto
684 1845 798 1905 decreto
817 1846 917 1920 liquet,
939 1845 1096 1906 nonenim
1118 1841 1294 1915 querebatur

95 1948 198 1996 utrum
220 1937 365 1997 character
388 1939 598 2016 imprimeretur
621 1941 734 2014 quando
756 1954 963 2001 sacramentum
987 1941 1039 2000 rite
1064 1937 1223 2003 coniicitur,
1246 1931 1297 1991 sed

98 2046 199 2095 ntrum
216 2035 305 2108 quiin
315 2039 440 2095 amentia
451 2037 494 2095 vei
503 2037 631 2116 lethargo
642 2040 778 2117 baptizati
788 2051 878 2108 erant,
889 2040 1089 2102 characterem,
1099 2052 1186 2109 quem
1194 2049 1296 2091 omnes

95 2132 262 2191 fatebantur
274 2144 452 2192 sacramento
465 2133 620 2205 adnexum,
635 2138 822 2214 recepissent.
863 2136 910 2195 De
922 2135 1037 2194 silentio
1049 2131 1203 2209 Scriptura
1218 2127 1295 2202 quod
1344 2119 1348 2126 ’

97 2229 204 2297 dicitur
227 2249 327 2308 parum
343 2231 427 2291 habet
439 2233 560 2301 roboris,
572 2234 653 2311 plura
663 2236 741 2294 enim
756 2244 849 2294 tacent
862 2234 1015 2311 Scriptura
1030 2247 1093 2306 que
1108 2227 1257 2287 traditione
1267 2235 1296 2284 et

100 2328 310 2389 consuetudine
324 2328 464 2389 Ecclesia
478 2331 673 2402 innotescunt,
688 2331 958 2410 praeterquamquod
977 2349 1043 2407 quse
1055 2327 1226 2388 adduximus
1240 2336 1295 2384 tes·

102 2428 222 2487 timcnia
236 2428 274 2486 de
287 2427 449 2488 charactere
465 2441 586 2506 possunt
599 2432 731 2510 intelligi.

140 2530 189 2589 66.
215 2524 326 2605 Obj..³.
348 2527 479 2585 Vitiosns
493 2538 538 2586 est
551 2529 684 2599 circulus,
701 2549 788 2605 qnnm
804 2530 950 2590 climacter
963 2530 1098 2608 probetur
1110 2544 1148 2585 ex
1169 2543 1205 2584 eo
1220 2521 1297 2597 tu⁰d

105 2635 279 2683 sacramenta
289 2624 338 2682 illa
347 2624 411 2701 plus
422 2627 513 2684 semel
527 2645 585 2686 non
597 2629 787 2706 recipientem
801 2639 831 2688 et
841 2648 875 2687 ea
886 2630 980 2688 iterari
988 2647 1046 2687 non
1061 2642 1148 2704 posse
1162 2618 1295 2701 probetur

106 2738 139 2778 ex
150 2721 315 2781 charactere
329 2721 481 2798 impresso.
509 2723 651 2783 Praeterea
664 2725 809 2784 character
822 2725 870 2785 ille
885 2726 993 2785 inutilis
1008 2742 1125 2802 prorsus
1136 2733 1190 2787 est,
1205 2737 1294 2793 quum

107 2816 236 2879 homines
248 2836 315 2877 eum
330 2837 485 2895 agnoscere
495 2830 647 2893 nequeant,
661 2820 777 2878 etDeus
791 2821 872 2879 nullo
885 2818 1051 2896 hujusmodi
1064 2820 1149 2896 signo
1157 2815 1293 2892 indigeat,

103 2929 132 2975 -ut
144 2918 330 2996 baptizatum,
344 2918 554 2986 mutirmatum,
569 2930 618 2976 ant
631 2918 791 2977 ordinatum
804 2920 839 2976 ab
854 2918 910 2976 alio
922 2917 1088 2995 distinguat.

139 3013 230 3093 neap.
253 3013 438 3074 Sacramenta
452 3016 499 3074 illa
513 3017 606 3075 iterari
622 3034 678 3074 non
693 3033 781 3093 posse
795 3017 949 3092 probamus
958 3033 994 3072 ex
1005 3024 1141 3091 perpetua
1151 3012 1295 3072 Ecclesiae

102 3111 317 3180 ,consuetudine
338 3124 367 3170 et
380 3111 566 3173 auctoritate:
589 3132 682 3187 eoque
702 3124 808 3173 statuto
820 3123 1019 3191 argumentum
1032 3112 1099 3170 inde
1113 3112 1293 3170 desumimus

102 3210 333 3269 eucharacterem
345 3210 528 3269 indelebilem
541 3211 645 3271 animae
656 3211 831 3289 imprimere,
843 3212 899 3270 nisi
908 3212 986 3269 enim
1001 3209 1116 3284 aliquod
1127 3208 1293 3286 hujusmodi

109 3307 215 3385 sgnum
231 3309 337 3368 animae
360 3318 498 3387 perpetuo
520 3311 680 3380 inhereret,
695 3311 826 3389 plurium
840 3310 990 3370 suaderent
1005 3311 1128 3371 rationes
1140 3327 1174 3367 ea
1187 3309 1293 3381 absque

110 3403 224 3474 piaculo,
239 3404 300 3462 imo
314 3423 495 3482 magnacum
510 3407 630 3465 utilitate
644 3425 732 3484 posse
740 3408 846 3484 pluries
858 3406 992 3466 conferri.
1033 3405 1099 3464 Hoc
1113 3403 1291 3464 ratiocinium
1344 3473 1347 3477 ,

106 3498 178 3568 quod
191 3500 321 3578 profectui
337 3501 460 3562 validum
476 3516 529 3571 est,
542 3504 776 3582 firmaturjpsins
790 3504 930 3567 Ecclesia
944 3504 1065 3563 decretis
1077 3521 1143 3576 quas
1153 3503 1190 3560 ab
1198 3507 1293 3580 Apos-

105 3593 166 3653 tolis
177 3597 247 3657 olim
263 3598 373 3666 edocta,
388 3599 527 3660 etdiuino
551 3601 662 3661 lumine
679 3602 772 3661 adbuc
794 3603 942 3671 illustrata,
964 3602 1087 3661 declarat
1098 3601 1290 3663 characterem

106 3708 196 3753 ,revera
220 3695 360 3772 imprimi.
402 3697 511 3756 Circeii
535 3699 630 3758 vitiosi
653 3700 700 3759 hic
721 3699 831 3761 nullum
852 3710 930 3759 certe
951 3710 996 3759 est
1022 3699 1196 3778 uestigium:
1227 3701 1291 3759 Nec

109 3789 208 3851 inutilis
224 3793 363 3853 dicendus
381 3807 424 3854 est
438 3796 592 3866 character,
608 3817 696 3871 quum
711 3808 787 3858 certo
802 3810 913 3858 constet
926 3798 1022 3858 Mum
1036 3798 1219 3856 sacramentis
1234 3798 1290 3855 illis

109 3903 166 3947 rum
179 3890 339 3960 adnectere,
355 3894 418 3970 ipse
432 3903 526 3955 autem
543 3895 615 3955 nihil
629 3896 731 3956 frustra
744 3897 837 3955 faciat.
880 3897 1024 3956 Homines
1048 3895 1163 3970 quidem
1180 3913 1244 3953 eum
1260 3896 1290 3953 in

113 4001 136 4041 se
149 4005 202 4047 non
218 3989 325 4058 vident,
347 4005 525 4069 cognoscunt
546 4006 640 4053 tamen
665 3996 695 4053 in
718 4014 813 4062 causa,
839 4013 943 4073 nempe
964 3997 995 4054 in
1020 3996 1072 4067 rite
1096 3993 1290 4052 administrato

112 4097 286 4157 sacramento,
302 4089 425 4164 indeque
440 4091 553 4152 discunt
568 4104 718 4171 perpetuas
731 4095 919 4171 obligationes
934 4113 1005 4170 quas
1020 4092 1208 4169 suscipientes
1223 4110 1289 4151 con·

113 4183 220 4245 trahunt.

434 4388 473 4450 (l)
492 4387 568 4437 Serm.
580 4388 611 4438 ad
621 4388 715 4453 plebem
726 4367 825 4440 Cesar.

430 4472 472 4537 (2)
494 4472 555 4538 Cap.
568 4474 680 4540 Majnres,
692 4473 721 4524 L.
734 4475 778 4526 lli.
791 4475 861 4557 Dect.
874 4476 911 4527 tit.
921 4476 975 4527 xlii.
