2798 5092
586 370 812 431 APPENDIX.
1239 378 1296 434 363

97 529 217 589 charum
242 529 429 589 Alexandrini
457 539 487 588 et
505 529 687 596 Antiochum,
710 529 848 604 multique
870 531 1079 610 archiepiscopi
1102 541 1131 590 et
1154 532 1295 610 episcopi.

58 690 62 700 ¹
96 625 765 704 111115115ῐί51515551555151511115551515,
795 628 923 687 loannes
947 628 1140 706 Palaeologus.
1182 629 1294 689 15555

96 725 223 785 concilio
238 726 335 786 Graeci
350 715 530 785 5555551155
545 744 611 784 curn
626 726 735 785 Latinis
751 725 884 790 inierunt,
907 727 1060 803 pontificio
1075 725 1238 786 definitioni
1258 726 1294 786 de

96 824 182 882 rebus
197 836 281 883 antea
295 825 485 882 controversie
499 822 720 882 subscribendo:
744 825 861 882 Marcus
882 834 977 882 tamen
998 824 1167 902 Ephesinus
1181 826 1295 902 episco-

96 937 152 996 pus
167 920 300 996 pertinax
315 921 428 988 mansit,
444 930 472 978 et
486 921 515 978 in
536 921 655 997 patriam
676 939 807 980 reversus
833 919 995 980 concordiae
1016 921 1163 980 vinculum
1184 922 1297 982 abrum-

98 1013 228 1091 pendum
244 1016 362 1073 curavit.

137 1109 253 1169 XVIll.
277 1111 448 1170 Ouncmruu
470 1111 693 1170 Leonnannnsu
718 1113 756 1171 V.
780 1113 997 1172 OEouunmcuu
1012 1114 1046 1172 55
1070 1113 1149 1171 115115
1171 1113 1295 1188 aliisque

96 1219 306 1284 propugnatur,
330 1209 421 1267 Gallis
448 1210 604 1286 presertim
629 1209 872 1269 dissentientibus.
916 1208 1096 1269 Convocavit
1119 1209 1190 1268 illud
1216 1229 1292 1271 auno

100 1308 179 1363 1512
193 1304 289 1363 Julius
303 1304 355 1374 ΙΙ.,
369 1316 401 1363 51
414 1304 603 1364 cardinalibus
613 1306 783 1379 quibusdam
799 1307 827 1364 in
840 1307 1030 1365 conciliabulo
1044 1307 1152 1367 Pisano
1167 1307 1296 1367 schisma

96 1402 283 1461 molientibus
297 1403 350 1461 iret
363 1404 486 1462 obviam.
527 1402 601 1462 lllud
616 1404 792 1462 continuavit
812 1405 873 1463 Leo
887 1405 938 1474 Χ.,
952 1405 970 1464 J
974 1405 1032 1463 ulio
1053 1416 1142 1462 morte
1163 1405 1291 1482 abrepto.

96 1499 260 1558 Adsuetum
273 1499 429 1559 cardinales
448 1505 494 1569 lu,
509 1501 674 1577 patriarchae
696 1500 857 1560 Orientales
879 1502 946 1570 duo,
962 1501 1159 1560 Antiochenus
1179 1503 1291 1561 scilicet

97 1609 127 1655 51
141 1596 365 1667 Alexandrinus,
380 1599 484 1672 aliique
502 1599 632 1675 episcopi
653 1616 772 1656 numero
788 1609 883 1656 tamen
908 1598 984 1657 baud
1007 1599 1133 1676 insigni;
1156 1599 1293 1676 presules

97 1694 176 1752 euim
191 1712 293 1752 omnes
310 1698 366 1752 114
379 1695 609 1761 numerabantur,
627 1694 720 1752 Gallis
730 1695 877 1771 plerisque
892 1713 988 1772 arege
1004 1697 1053 1768 qui
1070 1696 1291 1755 conciliabulum

98 1789 238 1850 Pisanum
253 1791 375 1860 fovebat,
390 1810 426 1851 ne
440 1793 493 1849 iter
514 1791 637 1850 Romam
658 1790 876 1869 aggrederentur
896 1791 1054 1868 impeditis.
1096 1791 1289 1869 Reprobatum

97 1901 142 1948 est
153 1889 184 1948 15
198 1891 322 1948 55551115
336 1890 520 1957 Lateranensi
535 1890 753 1948 conciliabulum
769 1890 906 1948 Pisanum
921 1910 928 1947 :
952 1890 1101 1949 Pontificis
1116 1890 1145 1948 in
1166 1891 1290 1949 concilia

99 1988 196 2048 omnia
210 1988 372 2065 prestantia
385 1988 478 2045 verbis
494 1987 680 2064 amplissimis
694 1985 837 2045 declarata
856 1997 911 2053 est,
927 2006 990 2061 que
1006 1998 1100 2044 tamen
1115 1985 1291 2045 definitionis

99 2083 219 2143 formam
235 2085 334 2142 etvini
349 2102 407 2142 non
430 2084 549 2142 babent:
572 2081 770 2161 Pragmatius
791 2083 905 2142 sanctio
926 2083 961 2140 de
983 2082 1186 2141 beneficiorum
1203 2083 1291 2141 colla·

99 2181 187 2248 tione,
209 2181 423 2246 Basileensibus
447 2180 615 2257 praesulibus
638 2181 763 2257 probata,
792 2181 924 2257 abrogata
947 2189 1001 2248 551,
1027 2179 1198 2239 5555516515
1218 2180 1291 2238 15151

100 2279 226 2338 Leonem
243 2281 281 2338 X.
296 2289 325 2337 51
337 2279 523 2337 Franciscum
537 2279 561 2337 1.
578 2278 688 2355 Regem
704 2277 861 2337 Galliarum
876 2278 903 2335 ei
918 2277 1081 2336 substituto.

137 2377 223 2436 XIX.
240 2376 411 2435 Goncmruu
426 2393 561 2434 5111555
572 2374 801 2443 (Eudracinum,
812 2375 967 2432 Temnum
981 2373 1108 2432 habitum
1118 2383 1162 2430 est
1171 2373 1205 2431 ab
1217 2390 1291 2432 anno

101 2478 175 2532 1545
191 2491 284 2546 usque
298 2471 333 2530 ad
347 2470 452 2530 555551
477 2475 563 2538 1563,
579 2471 663 2529 151115
688 2471 864 2548 interpositis
885 2471 1046 2530 sessionum
1070 2469 1237 2536 intervallis,
1252 2470 1290 2529 55

98 2572 171 2632 55115
185 2571 282 2630 civilia
295 2571 399 2644 quibus
415 2569 570 2628 Germania
583 2569 727 2646 flagrabat,
743 2581 772 2627 et
785 2569 948 2646 principum
967 2569 1143 2629 simultates.
1177 2573 1217 2628 25
1233 2582 1294 2626 555·

97 2668 228 2727 51551555
243 2666 403 2725 5555151551
419 2679 482 2724 est:
501 2666 730 2742 subscripserunt
753 2666 816 2742 ejus
842 2665 973 2733 decretis,
989 2667 1092 2739 quibus
1113 2675 1144 2724 et
1166 2665 1239 2724 fides
1264 2675 1293 2723 et

96 2758 251 2839 disciplina
271 2760 447 2819 validissime
472 2772 517 2817 est
536 2761 655 2827 munita,
671 2764 711 2817 26
730 2758 897 2827 cardinales,
912 2765 930 2817 3
946 2761 1121 2835 patriarche,
1137 2766 1176 2818 25
1201 2759 1292 2818 archi·

95 2859 239 2938 episcopi,
257 2863 311 2917 168
325 2858 465 2935 episcopi.
507 2856 590 2915 Fidei
614 2856 759 2915 decretum
784 2856 894 2915 nullum
916 2856 1004 2914 latum
1027 2857 1150 2915 5515151
1174 2874 1289 2916 5515155
1347 2922 1349 2927 ,

94 2958 230 3020 omnium,
256 2973 420 3014 consensus
442 2952 693 3031 discipliuaelegcs
721 2971 758 3010 ex
785 2952 870 3029 longe
898 2952 1015 3029 majoris
1039 2953 1150 3010 numeri
1176 2961 1287 3030 patrum

95 3054 242 3131 suffragiis
268 3053 329 3111 latae
354 3061 429 3109 sunt.
472 3051 546 3109 Vide
570 3051 724 3129 genuinam
745 3050 808 3126 ejus
834 3049 981 3107 historiam
996 3068 1013 3106 a
1028 3047 1174 3107 Cardiusli
1197 3049 1289 3107 Palla·

95 3152 185 3211 viciui
192 3152 337 3226 scriptam,
350 3148 497 3207 utfraudcs
507 3160 535 3206 et
547 3147 695 3207 mendacia
706 3154 863 3222 exponeret
871 3145 964 3203 Patris
975 3145 1057 3204 Pauli
1069 3146 1163 3222 Sarpi,
1171 3145 1291 3205 Venetae

99 3247 278 3326 Reipublicae
292 3244 447 3321 Thuringi,
460 3247 509 3318 qui
525 3244 711 3302 calvinianus
726 3243 813 3302 corde
828 3261 1009 3319 magnacum
1024 3253 1082 3300 arte
1096 3243 1188 3302 texuit
1203 3243 1291 3302 histo·

97 3346 168 3405 riam
182 3344 309 3409 concilii,
323 3361 408 3416 quarn
425 3344 541 3402 numine
554 3341 641 3401 Petri
658 3340 770 3401 Suavis
783 3341 936 3418 evulgavit.

317 3540 466 3599 Ooucrcrs
480 3553 611 3602 5555111
627 3555 798 3595 neruorum
818 3555 837 3594 1
851 3536 1075 3595 Ρ55511151555.

139 3701 384 3760 Μ55151155555
406 3697 558 3756 5555111515
580 3714 655 3755 5555
677 3698 747 3762 355,
769 3694 895 3752 habitum
911 3714 927 3751 5
941 3698 999 3752 360
1013 3693 1169 3772 episcopis,
1190 3695 1219 3752 in
1234 3714 1292 3769 quo

99 3776 247 3856 damnatus
259 3806 304 3853 551
312 3793 495 3853 Athanasius.
523 3790 714 3850 Ariminense
728 3794 785 3848 400
800 3792 1177 3867 episcoporumannouou,
1189 3791 1219 3851 15
1234 3809 1292 3864 quo

101 3896 156 3953 v'ux
181 3886 443 3953 consubstantialis
464 3907 480 3946 e
501 3888 635 3966 symbolo
657 3887 750 3945 deleta
772 3896 815 3943 551
837 3885 934 3945 fraude
958 3887 1072 3946 Ursacii
1096 3898 1124 3945 51
1146 3886 1291 3944 Valentis:

98 3990 203 4069 dogma
223 3999 317 4047 tamen
334 4006 369 4046 55
380 4019 382 4022 >
393 4004 462 4045 voce
482 3984 658 4043 enuntiatum
674 3982 810 4059 rejectum
824 4001 883 4041 non
897 3993 949 4041 est.
995 3980 1132 4042 Seleuciae
1147 3982 1200 4060 555
1215 3981 1291 4041 idem

100 4097 213 4166 tempus
235 4094 429 4144 convenerunt
442 4081 573 4159 episcopi
595 4080 765 4140 Semiariani
787 4083 856 4148 206,
871 4081 921 4153 qui
935 4080 1153 4139 conciliabulum
1169 4078 1293 4137 celebra·

97 4196 172 4246 1551.
215 4181 391 4260 Reprobovit
410 4180 542 4247 Liberius
564 4179 700 4253 Pontifex
721 4173 938 4237 Mediolanense
959 4178 1123 4245 concilium,
1145 4194 1235 4249 caque
1257 4175 1292 4234 dc

97 4300 185 4343 55555
204 4281 237 4339 iu'
249 4279 370 4338 exilium
384 4277 415 4336 15
428 4275 584 4336 Thraciam
598 4275 707 4335 delatus
722 4283 776 4332 est.
817 4274 1012 4334 Ariminensia
1025 4285 1087 4332 acta
1100 4284 1201 4351 postea
1215 4273 1294 4334 dam·

97 4381 186 4441 navit.
1168 4362 1176 4387 ⁸

97 4488 103 4497 '
135 4475 327 4555 Ephesiorum
351 4470 544 4532 latrocinium
558 4489 609 4529 eeu
630 4469 797 4548 predaturia
819 4468 967 4547 Syuodus,
987 4487 1063 4528 anno
1084 4471 1143 4526 449
1164 4468 1293 4529 habiturn

95 4585 151 4644 511,
166 4571 336 4632 Theodosio
350 4571 369 4630 J
372 4571 469 4629 551515
484 4569 651 4647 imperante.
682 4567 762 4626 1555
773 4568 931 4627 Dioscorus
944 4565 1156 4627 Alexandrinus
1169 4567 1292 4644 prefuit,

95 4671 238 4749 denegato
252 4669 285 4727 S.
300 4668 409 4727 Leonis
424 4667 468 4727 M.
483 4665 585 4746 legatis
597 4668 663 4726 1555
678 4665 775 4746 prime
791 4665 860 4725 Scdi
874 4663 981 4735 debito,
994 4665 1044 4740 qui
1056 4666 1141 4726 etiam
1153 4666 1184 4726 in
1198 4665 1293 4744 iugum
