2798 5092
629 345 686 409 DE
707 344 982 409 Episcopatu,

553 602 750 645 OBOEOEIONES
770 602 953 645 SOLVUNTUR·

192 747 238 801 52.
264 741 331 821 obj.
350 747 378 802 l.
395 742 534 802 Calvinus
548 743 590 801 sic
599 742 706 801 scribit:
729 752 749 780 ‘⁸
761 741 905 801 (laterum
920 741 996 817 quod
1010 742 1175 820 episcopos,
1190 754 1219 801 et
1230 743 1348 822 presby·

155 848 236 907 teros,
251 849 279 897 et
296 851 439 917 pastores,
454 848 483 897 et
503 838 648 899 ministros
663 839 824 916 promiscue
848 841 946 899 vocavi
959 839 1008 913 qui
1023 838 1169 897 Ecclesias
1185 850 1295 917 regunt,
1317 838 1347 898 id

155 934 208 994 leci
217 935 372 1013 Scripturas
385 955 451 1004 usu,
464 955 527 1010 quae
536 935 672 995 vocabula
684 937 738 993 ista
748 935 905 1005 confundit,
919 937 1091 1010 quicumque
1100 936 1176 995 enim
1187 936 1265 994 verbi
1276 936 1348 995 min·

155 1031 246 1090 isterio
260 1026 430 1110 funguntur,
446 1032 481 1091 iis
497 1032 608 1091 titulum
622 1033 823 1110 episcoporum
845 1034 949 1092 tribuit.
992 1033 1042 1090 Sic
1056 1030 1131 1110 apud
1148 1032 1280 1101 Paulum,
1294 1033 1345 1092 ubi

148 1130 242 1205 jussus
263 1141 308 1189 est
333 1130 420 1188 Titus
445 1131 616 1189 constituere
642 1131 825 1208 presbyteros
839 1130 1008 1209 oppidatim,
1037 1131 1177 1190 continuo
1198 1130 1349 1209 subjicitur

155 1223 224 1304 (Tit.
239 1226 260 1284 i.
276 1226 322 1304 5.)
360 1226 500 1304 ‘Oportet
514 1227 590 1286 enirn
605 1227 774 1304 episcopum
789 1245 854 1285 essa
875 1226 1096 1305 inculpabilem,’
1112 1236 1166 1286 etc.
1208 1227 1258 1285 Sic
1279 1226 1346 1286 alibi

153 1323 245 1401 plures
259 1325 289 1383 iu
304 1343 362 1383 uns
388 1324 522 1384 Ecclesia
543 1325 696 1403 episcopos
710 1325 811 1383 salutat
826 1323 914 1404 (Phil.
933 1326 953 1384 i.
980 1325 1020 1405 l.)
1061 1326 1102 1384 Et
1116 1328 1146 1384 in
1160 1324 1240 1384 Actis
1259 1324 1348 1384 refer·

155 1434 196 1480 tur
216 1441 392 1482 convocasse
415 1425 597 1504 presbyteros
620 1424 798 1502 Ephesinos,
821 1442 893 1498 quos
908 1424 971 1502 ipse
985 1425 1138 1502 episcopos
1153 1441 1205 1483 sua
1218 1423 1346 1484 oratione

155 1523 288 1581 nominat.
332 1520 586 1603 (ιιιι.2ο.17.’)’ι
724 1527 738 1555 ’

189 1617 279 1731 Repo.
304 1617 462 1677 Nouimus
477 1618 587 1679 inficias
608 1619 762 1697 episcopos
790 1620 820 1678 io
848 1638 924 1678 novo
937 1619 1123 1679 Testamento
1139 1618 1234 1695 vocari
1258 1618 1344 1678 etiam

152 1716 347 1793 presbyteros,
363 1725 501 1793 pastores,
516 1715 711 1776 et‘ministros
738 1715 938 1786 christinam
960 1728 989 1777 et
1013 1717 1145 1795 Apostoli
1171 1717 1214 1776 sic
1236 1726 1345 1776 nuncu·

153 1826 260 1890 pantur.
303 1814 466 1873 Praeterea
459 1833 488 1872 ιιι
501 1813 640 1873 Ecclesia
655 1813 819 1893 primordiis
834 1815 962 1894 plerique
977 1817 1011 1874 ab
1025 1816 1172 1894 Apostolis
1184 1815 1265 1874 electi
1277 1833 1345 1874 con·

153 1911 236 1968 stituti
250 1919 320 1969 sunt
331 1908 472 1988 episcopi,
481 1921 512 1968 ut
520 1921 640 1987 possent
651 1922 754 1987 praesto
765 1930 829 1969 esse
840 1911 874 1969 ad
887 1912 983 1970 omnia
999 1913 1096 1970 munia
1109 1931 1189 1970 secra
1202 1909 1343 1979 obeunda,

154 2021 178 2065 et
199 1994 397 2067 Ecclesiaruur
423 2026 486 2082 qua
501 2007 531 2065 in
546 2006 607 2066 dies
631 2006 818 2066 fundabantur
839 1999 972 2084 regimini
986 2009 1109 2085 praefici,
1117 2009 1201 2087 plena
1215 2009 1343 2068 instmcti

154 2105 323 2164 auctoritate.
366 2103 445 2163 Hinc
474 2103 621 2182 pluresio
652 2103 752 2162 eadem
781 2105 848 2163 urbe
870 2105 958 2163 simul
996 2114 1121 2164 versatos
1146 2123 1210 2162 essu
1238 2105 1343 2164 mirum

151 2217 278 2272 nonest,
304 2203 435 2278 quamvis
457 2202 498 2262 nil
520 2203 620 2280 probet
643 2203 776 2262 omnibus
805 2203 909 2280 pariter
933 2203 995 2281 ejus
1018 2221 1115 2261 curam
1144 2201 1342 2261 commissam.

155 2298 178 2359 E
192 2313 292 2361 contra
312 2301 330 2360 J
332 2302 437 2360 acubus
452 2300 722 2379 Hierosolymorum
744 2301 898 2380 episcopus
919 2301 1008 2361 fuisse
1020 2299 1171 2380 singularis
1184 2320 1200 2359 a
1211 2300 1342 2360 vetustis·

151 2388 228 2457 simis
258 2398 445 2474 scriptoribus
472 2396 610 2470 traditur3
630 2409 659 2456 et
685 2397 781 2465 Titus,
805 2407 834 2456 et
857 2397 1040 2467 Timotheus,
1068 2398 1257 2476 singularibus
1284 2396 1342 2456 Eo·

150 2495 241 2553 clesiis
274 2493 400 2572 praelecti
430 2503 595 2563 noscuntur,
629 2493 748 2553 aliorum
778 2513 850 2569 quos
880 2496 1011 2554 creabant
1040 2495 1241 2573 episcoporum
1273 2513 1342 2553 cura

150 2590 201 2651 illis
229 2591 402 2650 concredita.
450 2590 520 2649 Veri
558 2592 683 2650 nominis
711 2591 864 2670 episcopos
892 2592 1050 2671 oppidatim
1079 2591 1296 2652 constituendos
1322 2611 1340 2650 a

148 2688 215 2750 Tito
235 2689 344 2749 indicat
364 2690 481 2759 Paulns;
509 2707 583 2764 quos
611 2690 792 2768 presbyteros
822 2690 945 2767 primum
971 2701 1062 2760 vocat,
1084 2689 1220 2750 vocabulo
1247 2689 1340 2768 digni·

149 2797 229 2848 tatem
257 2787 435 2867 designante,
460 2787 537 2862 quud
566 2789 705 2865 posterior
728 2807 797 2846 usus
825 2787 861 2846 ad
888 2790 1048 2848 sacerdotes
1075 2788 1193 2847 secundi
1228 2787 1337 2847 ordinis

151 2882 325 2944 denotandus
360 2883 497 2943 definivit.
549 2884 712 2961 Episcopus
740 2885 824 2942 etiarn
853 2903 935 2942 veros
969 2884 1155 2962 intelligimus
1189 2902 1239 2943 eos
1266 2903 1339 2959 quos

149 2999 182 3040 eo
194 2982 313 3041 numine
327 2981 428 3040 salutat
450 2981 555 3040 Paulus
570 2981 604 3040 ad
620 2981 822 3059 Philippenses
837 2982 974 3050 scribens,
990 3000 1062 3055 quos
1077 2966 1172 3039 tainen
1194 2981 1254 3058 pari
1274 3000 1340 3040 enc-

149 3080 257 3140 toritate
272 3099 336 3139 eam
362 3079 472 3138 rexisse
486 3079 648 3156 Ecclesiam
670 3080 711 3139 uil
735 3080 851 3158 probat;
873 3079 941 3137 satis
962 3080 1038 3139 enim
1064 3079 1231 3157 intelligitur
1244 3097 1282 3137 cx
1301 3079 1338 3136 iis

150 3193 210 3249 quae
236 3175 363 3237 diximus
389 3195 439 3234 cur
464 3177 559 3255 plures
584 3170 702 3234 simul
695 3195 725 3234 ιιι
752 3176 852 3235 eadem
876 3177 945 3235 urbe
972 3166 1123 3249 aliquando
1147 3187 1337 3235 versarentur.

147 3269 287 3350 Episcopi
302 3273 445 3347 erantqui
473 3273 600 3350 Epheso,
622 3273 713 3332 Paulo
736 3285 864 3342 vocante,
886 3273 1019 3332 Miletum
1044 3283 1188 3341 venerant,
1203 3272 1338 3350 postorali

142 3372 277 3449 regimine
292 3371 415 3450 praediti.
467 3373 494 3432 N
499 3373 516 3430 il
540 3373 640 3451 probat
663 3391 769 3433 nornen
792 3372 862 3432 illud
876 3374 1008 3432 omnibus
1030 3373 1174 3440 tributum,
1189 3372 1239 3448 qui
1260 3373 1338 3431 verbi

143 3469 297 3529 ministeriu
311 3469 516 3547 iungebantur,
531 3488 619 3544 quum
634 3471 778 3548 proprium
794 3470 923 3528 videatur
942 3489 1057 3548 semper
1069 3470 1159 3528 fuisse
1173 3488 1271 3529 eorum
1287 3469 1337 3544 qui

145 3563 312 3641 praefectura
334 3573 364 3622 et
388 3549 525 3642 regimide
552 3563 732 3643 gauderent.⁹
772 3565 915 3624 Caeterum
941 3567 967 3625 si
993 3566 1144 3640 quiscum
1171 3567 1203 3624 S.
1225 3566 1337 3626 Joaune

147 3659 359 3740 chrysostomo
373 3673 488 3722 censeat
500 3663 629 3741 episcopi
644 3674 672 3723 et
686 3664 844 3742 presbyteri
861 3669 944 3722 voces
956 3664 1241 3741 absque-discrimine
1254 3665 1336 3724 initio

145 3773 304 3837 usurpatas,
328 3780 387 3821 non
412 3760 476 3821 ideo
499 3761 549 3836 qui
574 3781 649 3821 nunc
674 3763 803 3841 episcopi
828 3763 1011 3842 designantur
1033 3765 1237 3841 apresbyteris
1259 3761 1335 3821 haud

145 3853 257 3916 differre
272 3856 408 3916 censendi
422 3868 498 3927 suot,
515 3879 604 3933 quum
619 3878 719 3918 vocum
735 3859 888 3926 distinctio,
903 3880 966 3934 quae
979 3860 1078 3919 saltem
1093 3861 1178 3938 paulo
1193 3870 1258 3937 pust
1278 3877 1335 3961 ser·

144 3966 206 4011 vata
222 3965 275 4022 est,
293 3974 442 4013 munerum
458 3954 635 4023 discrimine,
651 3955 726 4030 quud
742 3954 798 4014 ab'
791 3957 871 4014 mitio
887 3957 985 4033 viguit,
1002 3957 1113 4016 nitatur.

197 4056 230 4133 2.
233 4051 412 4133 Obj.2.S
438 4052 492 4113 cte
542 4072 575 4112 ns
601 4053 748 4112 Romanus
771 4052 806 4111 de
831 4053 978 4130 Apostolis
1000 4053 1119 4112 dicit2‘
1124 4051 1334 4112 ‘Praedicantes

337 4168 421 4226 grone
516 4169 529 4208 r
549 4169 589 4218 es
613 4149 755 4226 primitias
774 4168 881 4216 earum,
896 4149 995 4225 spiritu
1017 4169 1083 4208 cunr
1106 4149 1334 4225 probamentis

81 4072 751 4371 ‘fflfflmf'
694 4244 827 4304 credituri
851 4257 930 4303 erant
943 4243 1182 4303 constitueruntff’
1185 4248 1197 4280 ⁸
1236 4246 1287 4304 sic
1307 4255 1335 4304 et

97 4401 755 4725 &ababa
632 4398 757 4539 lxxi*
710 4505 765 4539 cv.
784 4342 1209 4552 Vidsplnratract
1035 4496 1060 4536 s
1209 4476 1386 4571 'W

1252 4754 1269 4803 p
1347 4780 1350 4783 .
