2798 5092
560 359 789 422 APPCNDlX.
1215 368 1274 427 887

76 530 244 581 sanctorum
256 521 376 599 erigere,
388 529 417 578 et
425 517 490 579 thus
499 520 595 579 corani
609 520 696 579 sacris
709 520 877 599 imaginibus
892 518 1014 590 adolere,
1029 521 1162 582 idolatria
1176 535 1271 582 verte·

76 623 155 680 bant.
179 620 241 692 Eos
254 620 303 693 qui
311 628 540 696 ossamartyrum
552 618 796 683 deosculabantur,
808 616 987 694 sugillabant.
1010 619 1086 679 Eum
1097 621 1126 679 in
1139 640 1196 694 quo
1206 622 1227 678 S
1232 623 1273 700 pi·

77 718 150 776 ritus
176 716 302 803 Sanctus
320 728 396 774 esset
417 735 475 774 non
498 734 625 793 peccare,
640 717 694 774 etei
708 715 922 774 fornicationem
944 728 1075 793 patraret,
1099 720 1272 778 asserebant.

77 814 158 874 luter
178 823 263 872 sectas
284 831 430 890 praecones
445 812 610 871 Willelmua
621 813 760 870 aurifaber
773 823 865 871 vatem
880 815 948 890 egit,
970 814 1068 892 plegae
1082 816 1270 885 Antichristo,

77 929 139 986 quo
153 910 270 970 nominc
285 909 447 967 Romanum
468 909 630 986 pontificem
653 908 821 987 appellabat,
842 908 1023 985 denuntians.
1065 909 1207 971 Damnata
1226 924 1271 972 est

77 1007 220 1066 Almarici
235 1006 375 1066 haeresis
367 1024 397 1064 rn
411 1006 533 1080 concilio
549 1005 705 1065 Parisiensi
719 1025 793 1065 anno
810 1009 895 1065 1209.
938 1006 1013 1066 Eam
1027 1007 1171 1067 damnarit
1183 1012 1271 1070 etiam

77 1104 248 1165 Concilium
263 1104 454 1168 Lateranense
463 1102 517 1161 lv.
520 1106 531 1136 ²

118 1202 266 1268 Joacrrnr,
281 1201 376 1259 Abbas
390 1197 535 1259 Florensis
550 1199 713 1259 monasterii
726 1201 756 1259 in
778 1156 921 1269 Calabria,
936 1218 973 1259 ex
994 1201 1153 1279 ignorantia
1165 1202 1275 1262 subtili·

77 1300 141 1360 oris
153 1298 332 1376 Theologia,
348 1299 425 1356 visus
440 1309 484 1354 est
496 1297 569 1355 tueri
589 1307 645 1354 tres
660 1315 796 1374 personas
818 1295 928 1355 divinas
941 1297 1093 1356 voluntatis
1109 1298 1273 1367 concordia,

77 1417 141 1465 uon
161 1406 255 1456 autem
270 1397 393 1454 essentia
412 1395 558 1473 conjungi,
579 1413 664 1468 quem
686 1413 809 1454 errorem
830 1395 929 1473 rejecit
952 1414 1019 1455 mor
1042 1397 1184 1457 laudatum
1208 1417 1275 1458 oon·

77 1495 182 1556 cilium
196 1493 396 1552 Lateranenae.
438 1492 472 1550 ln
486 1491 613 1559 ¹concilio
626 1491 795 1560 Arelatensi,
814 1511 888 1551 anno
918 1496 1004 1561 leco,
1020 1493 1168 1553 etaSede
1183 1497 1277 1573 Apos-

77 1593 174 1670 tolica
191 1590 340 1650 damnatus
362 1599 407 1667 eet
419 1589 492 1648 liber
517 1607 678 1666 anonymus
704 1589 925 1666 “Evangelium
946 1591 1115 1659 aetemum,”
1137 1592 1166 1651 in
1180 1592 1276 1652 delen·

77 1690 196 1751 sionem
210 1689 352 1748 Joachimi
367 1687 555 1763 conscriptus,
570 1687 619 1760 qui
641 1697 734 1745 tamen
749 1685 887 1764 plurimos
899 1687 1146 1763 gravissimosque
1164 1708 1275 1749 errores

77 1788 116 1847 ab
132 1786 214 1845 illius
227 1798 321 1844 mente
335 1801 451 1861 prorsus
466 1783 576 1841 alienos
588 1782 737 1842 continuit.

120 1883 296 1942 Sraornorrr
309 1881 337 1939 in
351 1879 515 1948 Germania,
530 1898 604 1939 anno
618 1878 728 1937 circiter
744 1883 831 1948 1230,
846 1897 976 1956 erupere,
989 1881 1038 1953 qui
1050 1879 1184 1941 Lucifero
1198 1903 1277 1942 sum·

78 1999 149 2041 mos
172 1980 329 2038 tribuerunt
352 1976 487 2044 honores,
507 1994 600 2049 eoque
628 1985 741 2033 auctore
761 1975 942 2061 turpissimos
963 1979 1082 2055 agebant
1102 1990 1273 2039 conventus.

79 2078 117 2140 ln
147 2075 278 2135 Clericus
299 2085 328 2133 et
354 2073 519 2152 Religiosos
544 2075 619 2131 viros
640 2073 770 2150 grassati,
795 2091 903 2131 sacram
926 2073 956 2131 iu
989 2092 1021 2131 se
1049 2089 1276 2151 provocaverunt

80 2174 309 2254 expeditionem,
326 2171 467 2250 Gregorio
481 2171 535 2230 lX.
551 2170 701 2229 Pontifioe.

123 2270 411 2330 Canouucrruurorras
438 2287 512 2326 anno
539 2267 649 2325 circiter
672 2271 758 2335 1248,
787 2268 817 2326 in
842 2267 1000 2327 Germania
1030 2270 1184 2346 nuncupati
1211 2280 1278 2329 sunt

79 2370 184 2445 aliqui,
199 2369 248 2441 qui
264 2366 398 2426 Conrado
419 2366 596 2443 imperatorie
614 2364 751 2423 Friderici
766 2365 827 2424 filio
847 2366 969 2435 lavante,
983 2368 1149 2445 pontificem
1173 2368 1277 2427 Roma·

78 2487 153 2531 num
168 2479 199 2527 et
211 2468 363 2544 episcopos
377 2482 478 2523 omnee
492 2464 634 2521 hereseos
646 2463 811 2522 etsimoniae
826 2444 1002 2533 incusabant,
1018 2466 1156 2540 omnique
1172 2449 1278 2526 idcirco

80 2567 247 2647 spoliabant
260 2563 433 2623 auctoritate.

123 2665 376 2728 Fraonnnnrtrns,
391 2678 465 2719 anno
479 2679 506 2718 cr
498 2658 590 2718 reiter
606 2634 692 2728 tneo,
708 2661 761 2719 orti
773 2671 841 2719 sunt
854 2660 984 2719 Peruaii
977 2680 1006 2720 rn
1018 2661 1109 2729 ltalia,
1126 2682 1163 2722 ex
1177 2665 1280 2724 immo·

81 2765 184 2824 derato
199 2759 360 2838 paenitentis
375 2758 462 2817 animi
484 2757 596 2825 affectu,
612 2758 719 2834 quippe
733 2776 782 2830 qur
774 2756 940 2833 publicam
957 2775 1007 2832 per
1022 2759 1112 2826 vicos,
1127 2759 1278 2819 denudatis

81 2859 227 2924 humeris,
248 2855 468 2934 flagellationem
490 2853 630 2927 usquead
650 2854 820 2931 sanguinem
834 2852 906 2910 adeo
919 2853 1102 2921 extollebant,
1119 2869 1149 2912 ut
1162 2875 1226 2938 earn
1243 2858 1278 2915 ad

82 2959 207 3018 salutem
223 2955 328 3035 requiri
342 2964 371 3012 et
384 2950 536 3011 sufficere'
524 2953 695 3029 jactitarent
738 2952 850 3010 Sectam
867 2949 1011 3010 damnavit
1023 2951 1163 3012 Clemens
1177 2933 1230 3015 Vl.

126 3056 302 3116 Guillelrnus
316 3053 353 3112 de
373 3053 478 3111 Sancto
503 3070 599 3110 amore
621 3050 696 3128 apud
717 3051 878 3124 Sequanos,
900 3050 980 3127 plura
996 3050 1050 3108 hoc
1078 3053 1190 3111 circiter
1211 3067 1281 3113 tern-

79 3174 158 3237 pore
173 3152 263 3212 edidit
276 3170 362 3228 opera
376 3161 473 3209 contra
496 3149 723 3207 Mendicantium
748 3147 873 3231 ordines,
889 3166 952 3221 quae
976 3160 1071 3207 umen
1085 3150 1281 3226 improbarunt

79 3252 256 3316 Pontifices.
297 3247 424 3307 ,loannes
455 3246 490 3304 de
524 3246 650 3312 Poliaco,
673 3245 743 3305 alter
773 3245 881 3304 Doctor
906 3244 1088 3314 Pariaiensis,
1118 3247 1168 3319 qui
1195 3248 1279 3306 etiam

79 3349 213 3413 Ordines
229 3346 391 3424 Religiosoe
417 3343 602 3421 impugnavit,
623 3342 743 3421 jubente
766 3342 877 3403 loanue
902 3341 1012 3410 XXll.,
1040 3361 1107 3402 suas
1122 3345 1282 3402 retractavit

77 3433 256 3509 sententiaa.
587 3428 590 3433 ⁹

124 3543 231 3603 Petrus
245 3537 365 3598 loannis
387 3536 476 3606 Oliri,
502 3530 619 3595 Ordinis
645 3531 804 3603 Minorum,
819 3533 849 3593 in
865 3535 984 3594 Postilla
998 3553 1050 3593 seu
1064 3534 1280 3595 Commentario

77 3658 176 3719 super
190 3635 397 3714 Apocalypsim
412 3633 507 3712 plures
527 3651 636 3692 errores
658 3632 772 3699 effotiit,
787 3651 859 3706 quos
881 3632 1025 3693 damnarit
1038 3630 1166 3692 Joannes
1182 3633 1281 3693 XXII.

77 3736 167 3799 Eum
183 3734 273 3792 secuti
288 3741 355 3790 sunt
368 3727 521 3789 Fraticelli.

126 3833 329 3896 Fnarrcrrnur,
345 3826 505 3887 auctoribus
520 3824 605 3887 Petro
620 3821 655 3888 de
670 3823 823 3894 Maoerata,
833 3837 861 3885 et
875 3827 961 3886 Petro
975 3825 1010 3885 de
1024 3823 1280 3905 Ferocempronio,

77 3931 252 3998 Minoritis,
268 3930 320 3986 sub
335 3927 421 3986 finem
436 3927 532 3985 aaeculi
546 3928 650 3986 decimi
665 3927 738 3986 tertii
752 3927 804 3984 orti
820 3938 895 3985 sunt.
937 3925 1138 4004 Paupertatem
1153 3927 1283 3985 sanctita·

77 4041 206 4104 temque
229 4030 369 4106 jactantes
380 4026 411 4083 in
426 4025 588 4084 Romanum
598 4025 773 4089 ,Pontificem
788 4033 817 4082 et
830 4023 994 4082 Ecclesiam
1008 4026 1180 4092 universam,
1195 4042 1281 4096 quarn

77 4128 229 4190 manualem
244 4124 433 4202 appellabant,
449 4123 645 4182 vehementius
657 4122 761 4181 invecti
775 4132 853 4189 suut,
867 4139 982 4182 omnem
1000 4122 1140 4181 Ecclesiae
1157 4122 1282 4198 praelatis

77 4240 119 4286 et
138 4223 332 4284 sacerdotibus
359 4222 395 4279 ob
419 4221 482 4279 vitae
511 4220 732 4297 perversitatem,
762 4229 794 4276 ut
813 4218 935 4286 aiebant,
957 4218 1137 4296 denegantes
1160 4229 1283 4295 potesta-

77 4330 158 4387 tarn.
199 4318 335 4380 Damnati
362 4329 429 4377 sunt
456 4317 641 4376 aBonilacio
669 4311 751 4374 Vlll.
780 4335 855 4375 anno
880 4319 1006 4375 lauret
1024 4335 1040 4373 a
1055 4315 1166 4373 Joanne
1181 4316 1280 4378 XXII.

77 4440 166 4482 anno
182 4424 270 4480 1318.

590 4574 632 4642 (1)
651 4572 712 4639 Cap,
723 4572 750 4624 ii.

134 4646 202 4710 Vor..
220 4647 356 4707 lv.-ae
