<?xml version="1.0" encoding="UTF-8"?>
<!DOCTYPE html PUBLIC "-//W3C//DTD XHTML 1.0 Transitional//EN"
    "http://www.w3.org/TR/xhtml1/DTD/xhtml1-transitional.dtd">
<html xmlns="http://www.w3.org/1999/xhtml" xml:lang="en" lang="en">
 <head>
  <title>
</title>
<meta http-equiv="Content-Type" content="text/html;charset=utf-8" />
  <meta name='ocr-system' content='tesseract 3.04.00' />
  <meta name='ocr-capabilities' content='ocr_page ocr_carea ocr_par ocr_line ocrx_word'/>
</head>
<body>
  <div class='ocr_page' id='page_1' title='image "./theologidogmati02kenrgoog_0016.png"; bbox 0 0 2798 5092; ppageno 0'>
   <div class='ocr_carea' id='block_1_1' title="bbox 125 1244 1268 1368">
    <p class='ocr_par' dir='ltr' id='par_1_1' title="bbox 125 1244 1268 1368">
     <span class='ocr_line' id='line_1_1' title="bbox 125 1244 1268 1368; baseline 0.003 -4"><span class='ocrx_word' id='word_1_1' title='bbox 125 1244 306 1365; x_wconf 82' lang='lat' dir='ltr'><strong>THE</strong></span> <span class='ocrx_word' id='word_1_2' title='bbox 317 1245 658 1367; x_wconf 70' lang='lat' dir='ltr'><strong>OLOGLAE</strong></span> <span class='ocrx_word' id='word_1_3' title='bbox 742 1245 1268 1368; x_wconf 80' lang='lat' dir='ltr'><strong>DOGMATIGAE</strong></span> 
     </span>
    </p>
   </div>
   <div class='ocr_carea' id='block_1_2' title="bbox 411 1721 1013 1805">
    <p class='ocr_par' dir='ltr' id='par_1_2' title="bbox 411 1721 1013 1805">
     <span class='ocr_line' id='line_1_2' title="bbox 411 1721 1013 1805; baseline 0 -3"><span class='ocrx_word' id='word_1_4' title='bbox 411 1721 851 1805; x_wconf 85' lang='lat' dir='ltr'>TRACTATUS</span> <span class='ocrx_word' id='word_1_5' title='bbox 899 1723 1013 1803; x_wconf 82' lang='lat' dir='ltr'><strong>XV.</strong></span> 
     </span>
    </p>
   </div>
   <div class='ocr_carea' id='block_1_3' title="bbox 347 2083 1061 2154">
    <p class='ocr_par' dir='ltr' id='par_1_3' title="bbox 347 2083 1061 2154">
     <span class='ocr_line' id='line_1_3' title="bbox 347 2083 1061 2154; baseline -0.003 -2"><span class='ocrx_word' id='word_1_6' title='bbox 347 2083 417 2153; x_wconf 89' lang='lat' dir='ltr'><strong>DE</strong></span> <span class='ocrx_word' id='word_1_7' title='bbox 462 2086 668 2154; x_wconf 84' lang='lat' dir='ltr'>SACRIS</span> <span class='ocrx_word' id='word_1_8' title='bbox 712 2084 1061 2154; x_wconf 86' lang='lat' dir='ltr'><strong>ORDINIBUS.</strong></span> 
     </span>
    </p>
   </div>
   <div class='ocr_carea' id='block_1_4' title="bbox 541 2353 843 2370">
    <p class='ocr_par' dir='ltr' id='par_1_4' title="bbox 541 2353 843 2370">
     <span class='ocr_line' id='line_1_4' title="bbox 541 2353 843 2370; baseline -0.003 0"><span class='ocrx_word' id='word_1_9' title='bbox 541 2353 843 2370; x_wconf 51' lang='lat' dir='ltr'><strong>m</strong></span> 
     </span>
    </p>
   </div>
   <div class='ocr_carea' id='block_1_5' title="bbox 608 2547 794 2610">
    <p class='ocr_par' dir='ltr' id='par_1_5' title="bbox 608 2547 794 2610">
     <span class='ocr_line' id='line_1_5' title="bbox 608 2547 794 2610; baseline -0.016 0"><span class='ocrx_word' id='word_1_10' title='bbox 608 2547 748 2610; x_wconf 80' lang='lat' dir='ltr'><strong>cnPUT</strong></span> <span class='ocrx_word' id='word_1_11' title='bbox 768 2547 794 2608; x_wconf 91' lang='grc' dir='ltr'><strong>Ι.</strong></span> 
     </span>
    </p>
   </div>
   <div class='ocr_carea' id='block_1_6' title="bbox 351 2783 1055 2839">
    <p class='ocr_par' dir='ltr' id='par_1_6' title="bbox 351 2783 1055 2839">
     <span class='ocr_line' id='line_1_6' title="bbox 351 2783 1055 2839; baseline -0.003 -2"><span class='ocrx_word' id='word_1_12' title='bbox 351 2785 409 2837; x_wconf 79' lang='grc' dir='ltr'><strong>ΒΕ</strong></span> <span class='ocrx_word' id='word_1_13' title='bbox 443 2783 761 2839; x_wconf 77' lang='lat' dir='ltr'><strong>SAORAMBNTI</strong></span> <span class='ocrx_word' id='word_1_14' title='bbox 795 2784 1055 2838; x_wconf 79' lang='lat' dir='ltr'><strong>VERITATE.</strong></span> 
     </span>
    </p>
   </div>
   <div class='ocr_carea' id='block_1_7' title="bbox 93 2999 1361 4444">
    <p class='ocr_par' dir='ltr' id='par_1_7' title="bbox 93 2999 1361 4444">
     <span class='ocr_line' id='line_1_7' title="bbox 132 2999 1302 3078; baseline -0.003 -11"><span class='ocrx_word' id='word_1_15' title='bbox 132 3014 159 3066; x_wconf 86' lang='lat' dir='ltr'><strong>l.</strong></span> <span class='ocrx_word' id='word_1_16' title='bbox 178 3007 225 3066; x_wconf 86' lang='lat' dir='ltr'><strong>De</strong></span> <span class='ocrx_word' id='word_1_17' title='bbox 240 3007 301 3064; x_wconf 89' lang='lat' dir='ltr'><strong>rito</strong></span> <span class='ocrx_word' id='word_1_18' title='bbox 317 3001 370 3060; x_wconf 90' lang='lat' dir='ltr'><strong>iiio</strong></span> <span class='ocrx_word' id='word_1_19' title='bbox 384 3018 460 3059; x_wconf 88' lang='lat' dir='ltr'><strong>nunc</strong></span> <span class='ocrx_word' id='word_1_20' title='bbox 474 2999 615 3078; x_wconf 84' lang='lat' dir='ltr'><strong>agendum</strong></span> <span class='ocrx_word' id='word_1_21' title='bbox 637 3019 695 3074; x_wconf 91' lang='lat' dir='ltr'><strong>quo</strong></span> <span class='ocrx_word' id='word_1_22' title='bbox 716 3000 849 3058; x_wconf 88' lang='lat' dir='ltr'><strong>homines</strong></span> <span class='ocrx_word' id='word_1_23' title='bbox 873 2999 909 3058; x_wconf 86' lang='lat' dir='ltr'><strong>ad</strong></span> <span class='ocrx_word' id='word_1_24' title='bbox 933 3019 1014 3059; x_wconf 85' lang='lat' dir='ltr'><strong>saera</strong></span> <span class='ocrx_word' id='word_1_25' title='bbox 1034 3020 1154 3062; x_wconf 87' lang='lat' dir='ltr'><strong>munera</strong></span> <span class='ocrx_word' id='word_1_26' title='bbox 1167 3002 1302 3064; x_wconf 87' lang='lat' dir='ltr'><strong>obeunda</strong></span> 
     </span>
     <span class='ocr_line' id='line_1_8' title="bbox 93 3097 1299 3168; baseline -0.001 -6"><span class='ocrx_word' id='word_1_27' title='bbox 93 3104 185 3162; x_wconf 86' lang='lat' dir='ltr'><strong>idonei</strong></span> <span class='ocrx_word' id='word_1_28' title='bbox 198 3106 283 3162; x_wconf 85' lang='lat' dir='ltr'><strong>fiunt.</strong></span> <span class='ocrx_word' id='word_1_29' title='bbox 329 3099 505 3158; x_wconf 74' lang='lat' dir='ltr'>Persuasum</span> <span class='ocrx_word' id='word_1_30' title='bbox 519 3098 573 3157; x_wconf 85' lang='lat' dir='ltr'><strong>soit</strong></span> <span class='ocrx_word' id='word_1_31' title='bbox 585 3098 636 3156; x_wconf 94' lang='lat' dir='ltr'><strong>toti</strong></span> <span class='ocrx_word' id='word_1_32' title='bbox 651 3097 791 3156; x_wconf 80' lang='lat' dir='ltr'><strong>Ecciesiae</strong></span> <span class='ocrx_word' id='word_1_33' title='bbox 813 3107 842 3155; x_wconf 87' lang='lat' dir='ltr'><strong>et</strong></span> <span class='ocrx_word' id='word_1_34' title='bbox 854 3097 916 3156; x_wconf 90' lang='lat' dir='ltr'><strong>orbi</strong></span> <span class='ocrx_word' id='word_1_35' title='bbox 929 3098 1095 3168; x_wconf 87' lang='lat' dir='ltr'><strong>christiano,</strong></span> <span class='ocrx_word' id='word_1_36' title='bbox 1111 3100 1146 3159; x_wconf 87' lang='lat' dir='ltr'><strong>ad</strong></span> <span class='ocrx_word' id='word_1_37' title='bbox 1157 3101 1299 3163; x_wconf 77' lang='lat' dir='ltr'><strong>seculum</strong></span> 
     </span>
     <span class='ocr_line' id='line_1_9' title="bbox 95 3194 1296 3274; baseline -0.001 -15"><span class='ocrx_word' id='word_1_38' title='bbox 95 3219 184 3274; x_wconf 88' lang='lat' dir='ltr'><strong>usqne</strong></span> <span class='ocrx_word' id='word_1_39' title='bbox 204 3200 355 3259; x_wconf 87' lang='lat' dir='ltr'><strong>decimum</strong></span> <span class='ocrx_word' id='word_1_40' title='bbox 380 3209 504 3263; x_wconf 86' lang='lat' dir='ltr'><strong>sextum,</strong></span> <span class='ocrx_word' id='word_1_41' title='bbox 526 3213 591 3254; x_wconf 85' lang='lat' dir='ltr'><strong>esse</strong></span> <span class='ocrx_word' id='word_1_42' title='bbox 612 3194 756 3269; x_wconf 81' lang='lat' dir='ltr'><strong>quendam</strong></span> <span class='ocrx_word' id='word_1_43' title='bbox 776 3214 922 3256; x_wconf 86' lang='lat' dir='ltr'><strong>sacrorum</strong></span> <span class='ocrx_word' id='word_1_44' title='bbox 943 3197 1138 3256; x_wconf 88' lang='lat' dir='ltr'><strong>ministrorum</strong></span> <span class='ocrx_word' id='word_1_45' title='bbox 1154 3197 1296 3268; x_wconf 85' lang='lat' dir='ltr'><strong>ordinem,</strong></span> 
     </span>
     <span class='ocr_line' id='line_1_10' title="bbox 97 3290 1361 3374; baseline -0.002 -18"><span class='ocrx_word' id='word_1_46' title='bbox 97 3306 235 3374; x_wconf 77' lang='lat' dir='ltr'><strong>potestate</strong></span> <span class='ocrx_word' id='word_1_47' title='bbox 248 3293 389 3353; x_wconf 85' lang='lat' dir='ltr'><strong>divinitus</strong></span> <span class='ocrx_word' id='word_1_48' title='bbox 404 3291 554 3369; x_wconf 76' lang='lat' dir='ltr'><strong>preditum</strong></span> <span class='ocrx_word' id='word_1_49' title='bbox 568 3310 649 3349; x_wconf 87' lang='lat' dir='ltr'><strong>sacra</strong></span> <span class='ocrx_word' id='word_1_50' title='bbox 669 3290 793 3350; x_wconf 88' lang='lat' dir='ltr'><strong>obeundi</strong></span> <span class='ocrx_word' id='word_1_51' title='bbox 818 3292 925 3360; x_wconf 81' lang='lat' dir='ltr'><strong>munio,</strong></span> <span class='ocrx_word' id='word_1_52' title='bbox 947 3311 1055 3367; x_wconf 88' lang='lat' dir='ltr'><strong>eosque</strong></span> <span class='ocrx_word' id='word_1_53' title='bbox 1075 3294 1184 3353; x_wconf 77' lang='lat' dir='ltr'>ordinis</span> <span class='ocrx_word' id='word_1_54' title='bbox 1205 3314 1298 3354; x_wconf 80' lang='lat' dir='ltr'><strong>sacra·</strong></span> <span class='ocrx_word' id='word_1_55' title='bbox 1359 3346 1361 3353; x_wconf 81' lang='grc'>,</span> 
     </span>
     <span class='ocr_line' id='line_1_11' title="bbox 97 3380 1296 3469; baseline -0.001 -16"><span class='ocrx_word' id='word_1_56' title='bbox 97 3407 192 3452; x_wconf 85' lang='lat' dir='ltr'><strong>mento</strong></span> <span class='ocrx_word' id='word_1_57' title='bbox 205 3410 271 3451; x_wconf 90' lang='lat' dir='ltr'><strong>eam</strong></span> <span class='ocrx_word' id='word_1_58' title='bbox 285 3390 426 3466; x_wconf 84' lang='lat' dir='ltr'><strong>accipere.</strong></span> <span class='ocrx_word' id='word_1_59' title='bbox 455 3388 599 3448; x_wconf 86' lang='lat' dir='ltr'><strong>Lntherus</strong></span> <span class='ocrx_word' id='word_1_60' title='bbox 608 3398 702 3447; x_wconf 90' lang='lat' dir='ltr'><strong>tamen</strong></span> <span class='ocrx_word' id='word_1_61' title='bbox 717 3388 773 3446; x_wconf 89' lang='lat' dir='ltr'><strong>hoc</strong></span> <span class='ocrx_word' id='word_1_62' title='bbox 785 3389 898 3447; x_wconf 77' lang='lat' dir='ltr'><strong>vocavit</strong></span> <span class='ocrx_word' id='word_1_63' title='bbox 911 3398 930 3426; x_wconf 82' lang='lat'><strong>‘⁶</strong></span> <span class='ocrx_word' id='word_1_64' title='bbox 941 3380 1135 3450; x_wconf 81' lang='lat' dir='ltr'><strong>¹commentum</strong></span> <span class='ocrx_word' id='word_1_65' title='bbox 1150 3393 1296 3469; x_wconf 80' lang='lat' dir='ltr'><strong>papisticae</strong></span> 
     </span>
     <span class='ocr_line' id='line_1_12' title="bbox 98 3485 1298 3567; baseline 0.001 -19"><span class='ocrx_word' id='word_1_66' title='bbox 98 3487 298 3567; x_wconf 56' lang='lat' dir='ltr'><strong>synagogem</strong></span> <span class='ocrx_word' id='word_1_67' title='bbox 321 3486 461 3546; x_wconf 84' lang='lat' dir='ltr'><strong>Calvinus</strong></span> <span class='ocrx_word' id='word_1_68' title='bbox 473 3504 609 3546; x_wconf 77' lang='lat' dir='ltr'><strong>mannum</strong></span> <span class='ocrx_word' id='word_1_69' title='bbox 621 3485 837 3563; x_wconf 77' lang='lat' dir='ltr'><strong>impositionem</strong></span> <span class='ocrx_word' id='word_1_70' title='bbox 848 3504 904 3560; x_wconf 89' lang='lat' dir='ltr'><strong>qna</strong></span> <span class='ocrx_word' id='word_1_71' title='bbox 916 3505 1020 3546; x_wconf 86' lang='lat' dir='ltr'><strong>munus</strong></span> <span class='ocrx_word' id='word_1_72' title='bbox 1029 3489 1190 3566; x_wconf 84' lang='lat' dir='ltr'><strong>presbyteri</strong></span> <span class='ocrx_word' id='word_1_73' title='bbox 1201 3491 1298 3550; x_wconf 88' lang='lat' dir='ltr'><strong>tribui·</strong></span> 
     </span>
     <span class='ocr_line' id='line_1_13' title="bbox 98 3583 1295 3664; baseline 0.002 -18"><span class='ocrx_word' id='word_1_74' title='bbox 98 3598 149 3655; x_wconf 86' lang='lat' dir='ltr'><strong>tor,</strong></span> <span class='ocrx_word' id='word_1_75' title='bbox 163 3588 239 3646; x_wconf 85' lang='lat' dir='ltr'><strong>inter</strong></span> <span class='ocrx_word' id='word_1_76' title='bbox 251 3595 430 3644; x_wconf 80' lang='lat' dir='ltr'><strong>sacramenta</strong></span> <span class='ocrx_word' id='word_1_77' title='bbox 443 3584 501 3643; x_wconf 82' lang='lat' dir='ltr'><strong>sere</strong></span> <span class='ocrx_word' id='word_1_78' title='bbox 516 3583 678 3643; x_wconf 81' lang='lat' dir='ltr'><strong>recensuit:</strong></span> <span class='ocrx_word' id='word_1_79' title='bbox 702 3592 722 3620; x_wconf 88' lang='grc'>“</span> <span class='ocrx_word' id='word_1_80' title='bbox 732 3583 820 3642; x_wconf 80' lang='lat' dir='ltr'><strong>Certe</strong></span> <span class='ocrx_word' id='word_1_81' title='bbox 832 3584 902 3642; x_wconf 87' lang='lat' dir='ltr'><strong>utile</strong></span> <span class='ocrx_word' id='word_1_82' title='bbox 916 3584 980 3642; x_wconf 85' lang='lat' dir='ltr'><strong>est&#39;’</strong></span> <span class='ocrx_word' id='word_1_83' title='bbox 1003 3586 1097 3659; x_wconf 88' lang='lat' dir='ltr'><strong>inquit</strong></span> <span class='ocrx_word' id='word_1_84' title='bbox 1118 3588 1295 3664; x_wconf 87' lang='lat' dir='ltr'><strong>“ejusmodi</strong></span> 
     </span>
     <span class='ocr_line' id='line_1_14' title="bbox 98 3667 1294 3760; baseline 0.004 -21"><span class='ocrx_word' id='word_1_85' title='bbox 98 3682 230 3760; x_wconf 84' lang='lat' dir='ltr'><strong>symbolo</strong></span> <span class='ocrx_word' id='word_1_86' title='bbox 243 3700 310 3740; x_wconf 88' lang='lat' dir='ltr'><strong>cnm</strong></span> <span class='ocrx_word' id='word_1_87' title='bbox 327 3667 476 3739; x_wconf 85' lang='lat' dir='ltr'><strong>ministerii</strong></span> <span class='ocrx_word' id='word_1_88' title='bbox 490 3679 656 3758; x_wconf 80' lang='lat' dir='ltr'><strong>dignitatem</strong></span> <span class='ocrx_word' id='word_1_89' title='bbox 671 3679 778 3757; x_wconf 89' lang='lat' dir='ltr'><strong>populo</strong></span> <span class='ocrx_word' id='word_1_90' title='bbox 792 3680 997 3747; x_wconf 79' lang='lat' dir='ltr'><strong>commendari,</strong></span> <span class='ocrx_word' id='word_1_91' title='bbox 1014 3691 1073 3741; x_wconf 83' lang='lat' dir='ltr'><strong>tum</strong></span> <span class='ocrx_word' id='word_1_92' title='bbox 1095 3701 1162 3742; x_wconf 89' lang='lat' dir='ltr'><strong>snm</strong></span> <span class='ocrx_word' id='word_1_93' title='bbox 1184 3685 1234 3758; x_wconf 91' lang='lat' dir='ltr'><strong>qni</strong></span> <span class='ocrx_word' id='word_1_94' title='bbox 1248 3705 1294 3745; x_wconf 94' lang='lat' dir='ltr'><strong>or·</strong></span> 
     </span>
     <span class='ocr_line' id='line_1_15' title="bbox 99 3775 1294 3856; baseline 0.001 -16"><span class='ocrx_word' id='word_1_95' title='bbox 99 3781 209 3840; x_wconf 58' lang='lat' dir='ltr'><strong>&amp;natur</strong></span> <span class='ocrx_word' id='word_1_96' title='bbox 222 3779 380 3845; x_wconf 82' lang='lat' dir='ltr'><strong>admoneri,</strong></span> <span class='ocrx_word' id='word_1_97' title='bbox 396 3779 489 3855; x_wconf 89' lang='lat' dir='ltr'><strong>ipsum</strong></span> <span class='ocrx_word' id='word_1_98' title='bbox 501 3778 563 3855; x_wconf 89' lang='lat' dir='ltr'><strong>jam</strong></span> <span class='ocrx_word' id='word_1_99' title='bbox 577 3796 635 3837; x_wconf 93' lang='lat' dir='ltr'><strong>non</strong></span> <span class='ocrx_word' id='word_1_100' title='bbox 647 3795 711 3836; x_wconf 84' lang='lat' dir='ltr'><strong>esse</strong></span> <span class='ocrx_word' id='word_1_101' title='bbox 725 3775 771 3836; x_wconf 88' lang='lat' dir='ltr'><strong>sni</strong></span> <span class='ocrx_word' id='word_1_102' title='bbox 787 3777 872 3856; x_wconf 87' lang='lat' dir='ltr'><strong>juris,</strong></span> <span class='ocrx_word' id='word_1_103' title='bbox 887 3778 938 3837; x_wconf 90' lang='lat' dir='ltr'><strong>sed</strong></span> <span class='ocrx_word' id='word_1_104' title='bbox 963 3779 1027 3839; x_wconf 89' lang='lat' dir='ltr'><strong>Deo</strong></span> <span class='ocrx_word' id='word_1_105' title='bbox 1050 3792 1079 3838; x_wconf 92' lang='lat' dir='ltr'><strong>et</strong></span> <span class='ocrx_word' id='word_1_106' title='bbox 1100 3779 1242 3840; x_wconf 84' lang='lat' dir='ltr'><strong>Ecclesiae</strong></span> <span class='ocrx_word' id='word_1_107' title='bbox 1262 3783 1294 3841; x_wconf 91' lang='lat' dir='ltr'><strong>in</strong></span> 
     </span>
     <span class='ocr_line' id='line_1_16' title="bbox 98 3873 1292 3956; baseline 0.002 -19"><span class='ocrx_word' id='word_1_108' title='bbox 98 3879 260 3937; x_wconf 80' lang='lat' dir='ltr'><strong>servitutem</strong></span> <span class='ocrx_word' id='word_1_109' title='bbox 283 3873 436 3935; x_wconf 85' lang='lat' dir='ltr'><strong>addietum.</strong></span> <span class='ocrx_word' id='word_1_110' title='bbox 479 3875 619 3935; x_wconf 64' lang='lat' dir='ltr'><strong>Praeterea</strong></span> <span class='ocrx_word' id='word_1_111' title='bbox 633 3895 690 3935; x_wconf 89' lang='lat' dir='ltr'><strong>non</strong></span> <span class='ocrx_word' id='word_1_112' title='bbox 704 3877 759 3935; x_wconf 88' lang='lat' dir='ltr'><strong>erit</strong></span> <span class='ocrx_word' id='word_1_113' title='bbox 771 3877 855 3935; x_wconf 88' lang='lat' dir='ltr'><strong>inane</strong></span> <span class='ocrx_word' id='word_1_114' title='bbox 876 3876 1002 3956; x_wconf 84' lang='lat' dir='ltr'><strong>signum,</strong></span> <span class='ocrx_word' id='word_1_115' title='bbox 1023 3877 1049 3936; x_wconf 89' lang='lat' dir='ltr'><strong>si</strong></span> <span class='ocrx_word' id='word_1_116' title='bbox 1073 3880 1103 3938; x_wconf 90' lang='lat' dir='ltr'><strong>in</strong></span> <span class='ocrx_word' id='word_1_117' title='bbox 1127 3897 1292 3956; x_wconf 83' lang='lat' dir='ltr'><strong>germanam</strong></span> 
     </span>
     <span class='ocr_line' id='line_1_17' title="bbox 100 3970 1290 4054; baseline 0.002 -19"><span class='ocrx_word' id='word_1_118' title='bbox 100 3993 177 4035; x_wconf 84' lang='lat' dir='ltr'><strong>snam</strong></span> <span class='ocrx_word' id='word_1_119' title='bbox 201 3975 341 4052; x_wconf 82' lang='lat' dir='ltr'><strong>originem</strong></span> <span class='ocrx_word' id='word_1_120' title='bbox 367 3973 526 4034; x_wconf 85' lang='lat' dir='ltr'><strong>restitutum</strong></span> <span class='ocrx_word' id='word_1_121' title='bbox 550 3972 644 4032; x_wconf 79' lang='lat' dir='ltr'><strong>suerit.</strong></span> <span class='ocrx_word' id='word_1_122' title='bbox 686 3970 764 4034; x_wconf 86' lang='lat' dir='ltr'><strong>Nam</strong></span> <span class='ocrx_word' id='word_1_123' title='bbox 778 3974 804 4033; x_wconf 83' lang='lat' dir='ltr'><strong>si</strong></span> <span class='ocrx_word' id='word_1_124' title='bbox 818 3973 892 4033; x_wconf 90' lang='lat' dir='ltr'><strong>nihil</strong></span> <span class='ocrx_word' id='word_1_125' title='bbox 915 3974 1018 4034; x_wconf 84' lang='lat' dir='ltr'><strong>frustra</strong></span> <span class='ocrx_word' id='word_1_126' title='bbox 1032 3975 1156 4054; x_wconf 80' lang='lat' dir='ltr'><strong>Spiritus</strong></span> <span class='ocrx_word' id='word_1_127' title='bbox 1182 3975 1240 4034; x_wconf 90' lang='lat' dir='ltr'><strong>Dei</strong></span> <span class='ocrx_word' id='word_1_128' title='bbox 1260 3977 1290 4037; x_wconf 90' lang='lat' dir='ltr'><strong>in</strong></span> 
     </span>
     <span class='ocr_line' id='line_1_18' title="bbox 99 4070 1290 4151; baseline 0.002 -20"><span class='ocrx_word' id='word_1_129' title='bbox 99 4071 231 4131; x_wconf 82' lang='lat' dir='ltr'><strong>Ecclesia</strong></span> <span class='ocrx_word' id='word_1_130' title='bbox 250 4070 381 4139; x_wconf 89' lang='lat' dir='ltr'><strong>institnit,</strong></span> <span class='ocrx_word' id='word_1_131' title='bbox 397 4070 471 4129; x_wconf 87' lang='lat' dir='ltr'><strong>hano</strong></span> <span class='ocrx_word' id='word_1_132' title='bbox 484 4070 694 4138; x_wconf 70' lang='lat' dir='ltr'><strong>ceremoniam,</strong></span> <span class='ocrx_word' id='word_1_133' title='bbox 710 4089 800 4144; x_wconf 91' lang='lat' dir='ltr'><strong>quum</strong></span> <span class='ocrx_word' id='word_1_134' title='bbox 821 4071 857 4130; x_wconf 86' lang='lat' dir='ltr'><strong>ab</strong></span> <span class='ocrx_word' id='word_1_135' title='bbox 881 4089 916 4132; x_wconf 89' lang='lat' dir='ltr'><strong>so</strong></span> <span class='ocrx_word' id='word_1_136' title='bbox 930 4071 1116 4151; x_wconf 64' lang='lat' dir='ltr'><strong>prosecrant,</strong></span> <span class='ocrx_word' id='word_1_137' title='bbox 1132 4073 1290 4133; x_wconf 79' lang='lat' dir='ltr'><strong>sentiemus</strong></span> 
     </span>
     <span class='ocr_line' id='line_1_19' title="bbox 99 4167 1291 4246; baseline -0.001 -16"><span class='ocrx_word' id='word_1_138' title='bbox 99 4187 152 4230; x_wconf 83' lang='lat' dir='ltr'><strong>non</strong></span> <span class='ocrx_word' id='word_1_139' title='bbox 168 4186 235 4228; x_wconf 81' lang='lat' dir='ltr'><strong>esse</strong></span> <span class='ocrx_word' id='word_1_140' title='bbox 248 4168 389 4237; x_wconf 85' lang='lat' dir='ltr'><strong>inutilem,</strong></span> <span class='ocrx_word' id='word_1_141' title='bbox 407 4167 493 4227; x_wconf 87' lang='lat' dir='ltr'><strong>modo</strong></span> <span class='ocrx_word' id='word_1_142' title='bbox 507 4169 536 4227; x_wconf 91' lang='lat' dir='ltr'><strong>in</strong></span> <span class='ocrx_word' id='word_1_143' title='bbox 557 4168 787 4246; x_wconf 88' lang='lat' dir='ltr'><strong>superstitiosum</strong></span> <span class='ocrx_word' id='word_1_144' title='bbox 810 4169 931 4229; x_wconf 87' lang='lat' dir='ltr'><strong>abusum</strong></span> <span class='ocrx_word' id='word_1_145' title='bbox 956 4188 1014 4228; x_wconf 90' lang='lat' dir='ltr'><strong>non</strong></span> <span class='ocrx_word' id='word_1_146' title='bbox 1036 4170 1205 4228; x_wconf 73' lang='lat' dir='ltr'><strong>vertatur.&#39;’⁸</strong></span> <span class='ocrx_word' id='word_1_147' title='bbox 1244 4171 1291 4232; x_wconf 89' lang='lat' dir='ltr'><strong>De</strong></span> 
     </span>
     <span class='ocr_line' id='line_1_20' title="bbox 100 4265 1289 4346; baseline 0.001 -18"><span class='ocrx_word' id='word_1_148' title='bbox 100 4269 264 4336; x_wconf 84' lang='lat' dir='ltr'><strong>sacerdotio,</strong></span> <span class='ocrx_word' id='word_1_149' title='bbox 276 4268 358 4342; x_wconf 86' lang='lat' dir='ltr'><strong>quale</strong></span> <span class='ocrx_word' id='word_1_150' title='bbox 372 4277 450 4326; x_wconf 84' lang='lat' dir='ltr'><strong>tenet</strong></span> <span class='ocrx_word' id='word_1_151' title='bbox 459 4267 602 4335; x_wconf 80' lang='lat' dir='ltr'><strong>Ecclesia,</strong></span> <span class='ocrx_word' id='word_1_152' title='bbox 617 4285 715 4346; x_wconf 85' lang='lat' dir='ltr'><strong>agens,</strong></span> <span class='ocrx_word' id='word_1_153' title='bbox 730 4265 820 4327; x_wconf 85' lang='lat' dir='ltr'><strong>dicit:</strong></span> <span class='ocrx_word' id='word_1_154' title='bbox 843 4277 863 4305; x_wconf 77' lang='lat'><strong>‘⁶</strong></span> <span class='ocrx_word' id='word_1_155' title='bbox 877 4268 963 4327; x_wconf 85' lang='lat' dir='ltr'><strong>Certe</strong></span> <span class='ocrx_word' id='word_1_156' title='bbox 977 4268 1063 4326; x_wconf 88' lang='lat' dir='ltr'><strong>nimis</strong></span> <span class='ocrx_word' id='word_1_157' title='bbox 1078 4268 1201 4346; x_wconf 90' lang='lat' dir='ltr'><strong>improbi</strong></span> <span class='ocrx_word' id='word_1_158' title='bbox 1211 4282 1289 4340; x_wconf 88' lang='lat' dir='ltr'><strong>sont,</strong></span> 
     </span>
     <span class='ocr_line' id='line_1_21' title="bbox 100 4364 1290 4444; baseline 0.002 -20"><span class='ocrx_word' id='word_1_159' title='bbox 100 4365 161 4426; x_wconf 85' lang='lat' dir='ltr'><strong>dom</strong></span> <span class='ocrx_word' id='word_1_160' title='bbox 175 4365 346 4425; x_wconf 84' lang='lat' dir='ltr'><strong>sacramenti</strong></span> <span class='ocrx_word' id='word_1_161' title='bbox 361 4364 442 4423; x_wconf 88' lang='lat' dir='ltr'><strong>titulo</strong></span> <span class='ocrx_word' id='word_1_162' title='bbox 463 4365 600 4442; x_wconf 78' lang='lat' dir='ltr'><strong>insignire</strong></span> <span class='ocrx_word' id='word_1_163' title='bbox 621 4364 737 4423; x_wconf 85' lang='lat' dir='ltr'><strong>audent.</strong></span> <span class='ocrx_word' id='word_1_164' title='bbox 779 4365 925 4432; x_wconf 88' lang='lat' dir='ltr'><strong>Quantum</strong></span> <span class='ocrx_word' id='word_1_165' title='bbox 947 4364 980 4422; x_wconf 86' lang='lat' dir='ltr'><strong>ad</strong></span> <span class='ocrx_word' id='word_1_166' title='bbox 1003 4381 1100 4424; x_wconf 86' lang='lat' dir='ltr'><strong>verum</strong></span> <span class='ocrx_word' id='word_1_167' title='bbox 1117 4367 1290 4444; x_wconf 87' lang='lat' dir='ltr'><strong>presbyterii</strong></span> 
     </span>
    </p>
   </div>
   <div class='ocr_carea' id='block_1_8' title="bbox 497 4540 862 4698">
    <p class='ocr_par' dir='ltr' id='par_1_8' title="bbox 497 4540 862 4698">
     <span class='ocr_line' id='line_1_22' title="bbox 497 4540 861 4610; baseline 0 -19"><span class='ocrx_word' id='word_1_168' title='bbox 497 4542 539 4610; x_wconf 75' lang='lat' dir='ltr'><strong>(i)</strong></span> <span class='ocrx_word' id='word_1_169' title='bbox 559 4540 588 4592; x_wconf 76' lang='lat'><strong>1..</strong></span> <span class='ocrx_word' id='word_1_170' title='bbox 599 4542 630 4592; x_wconf 87' lang='lat' dir='ltr'><strong>de</strong></span> <span class='ocrx_word' id='word_1_171' title='bbox 641 4541 728 4608; x_wconf 82' lang='lat' dir='ltr'><strong>captiv.</strong></span> <span class='ocrx_word' id='word_1_172' title='bbox 740 4542 861 4606; x_wconf 84' lang='lat' dir='ltr'><strong>Babylon.</strong></span> 
     </span>
     <span class='ocr_line' id='line_1_23' title="bbox 498 4629 862 4698; baseline -0.003 -18"><span class='ocrx_word' id='word_1_173' title='bbox 498 4633 540 4698; x_wconf 80' lang='lat'><strong>(2)</strong></span> <span class='ocrx_word' id='word_1_174' title='bbox 561 4629 622 4680; x_wconf 86' lang='lat' dir='ltr'><strong>inst.</strong></span> <span class='ocrx_word' id='word_1_175' title='bbox 634 4630 649 4679; x_wconf 91' lang='lat'><strong>1.</strong></span> <span class='ocrx_word' id='word_1_176' title='bbox 661 4630 692 4679; x_wconf 84' lang='lat' dir='ltr'><strong>iv.</strong></span> <span class='ocrx_word' id='word_1_177' title='bbox 705 4645 726 4679; x_wconf 90' lang='lat' dir='ltr'><strong>c.</strong></span> <span class='ocrx_word' id='word_1_178' title='bbox 737 4629 771 4680; x_wconf 76' lang='lat' dir='ltr'><strong>ii‘n</strong></span> <span class='ocrx_word' id='word_1_179' title='bbox 784 4645 809 4680; x_wconf 86' lang='lat' dir='ltr'><strong>n.</strong></span> <span class='ocrx_word' id='word_1_180' title='bbox 823 4629 862 4679; x_wconf 83' lang='lat'><strong>16.</strong></span> 
     </span>
    </p>
   </div>
   <div class='ocr_carea' id='block_1_9' title="bbox 176 4716 384 4778">
    <p class='ocr_par' dir='ltr' id='par_1_9' title="bbox 176 4716 384 4778">
     <span class='ocr_line' id='line_1_24' title="bbox 176 4716 384 4778; baseline -0.014 0"><span class='ocrx_word' id='word_1_181' title='bbox 176 4718 252 4778; x_wconf 77' lang='lat' dir='ltr'><strong>Vos.</strong></span> <span class='ocrx_word' id='word_1_182' title='bbox 268 4716 384 4778; x_wconf 59' lang='lat' dir='ltr'><strong>ltu-2</strong></span> 
     </span>
    </p>
   </div>
   <div class='ocr_carea' id='block_1_10' title="bbox 0 0 1411 5092">
    <p class='ocr_par' dir='ltr' id='par_1_10' title="bbox 0 0 1411 5092">
     <span class='ocr_line' id='line_1_25' title="bbox 0 0 1411 5092; baseline 0 0"><span class='ocrx_word' id='word_1_183' title='bbox 0 0 1411 5092; x_wconf 95' lang='lat' dir='ltr'><strong> </strong></span> 
     </span>
    </p>
   </div>
  </div>
 </body>
</html>
