2798 5092
112 343 172 404 aro
319 292 345 335 ‘
399 338 492 401 uu
512 335 728 400 rumorum
748 334 987 401 suermcus.

111 516 171 561 non
184 495 291 577 pendet
304 516 342 558 ex
354 515 425 558 voce
445 497 530 556 unica
542 495 589 556 vel
608 495 759 574 ambiguar
781 493 833 555 sed
846 493 978 555 exoletis
998 490 1182 563 testimoniis,
1202 492 1307 554 suffro-

112 595 360 676 gantetraditione
375 604 520 674 perpetus.
1220 664 1224 679 y

151 697 202 754 77.
227 691 294 772 obj.
310 695 338 751 b.
359 692 406 751 Pii
420 691 552 766 doctique
566 690 709 759 homines,
724 690 754 750 iu
766 688 920 768 Scripturis
943 688 1184 757 exercitatissimi,
1202 705 1303 766 peenas

114 800 232 850 aeternas
246 799 391 868 negarunt.
422 790 472 848 Sic
488 789 641 867 Origenes,
658 789 817 868 Gregorius
831 787 998 866 Nysseuus‚
1011 785 1171 866 Gregorius
1181 786 1309 847 Nazian-

115 907 215 957 zenus,
229 888 409 956 Ambrosius,
424 888 482 946 imo
496 896 525 946 et
541 886 749 965 Hieronymus.

153 985 241 1064 Resp.
264 984 397 1064 Origenis
412 985 527 1059 quidem
541 985 648 1062 scripta
661 985 728 1044 huic
748 985 837 1044 errori
860 984 974 1045 faventi
995 982 1046 1043 sed
1062 981 1166 1042 eruditi
1179 982 1308 1043 hominis

114 1085 230 1164 iugenio
243 1084 329 1143 nimis
341 1082 454 1143 fidentis
469 1084 619 1143 auctoritas
635 1092 753 1142 vetustae
766 1082 834 1141 fidei
848 1092 877 1142 et
890 1080 1025 1143 concordi
1035 1081 1156 1141 aliorum
1169 1079 1308 1141 doctriua

113 1182 266 1262 prternlere
280 1183 388 1257 nequit.
431 1181 564 1260 Gregorii
585 1181 614 1240 N
617 1182 717 1259 ysseni
730 1200 818 1260 opere
832 1183 867 1240 ab
883 1181 1053 1260 Origeuistis
1071 1189 1204 1259 corrupta
1218 1179 1311 1239 fuisse

114 1278 183 1341 olim
197 1278 342 1338 contendit
355 1278 387 1336 S.
408 1277 570 1338 Germanus
592 1276 952 1355 Constantinopolitanus.¹
991 1276 1121 1336 Habetur
1133 1286 1230 1336 summ
1244 1277 1310 1354 ejus

115 1375 311 1436 testimonium
326 1373 361 1433 de
375 1374 556 1452 sempiternis
570 1374 724 1451 impiorum
740 1375 832 1452 poenis
847 1374 878 1433 iu
891 1375 1018 1434 oratione
1031 1373 1066 1432 in
1080 1390 1127 1432 cos
1140 1371 1194 1452 qui
1208 1371 1312 1451 differ·

114 1478 171 1531 unt
184 1471 344 1548 baptisma,
365 1471 469 1545 quibus
483 1488 598 1529 omnem
619 1469 692 1529 tollit
712 1469 811 1529 salutis
831 1487 932 1548 spemr
955 1479 975 1507 ‘⁸
988 1468 1064 1529 Cum
1085 1469 1196 1529 nonsit
1215 1471 1312 1549 obsig-

115 1568 210 1629 nata”
232 1570 415 1637 aminneam
439 1567 557 1626 exhibet
570 1576 590 1604 ‘⁶
600 1567 702 1627 frustra
723 1552 876 1627 deflentem
904 1575 934 1627 et
960 1567 1098 1627 inutiliter
1111 1567 1311 1645 penitentem,

115 1684 175 1726 non
187 1685 272 1725 secus
286 1679 369 1740 atque
384 1664 500 1724 divitem
515 1665 564 1738 qui
579 1664 746 1724 induebatur
760 1680 884 1742 purpura
894 1674 923 1724 ct
932 1665 1034 1742 bysso,
1046 1681 1190 1739 quemque
1201 1663 1307 1733 lautus,

116 1782 149 1822 ac
169 1761 304 1822 delicatus
329 1762 422 1822 omnis
445 1763 559 1840 generis
583 1762 664 1820 cibus
682 1760 775 1820 alebat
794 1761 942 1821 materiam
963 1761 1039 1840 ignis
1061 1761 1112 1835 qui
1132 1779 1192 1821 uon
1214 1772 1309 1839 potest

116 1861 277 1940 extingui.”
320 1861 524 1921 Nazianzenus
541 1858 683 1920 catholico
696 1877 783 1920 seusu
805 1861 917 1943 locutus
932 1869 977 1918 est
990 1858 1026 1918 de
1040 1860 1117 1938 igne,
1132 1859 1196 1918 vitii
1215 1860 1311 1920 omnis

115 1957 259 2018 levitatem
284 1959 474 2029 absumente?
487 1976 552 2017 eum
577 1957 655 2017 euim
681 1958 887 2036 sempiternum
910 1957 1047 2035 agnovit:
1070 1955 1245 2017 “Omnibus
1262 1956 1312 2023 bis

115 2055 319 2116 formidabilior
332 2056 418 2134 ignis,
434 2074 499 2114 cum
519 2054 645 2114 insomni
659 2053 708 2112 illo
722 2072 820 2113 verme
845 2053 1015 2131 coujunctos
1037 2062 1092 2121 est,
1106 2071 1161 2113 nec
1181 2071 1311 2128 unquam

116 2153 298 2231 extinguitur,
313 2171 412 2211 verum
427 2152 456 2210 in
470 2151 671 2210 sceleratorum
687 2151 835 2211 bominum
851 2168 975 2228 penam,
988 2150 1123 2229 perennis
1135 2163 1180 2210 est
1192 2162 1224 2211 et
1236 2170 1312 2213 sem·

123 2249 299 2328 piterous.”⁸
338 2247 423 2316 Quod
437 2260 532 2306 autem
551 2246 647 2307 addit:
669 2255 689 2285 ⁴⁶
699 2247 756 2306 nisi
770 2256 863 2306 temen
878 2247 934 2307 hoc
956 2264 1071 2321 quoqne
1084 2247 1149 2307 loco
1163 2248 1310 2326 quispiam

118 2347 214 2425 ignem
226 2346 333 2413 mitius,
349 2355 434 2419 atque
448 2354 480 2402 ut
493 2344 558 2403 Deo
569 2344 684 2416 ‚vindice
698 2343 816 2422 dignum
832 2353 885 2414 est,
900 2343 1115 2423 intelligendum
1131 2353 1213 2421 putet
1224 2344 1255 2415 ;”
1275 2345 1312 2404 de

117 2462 265 2522 penarum
290 2443 450 2510 acerbitate,
472 2441 567 2519 potius
592 2461 677 2515 quam
703 2441 850 2501 duratione
864 2441 1065 2521 explicandum
1081 2452 1134 2500 est.
1178 2442 1312 2503 Profecto

119 2540 154 2600 ds
168 2539 308 2599 damnatis
320 2539 376 2596 aits
401 2546 420 2574 ‘⁴
433 2537 498 2596 Hos
520 2547 614 2596 autem
628 2538 715 2597 simul
737 2558 803 2598 cum
818 2539 891 2607 aliis,
910 2539 957 2599 vel
976 2540 1072 2619 potius
1087 2551 1152 2600 ante
1166 2541 1224 2601 alia
1236 2539 1314 2601 istud
1363 2578 1366 2582 -

119 2636 302 2704 excruciabit,
316 2636 384 2709 quia
397 2654 415 2692 a
428 2634 492 2694 Deo
516 2635 634 2712 projecti
648 2636 715 2704 siut,
731 2645 814 2710 atque
835 2636 957 2697 inustam
973 2638 1003 2697 iu
1017 2639 1194 2698 conscientia
1206 2640 1313 2718 sempi-

120 2747 205 2796 temae
228 2733 392 2813 ignominie
418 2744 514 2792 uotmu
538 2732 686 2811 gerant.'’⁴
725 2735 894 2793 Ambrosius
913 2735 1064 2796 hominum
1078 2735 1191 2814 flagella
1214 2757 1233 2796 a
1255 2736 1315 2797 diu·

119 2833 178 2893 boli
191 2841 220 2891 et
233 2833 426 2890 ministrorum
452 2830 515 2906 ejus
530 2849 615 2908 poeua
628 2828 787 2908 distinguit,
802 2841 941 2907 quatenus
961 2832 1059 2892 illaad
1082 2832 1314 2897 emendationem

117 2931 284 3009 diriguntur,
300 2947 363 3003 qum
378 2928 487 2987 seilicet
497 2928 527 2988 iu
540 2929 599 2986 rita
612 2928 665 2987 lrac
685 2928 864 3007 irrogantur:
887 2939 907 2968 ‘⁸
917 2929 983 2990 ideo
1002 2930 1083 2990 dives
1097 2930 1146 2991 ille
1167 2933 1199 2993 in
1213 2932 1312 2994 Evan-

119 3030 206 3109 gelio,
218 3026 284 3087 licet
292 3040 433 3106 peccator,
444 3025 602 3105 prenalibus
617 3037 732 3104 urgetur
742 3027 886 3098 aerumnis,
897 3038 930 3087 ut
942 3029 1026 3088 citius
1040 3031 1133 3108 possit
1145 3029 1316 3095 evadere.’.’⁵
1364 3052 1375 3061 ··

121 3127 166 3187 De
183 3126 270 3186 divite
296 3143 381 3201 quem
397 3124 477 3184 Deus
501 3124 614 3183 monuit
626 3124 690 3201 ipsa
712 3136 794 3185 nocte
808 3143 875 3185 eum
898 3128 1067 3196 moritumm
1087 3146 1163 3198 esse,
1177 3128 1316 3204 loquitur,

121 3244 179 3288 nou
193 3223 229 3284 de
241 3224 290 3283 illo
306 3223 356 3297 qui
370 3223 558 3300 sepultus,est
570 3222 599 3279 in
615 3221 745 3282 inferno:
766 3222 872 3283 ibidem
886 3225 964 3284 euim
978 3225 1037 3284 ait:
1061 3234 1080 3262 ‘⁸
1094 3224 1230 3286 Christos
1245 3246 1315 3293 suos

121 3321 248 3399 castigat,
263 3339 336 3394 quos
358 3318 468 3396 diligit:
491 3317 610 3386 alienos,
637 3327 780 3392 tamquam
800 3320 926 3398 generali
953 3319 1134 3382 damnatione
1155 3322 1316 3401 impietatis

61 3444 70 3463 x
121 3418 279 3487 adstrictos,
294 3436 380 3495 poena
393 3415 507 3474 damnat
521 3413 657 3473 eterna.'’
690 3410 814 3494 Lapsam
827 3417 966 3495 virginem
978 3419 1125 3492 alloquens
1137 3419 1197 3478 aits
1220 3421 1319 3501 “Ego

121 3525 216 3575 umen
229 3516 278 3591 qui
292 3515 353 3574 scio
367 3514 496 3592 grauiora
509 3512 678 3573 facinorosis
703 3515 811 3574 servari
835 3525 984 3585 tormenta,
999 3526 1028 3598 et
1052 3516 1115 3575 sine
1135 3517 1195 3576 line
1209 3518 1318 3599 impias

122 3612 230 3672 animas
253 3612 393 3670 cruciatus
416 3629 540 3679 manere,
556 3629 614 3670 uon
637 3611 807 3688 temporales
830 3612 939 3686 utique,
962 3612 1013 3672 sed
1034 3625 1176 3682 aeternosr
1199 3615 1317 3693 aliiste

122 3708 189 3770 volo
202 3708 371 3766 eruciatibus
385 3707 470 3776 affici,
485 3706 638 3784 profuturis
650 3708 759 3783 utique,
771 3726 828 3767 non
840 3711 964 3769 animam
974 3709 1125 3787 perdituris
1136 3711 1181 3771 .’‘⁷
1211 3713 1321 3777 Hiero·

122 3824 229 3883 nymus
244 3805 336 3883 arguit
359 3805 541 3882 Pelagianos,
563 3804 639 3879 quod
661 3817 824 3882 peccatores
840 3805 1021 3867 Christianos
1035 3807 1142 3877 eidem,
1158 3829 1227 3871 cunr
1243 3813 1326 3873 Eth-

121 3905 205 3973 nieis,
220 3903 394 3962 damnationi
418 3904 597 3980 subjicerent,
621 3922 710 3977 quum
734 3905 865 3981 plurimis
880 3905 1000 3984 flagellis
1023 3905 1087 3965 illos
1102 3907 1138 3966 ad
1154 3928 1188 3968 se
1202 3892 1324 3973 revceet

124 4001 224 4062 Deus:
247 4011 266 4039 ‘⁴
280 3990 432 4060 Peccatum
443 4013 537 4060 autem
552 4014 580 4060 et
592 4001 739 4075 iniquitas,
754 4020 807 4079 pro
821 4002 955 4075 qualitate
965 4002 1108 4073 vitiorum,
1123 4016 1194 4084 post
1206 4011 1320 4088 peccati

451 4211 481 4264 L.
493 4213 534 4265 cui
544 4213 638 4269 titulus,
649 4213 796 4275 Retribusns
806 4223 832 4267 et
842 4217 973 4281 legitimus.

450 4300 516 4351 Oret
527 4300 612 4350 xxxix.
620 4300 646 4350 iu
658 4317 678 4354 s.
689 4299 793 4355 lumine.

389 4564 431 4631 (ὃ)
449 4564 480 4613 ln
492 4563 532 4613 Ps.
546 4562 628 4614 cxviii.
639 4561 717 4613 Serm.
729 4576 805 4615 xx-n.
816 4563 840 4610 2.

389 4650 426 4711 (6)
444 4648 474 4701 L.
485 4649 515 4699 de
523 4649 593 4714 Virg.
603 4649 664 4716 leps.
674 4664 696 4699 c.
708 4650 723 4697 Β
