2798 5092
107 394 125 420 Ν
176 352 236 411 290
606 347 664 409 DE
685 348 935 412 mummulo.

177 526 214 568 ne
228 509 340 577 iaceret,
356 508 485 587 alligatus
507 518 560 567 est.
607 508 691 567 Tunc
712 519 805 568 antem
831 509 966 577 solvetur,
987 507 1100 583 quando
1114 518 1143 568 et
1156 510 1242 568 breve
1256 517 1369 585 tempus

177 608 239 664 erit.
283 606 359 665 Nam
384 607 471 664 tribus
495 607 576 665 aunis
598 617 627 664 et
652 625 704 665 sex
727 607 874 666 mensibus
894 606 995 685 legitur
1017 608 1083 665 totis
1104 609 1176 674 suis,
1191 622 1368 678 suorumque

177 707 284 765 viribus
312 706 459 763 sevitums
481 744 489 762 .
513 746 520 763 .
544 748 551 763 .
574 703 685 763 Interea
708 704 775 763 dum
802 704 879 762 mille
906 704 988 763 annis
1016 703 1118 782 ligatus
1146 714 1190 762 est
1218 702 1369 770 Diabolus,

178 803 279 861 Sancti
293 814 412 879 regnant
434 818 499 860 cum
515 799 661 860 Christo.
687 841 694 859 .
718 839 725 856 .
748 799 880 858 Ecclesia
903 813 931 859 et
953 818 1029 859 nuuc
1043 812 1087 859 est
1103 815 1221 878 regnum
1248 795 1370 863 Christi,

178 917 352 976 regnumque
380 898 524 957 celorum.
566 899 698 975 Regnent
712 899 806 971 itaque
820 917 885 956 cum
900 898 949 956 illo
963 899 1046 957 etiam
1062 913 1139 957 nunc
1154 896 1252 955 Sancti
1272 893 1369 973 ejus.”

178 1038 185 1052 .
203 1039 210 1053 .
229 1037 236 1053 .
253 995 353 1062 “Quae
369 996 406 1053 sit
419 1013 504 1072 porro
518 995 571 1053 ista
585 996 685 1063 bestia,
701 994 831 1069 quamvis
846 994 1056 1073 sitdiligentius
1078 993 1293 1068 inquirendum,
1315 1011 1374 1052 non

177 1102 271 1150 tamen
286 1091 416 1169 abhorret
430 1111 446 1149 a
459 1090 515 1149 fide
530 1104 615 1157 recta,
639 1101 670 1149 ut
683 1092 745 1168 ipsa
770 1092 858 1168 impia
878 1093 979 1150 civitas
1000 1091 1183 1170 intelligatur,
1199 1102 1226 1148 et
1240 1089 1368 1168 populus

177 1185 333 1245 infidelium
350 1187 507 1244 contrarius
529 1186 637 1262 populo
658 1185 746 1255 fideli,
762 1197 791 1244 ot
811 1187 917 1245 civitati
939 1187 1005 1245 Dei.
1028 1229 1036 1245 .
1058 1228 1066 1245 .
1089 1229 1097 1244 .
1120 1184 1160 1245 Et
1175 1186 1309 1260 quisunt
1324 1183 1374 1259 qui

178 1271 298 1343 bestiam
312 1299 369 1342 non
381 1283 508 1351 adorant,
524 1302 578 1342 nec
592 1283 746 1360 imaginem
761 1284 835 1360 ejus,
850 1285 906 1342 nisi
921 1285 971 1358 qui
986 1284 1092 1343 iaciunt
1106 1282 1182 1357 quod
1197 1283 1235 1340 ait
1249 1283 1376 1360 Aposto—

175 1362 238 1439 lus:
261 1392 270 1417 ⁶
284 1381 331 1439 Ne
345 1380 407 1446 sitis
416 1381 519 1458 jugum
533 1380 669 1439 ducentes
684 1399 749 1439 cum
764 1379 927 1439 infidelibus
938 1380 960 1437 l'
1003 1381 1071 1439 Non
1086 1379 1204 1438 adorant
1226 1379 1317 1446 enim,
1344 1378 1373 1437 id

175 1490 219 1537 est
243 1498 299 1539 non
324 1479 515 1547 consentiunt,
544 1496 600 1538 non
630 1477 838 1555 subjiciuntur:
861 1498 954 1553 neque
976 1479 1119 1556 accipiunt
1145 1477 1397 1554 inscriptionem,-

177 1584 274 1636 nctam
297 1576 408 1633 scilicet
421 1574 559 1643 criminis,
574 1576 603 1634 in
627 1574 717 1635 fronte
738 1585 854 1653 propter
874 1575 1092 1653 professionem,
1108 1575 1137 1633 in
1158 1591 1243 1632 manu
1260 1587 1379 1651 propter

178 1672 368 1751 operationes.
410 1673 455 1730 Ab
469 1673 515 1730 bis
529 1691 597 1750 ergo
612 1672 694 1731 malis
715 1673 810 1739 alieni,
832 1672 893 1729 sive
915 1670 1007 1729 adhuc
1032 1672 1061 1731 in
1087 1672 1141 1729 ista
1164 1670 1278 1728 mortali
1292 1687 1377 1729 carne

176 1771 315 1838 viventes,
330 1770 391 1828 sire
406 1767 547 1838 defuncti,
564 1779 684 1847 regnant
697 1789 764 1828 cum
778 1768 896 1827 Christo
904 1770 964 1847 jam
980 1788 1055 1828 nunc
1070 1768 1192 1843 quodam
1205 1766 1295 1826 modo
1308 1767 1377 1827 huic

174 1866 300 1945 ‘tempori
315 1885 441 1945 conpno
464 1887 516 1946 per
530 1876 618 1926 totum
634 1868 689 1926 boc
704 1867 892 1936 intervallum,
908 1865 984 1940 quud
999 1885 1118 1926 numero
1139 1865 1218 1925 mille
1233 1866 1379 1944 significa·

178 1978 222 2024 tur
236 1965 407 2025 annornm.”
429 2007 437 2023 .
522 1965 597 2023 “Et
617 1984 681 2023 cum
698 1965 770 2024 finiti
789 1964 903 2033 suerint,
919 1964 1021 2039 inquit,
1044 1964 1121 2022 mille
1147 1964 1227 2033 enni,
1249 1964 1378 2023 solvetur

178 2066 298 2125 Satanas
313 2064 349 2124 de
364 2064 493 2124 custodia
506 2083 567 2133 sua,
583 2078 611 2122 et
625 2065 713 2122 exibit
727 2063 761 2122 ad
776 2063 952 2123 seducendas
973 2064 1113 2122 nationes.
1136 2104 1144 2120 .
1167 2103 1175 2120 .
1199 2103 1207 2120 .
1230 2062 1272 2121 Et
1293 2066 1377 2122 antea

177 2162 270 2222 modis
295 2163 399 2236 quibus
415 2175 533 2242 poterat,
549 2181 601 2240 per
615 2162 688 2221 mala
702 2161 790 2220 multa
804 2172 832 2219 et
856 2161 933 2218 varia
955 2159 1118 2218 seducebat.
1160 2157 1264 2218 Exibit
1281 2170 1377 2221 antem

177 2261 284 2320 dictum
312 2272 365 2329 est,
396 2261 425 2320 in
453 2273 579 2339 apertam
601 2260 849 2337 persecutionem:
872 2258 907 2317 de
933 2259 1047 2318 latebris
1062 2269 1207 2341 erumpet
1233 2258 1378 2318 odiorum.

179 2359 252 2418 Haec
266 2359 342 2418 enim
363 2359 416 2417 erit
440 2359 598 2418 novissima
622 2361 783 2435 persecutio
798 2359 956 2419 novissimo
970 2357 1137 2416 imminente
1145 2356 1275 2433 jndicio,
1291 2375 1377 2431 quam

181 2457 286 2515 Sancta
297 2455 432 2515 Ecclesia
446 2468 504 2514 toto
519 2466 653 2514 terrarum
669 2457 736 2543 orbe
752 2456 903 2535 patietur.”
946 2454 1019 2515 Haec
1033 2472 1070 2514 ex
1085 2455 1249 2532 Augustino
1263 2452 1379 2533 decerp-

79 2569 80 2572 ’
134 2583 136 2587 -
181 2535 296 2610 simn‘s.¹

222 2651 288 2706 109.
312 2648 383 2716 Qua
399 2658 492 2706 antem
507 2647 583 2726 apud
598 2647 768 2708 Matthaenm
783 2648 818 2707 de
832 2648 955 2709 bibendo
969 2650 1037 2709 vino
1057 2667 1132 2723 novo
1147 2668 1213 2708 cum
1229 2649 1378 2727 Apostolis'

104 2797 106 2801 ,
140 2770 144 2776 -
184 2746 213 2802 in
227 2762 316 2822 regno
331 2744 423 2804 Patris
438 2745 555 2822 protulit
569 2744 713 2811 Christus,
729 2744 762 2803 ad
777 2756 890 2823 tempus
906 2746 983 2820 quod
998 2747 1071 2804 inter
1085 2746 1328 2807 resurrectionem
1351 2758 1379 2806 ct

182 2842 378 2901 ascensionem
394 2843 479 2902 fluxit
492 2862 509 2900 a
522 2843 555 2900 S.
571 2841 784 2921 chrysostomo
798 2844 941 2913 refertur,⁵¹
955 2845 989 2903 ab
1003 2842 1127 2922 Origene
1141 2857 1237 2903 autem
1254 2846 1377 2924 mystico

181 2940 340 3078 applipptur
349 2952 607 3017 mmm-quatenus
621 2941 726 3001 indicat
752 2949 884 3022 “potum
899 2956 935 3002 ec
949 2943 1009 3002 cite
1022 2959 1092 3002 uero
1106 2949 1134 3001 et
1147 2941 1268 3003 uiuente
1280 2943 1314 3004 in
1328 2960 1376 3003 sae·

183 3038 197 3078 c
231 3039 259 3078 a.
1366 3044 1369 3048 ·

672 3215 882 3260 emoniensis.

224 3362 290 3417 110.
317 3357 427 3437 objicit
443 3362 469 3417 l.
492 3358 520 3416 N
523 3366 628 3416 euton.
670 3359 741 3426 Quae
754 3358 790 3417 de
806 3356 958 3419 Millennin
973 3357 1104 3419 dicuntur
1126 3377 1184 3418 non
1199 3360 1375 3421 conveniunt

185 3452 321 3534 temporis
336 3456 484 3516 intervallo
505 3456 579 3515 inter
594 3456 703 3516 Christi
718 3457 843 3535 primum
857 3456 1009 3518 adventum
1023 3467 1052 3516 et
1063 3457 1232 3527 secundom,
1243 3478 1311 3518 nam
1324 3478 1378 3538 pax

185 3564 213 3612 et
227 3555 360 3614 sanctitas
376 3556 486 3617 Christi
510 3574 599 3632 regno
623 3556 790 3622 tribuuntur.
806 3556 920 3616 diabolo
941 3556 1047 3635 ligatur
1069 3574 1085 3615 e
1106 3567 1206 3615 contra
1225 3559 1325 3617 omnia
1339 3560 1378 3617 in·

184 3660 320 3730 gruerunt
340 3651 414 3710 mala
427 3670 479 3730 per
492 3649 520 3709 id
546 3654 694 3730 temporis,
709 3654 865 3730 praesertim
882 3662 948 3731 post
962 3652 1143 3711 Constantini
1159 3661 1282 3721 aetatem,
1299 3654 1378 3713 Anti·

184 3747 282 3809 christi
294 3767 381 3826 regno
395 3758 509 3818 statuto,
524 3761 552 3808 et
565 3749 681 3828 flagitiis
695 3751 828 3809 omnibus
843 3761 871 3808 ct
884 3752 1025 3812 erroribus
1040 3750 1144 3808 ioedata
1158 3750 1306 3810 Ecclesia.
1348 3751 1379 3810 Si

122 3899 123 3904 ,
185 3849 304 3907 Satanas
318 3847 420 3925 ligatus
435 3866 486 3925 per
500 3847 528 3906 id
543 3849 679 3927 temporis
695 3848 790 3917 suerit,
807 3849 986 3922 quandonam
1012 3849 1083 3908 liber
1098 3848 1246 3907 habendus
1262 3861 1307 3908 est
1317 3850 1343 3907 i*

224 3944 313 4024 Reep.
336 3945 404 4003 Sive
418 3964 483 4003 cum
499 3944 619 4005 Ueserio
631 3945 708 4004 mille
724 3947 791 4006 anni
805 3966 821 4004 a
835 3947 944 4007 Christi
958 3948 1079 4006 adventu
1095 3956 1308 4024 computentur,
1318 3949 1378 4008 aive

185 4062 250 4102 curn
266 4041 367 4101 Crotio
381 4061 398 4099 a
412 4040 592 4100 Constantini
607 4043 737 4120 imperio,
748 4043 881 4102 vaticinio
893 4056 1030 4104 consonat
1042 4054 1171 4102 eventus.
1203 4043 1249 4103 Re
1262 4045 1377 4118 quidem

185 4159 250 4198 vera
265 4140 367 4199 Daniel
381 4139 500 4199 Messias
515 4139 652 4198 adventus
667 4139 842 4219 designando
858 4155 970 4219 tempus
989 4141 1058 4201 illud
1082 4143 1117 4201 iis
1140 4144 1253 4201 ornavit
1267 4144 1378 4221 elogiis,

186 4238 288 4312 quibus
302 4242 351 4299 vix
365 4237 472 4313 aliquid
486 4238 637 4298 sublimius
652 4259 669 4298 a
683 4240 794 4300 Joanne
809 4240 844 4300 de
857 4242 935 4301 mille
949 4260 1088 4301 annorum
1103 4258 1192 4320 regno
1214 4240 1323 4318 dictum
1340 4259 1380 4302 re·

480 4418 519 4484 (1)
539 4413 569 4467 L.
580 4434 623 4469 xx.
633 4417 664 4468 de
677 4415 732 4468 civ.
745 4417 792 4469 Dei
804 4435 826 4469 c.
838 4436 861 4471 v.
872 4420 903 4471 vi.
915 4419 957 4470 vii.
968 4419 1019 4497 viii.
1030 4416 1064 4470 ix.
1073 4415 1107 4470 xi.

482 4503 523 4572 (2)
541 4505 617 4556 Hom.
628 4506 725 4558 lxxxiii.
737 4507 764 4557 in
773 4505 845 4558 Matt.

486 4592 527 4656 (3)
545 4591 610 4644 Prol.
621 4593 649 4643 in
660 4589 758 4643 Contio.

481 4677 521 4741 (4)
539 4676 632 4745 Birhop
643 4678 752 4730 Newtcn
763 4694 796 4730 on
806 4678 848 4730 the
855 4666 997 4745 pruinoso
1003 4693 1027 4744 p.
1036 4677 1096 4726 586.
