2798 5092
308 336 649 407 enarrantibus
670 347 1063 420 SAORAMENTORUM.
1225 368 1279 426 171
1341 382 1344 389 ·

584 1035 725 1099 CAPUT
747 1041 800 1100 lv.

266 1267 324 1319 Du
359 1269 650 1328 alienemus
683 1279 1121 1337 SACRAMENTORUM.

408 1474 434 1549 §.
449 1475 474 1534 Ι.
502 1476 550 1539 Da
565 1497 652 1541 novar
665 1499 752 1541 nanis
765 1502 980 1545 saumana.

131 1646 175 1700 59.
198 1643 335 1705 Effectus
348 1663 587 1743 sacramentorum
602 1657 731 1716 omniurn
744 1667 788 1715 est
802 1659 900 1735 gratim
913 1661 1117 1720 sanctificantis
1128 1664 1287 1722 communi·

103 1742 175 1811 uto,
185 1761 251 1816 quoe
261 1744 291 1804 in
301 1745 444 1824 baptismo
457 1761 486 1808 et
498 1753 673 1829 peonitentia,
686 1773 749 1830 quae
763 1764 951 1817 mortuorum
962 1771 1137 1820 sacramenta
1145 1761 1286 1829 dicuutur,

101 1837 213 1898 animam
227 1843 354 1917 pcccatis
368 1854 507 1906 mortuam
522 1846 557 1905 ad
572 1849 658 1908 vitam
672 1863 803 1910 revocat:
825 1853 856 1911 in
869 1855 980 1912 crateris
995 1858 1190 1925 sacramentis,
1205 1857 1287 1916 uiuo·

101 1949 159 1994 mm
171 1936 294 2006 scilicet,
309 1957 373 1999 eam
384 1959 461 2001 novo
475 1962 592 2005 munere
606 1945 722 2007 ditatam
731 1948 796 2008 Deo
810 1948 877 2009 iacit
888 1952 1087 2027 acceptiorem.
1122 1953 1188 2011 Alia
1198 1956 1288 2030 gratia

99 2032 232 2109 cuiusque
246 2040 416 2099 sacramenti
430 2043 544 2119 propria
559 2045 783 2105 auorummtalio
805 2046 918 2113 dicitur,
941 2046 1023 2106 datur
1043 2049 1121 2108 enim
1142 2049 1177 2109 ad
1197 2069 1288 2111 sacra·

99 2133 179 2191 nenti
190 2133 266 2193 fines
279 2139 486 2210 assequendas,
497 2140 606 2218 jbeque
620 2160 719 2203 recum
734 2143 789 2204 sert
800 2162 835 2203 ea
847 2144 953 2203 auxilia
966 2144 1146 2222 impetrandi.
1188 2147 1288 2206 Gratia

98 2227 126 2287 ad
136 2230 270 2291 ordinum
284 2251 404 2295 munera
416 2237 546 2299 obeunda
559 2241 771 2301 sacramentalis
784 2241 904 2318 proinde
918 2251 971 2301 est.
1058 2232 1061 2239 Α

129 2330 177 2390 bd.
190 2330 272 2390 ''l'ria
296 2346 474 2395 sacramenta
498 2337 690 2397 characterem
715 2340 893 2417 imprimunt,
907 2357 966 2413 quo
986 2341 1103 2401 nomine
1122 2340 1288 2419 intelligitur

97 2426 267 2513 “spirituale
282 2435 427 2511 quoddam
441 2436 556 2514 signum
569 2455 587 2495 a
600 2435 711 2494 catoris
725 2435 919 2497 distinctivum
934 2449 963 2497 et
980 2437 1180 2497 indelebils.”¹
1222 2447 1241 2476 ‘⁶
1254 2439 1287 2498 Si

98 2536 155 2605 quis
169 2533 308 2603 dixerit,”
323 2535 457 2607 inquiunt
470 2545 563 2611 patres
578 2531 751 2603 Tridentini,
768 2541 788 2571 “
797 2535 829 2599 in
839 2535 928 2593 tribus
939 2535 1135 2604 sacramentis,
1146 2535 1287 2612 baptismo

96 2634 209 2704 sedicet,
231 2634 458 2702 confirmatione,
472 2642 501 2692 et
513 2631 613 2692 ordine
636 2638 695 2693 nori
716 2634 844 2711 imprimi
863 2633 1054 2695 characterem
1068 2634 1099 2692 in
1113 2635 1217 2702 anima,
1232 2635 1288 2693 hoe

95 2742 141 2801 ert,
156 2733 274 2810 signum
287 2730 431 2806 quoddam
442 2729 590 2808 spirituale
603 2740 633 2791 et
646 2728 809 2797 indelebile,
825 2728 900 2789 unde
916 2748 952 2789 ea
961 2730 1056 2789 iterari
1070 2747 1128 2791 non
1142 2739 1285 2808 possuntt

96 2830 243 2891 anathema
256 2829 344 2889 sit.”¹

597 3003 782 3044 Puerosl‘rro.

127 3148 163 3208 In
184 3148 283 3208 tribus
303 3147 508 3215 accrementis,
525 3144 672 3224 baptismo
686 3143 807 3214 acilium,
823 3144 1057 3225 confirmatione,
1073 3153 1100 3205 et
1113 3145 1216 3204 ordire
1231 3145 1285 3205 im·

94 3246 231 3321 primitur
246 3246 443 3306 characterio
457 3244 573 3304 aalma.
748 3322 753 3329 ,

131 3348 179 3403 dl.
201 3344 252 3403 Ex
267 3345 416 3421 Scriptura
429 3342 638 3402 adducuntura
658 3341 803 3402 nonnullis
825 3342 986 3402 testimonia
1008 3342 1165 3417 sequentia,
1180 3342 1285 3415 quibua

97 3450 182 3500 tamen
196 3460 255 3501 non
269 3442 427 3510 innitimur,
444 3459 533 3516 quum
547 3441 671 3499 sciamus
686 3458 721 3498 ea
741 3458 827 3517 posse
849 3440 967 3517 intelligi
991 3439 1026 3499 de
1046 3439 1166 3517 spiritali
1188 3440 1283 3518 gratim

98 3539 224 3597 unctione
238 3551 267 3597 et
280 3548 357 3608 nota,
372 3542 441 3613 quin
456 3537 491 3597 ad
506 3539 697 3597 characterem
711 3537 875 3596 referantur.
918 3538 1006 3605 “Qui
1020 3538 1103 3596 unxit
1115 3555 1169 3595 nos
1183 3536 1282 3597 Deus:

96 3636 140 3707 qui
153 3648 181 3694 et
193 3637 317 3714 signavit
330 3655 394 3705 nos,
409 3647 438 3695 et
452 3636 530 3695 dedit
553 3637 655 3714 pignus
676 3635 800 3712 Spiritus
823 3636 852 3693 in
875 3635 1007 3695 cordibus
1031 3634 1180 3694 nostris.’‘⁸
1219 3647 1239 3674 ‘⁶
1250 3637 1285 3696 ln

96 3749 146 3804 quo
171 3745 200 3791 ot
221 3733 367 3792 credentes
388 3733 492 3810 signati
518 3733 587 3791 estis
609 3733 717 3810 Spiritu
744 3732 945 3809 promissionis
961 3731 1109 3792 sancto.’'⁴
1147 3742 1169 3771 ‘⁴
1182 3734 1281 3793 Nolito

97 3833 254 3890 contristare
277 3833 415 3908 Spiritum
442 3832 580 3890 Sanctum
603 3831 669 3899 Dei,
685 3831 714 3889 in
738 3849 796 3905 quo
817 3831 920 3909 signati
935 3832 1004 3890 estis
1018 3831 1049 3890 in
1063 3831 1138 3891 diem
1154 3832 1283 3908 redemp-

100 3927 227 3987 tionis.”⁶

132 4023 283 4084 Probatur
297 4043 333 4084 cu
348 4024 504 4085 Patribus.

132 4125 175 4181 62.
198 4122 230 4179 S.
247 4121 436 4181 Guarinus:
460 4131 480 4160 “
492 4122 605 4181 Recem
616 4120 775 4197 baptizatos
789 4117 885 4196 sigillo
901 4116 1020 4178 Domini
1034 4119 1281 4178 consummabo.⁰’'

484 4280 524 4346 (1)
543 4278 639 4328 Decret.
649 4293 694 4343 pro
705 4276 826 4329 Armenio.

483 4369 523 4434 (Β)
543 4366 609 4416 Sese.
620 4365 662 4415 vii.
684 4381 738 4416 cen.
749 4363 783 4415 ix.

486 4451 528 4519 (a)
548 4448 633 4501 acor.
645 4450 662 4499 i.
674 4453 716 4499 21.

487 4538 527 4603 (t)
546 4535 638 4600 Bphee.
648 4535 665 4587 i.
677 4537 717 4588 13.

487 4622 530 4686 (b)
550 4621 643 4672 ibidem
654 4622 687 4673 iv.
698 4626 738 4672 30.

489 4707 532 4772 (6)
551 4706 599 4773 Ep.
611 4708 699 4759 lxxvii.
