2798 5092
148 364 207 423 000
629 356 854 420 APPENDIX.

147 521 377 599 pennatorum
401 518 478 580 dedit
499 516 577 598 vulgi
599 517 758 596 suspicioni
782 536 849 578 enm
875 518 997 597 magiam
1023 510 1136 578 callere.
1179 519 1338 597 Stephano,

147 617 349 698 liungsmrum
364 619 436 696 regi,
453 618 535 696 cujus
560 617 668 697 insigni
687 613 782 676 studio
800 617 948 677 Pannonia
970 615 1006 674 ad
1031 616 1117 676 frdem
1144 617 1276 676 traducta
1293 630 1344 687 est,

145 715 275 785 indulsit,
289 724 322 775 ut
334 734 449 776 crucem
460 716 491 776 in
503 728 620 796 pectore
633 725 766 797 gestaret.
808 714 889 774 Obiit
906 719 939 773 11
958 714 1031 793 Maji
1049 719 1135 773 1000.

646 842 779 952 ’Suom
791 873 846 933 xl.

187 1037 254 1092 141.
276 1033 413 1094 1411111114
437 1032 536 1094 XVII.
562 1033 765 1104 dimanantes
790 1033 885 1101 Sicco,
907 1032 1058 1100 successit,
1077 1042 1107 1090 et
1130 1043 1198 1109 post
1221 1032 1346 1107 quinque

144 1149 260 1191 menses
274 1131 424 1191 defunctus
439 1143 484 1191 est
497 1133 550 1192 sub
564 1133 651 1192 finem
667 1133 736 1192 anui
753 1134 840 1190 1003.

187 1232 253 1288 142.
274 1229 412 1289 Jouunns
425 1230 551 1300 xvllr,
572 1243 654 1289 antea
675 1230 818 1296 Fasanus,
843 1226 943 1287 201114
965 1227 1135 1286 Decembris
1150 1227 1256 1288 eodem
1271 1247 1344 1288 anuo

145 1326 285 1387 suffectus
301 1339 355 1386 est.
376 1406 379 1411 .
397 1327 640 1406 Bambergensem
664 1328 873 1406 episcopatum,
888 1325 924 1384 ab
944 1325 1074 1383 Henrico
1095 1325 1261 1385 Germaniae
1282 1345 1346 1405 rege

146 1425 177 1484 in
203 1424 316 1503 s'ynodo
338 1425 589 1486 Francofordiensi
614 1437 740 1486 erectum
761 1420 950 1486 confirmavit.
992 1424 1183 1484 Bellicolense
1206 1440 1345 1486 monaste·

149 1525 225 1583 rium
240 1525 326 1582 “sub
341 1525 460 1584 tuitione
473 1537 503 1584 41
516 1525 682 1585 defensione
704 1525 907 1604 Apostolorum
917 1535 946 1582 41
954 1523 1066 1582 Sanctae
1079 1523 1164 1582 Sedis
1177 1526 1345 1602 pontificum

143 1623 249 1700 posuit,
265 1622 469 1697 interdixitque
490 1623 624 1682 omnibus
645 1622 793 1701 episcopis
814 1640 850 1681 ue
865 1640 950 1695 quam
965 1621 1004 1679 ibi
1021 1620 1254 1698 jurisdictionem
1270 1641 1347 1682 exer·

143 1719 274 1779 cerent.”
314 1720 346 1778 S.
362 1720 509 1799 Elphego,
530 1720 733 1781 cantuariensi
747 1720 977 1798 archiepiscopo,
992 1718 1116 1779 Romam
1136 1720 1277 1797 profecto,
1290 1721 1346 1798 pal·

142 1814 214 1874 lium
228 1814 317 1874 dedit.
359 1815 391 1874 S.
416 1816 583 1877 Brnuonem
599 1816 634 1876 ad
648 1817 762 1877 Russus
777 1816 856 1875 misit
870 1815 1054 1892 Apostolum,
1069 1816 1120 1888 qui
1135 1829 1245 1894 martyr
1260 1818 1338 1876 obiit.

144 1913 175 1975 S.
198 1913 364 1973 Bonifecius
391 1916 496 1993 pariter
521 1917 654 1975 occubuit
678 1915 752 1994 apud
774 1914 903 1982 eosdem,
931 1914 1068 1991 martyrio
1082 1927 1247 1973 coronatus.
1277 1928 1345 1974 teste

144 2011 177 2070 S.
193 2011 281 2071 Petro
295 2012 441 2072 Damiani.
483 2014 555 2073 Post
568 2013 797 2088 quinquennium
813 2012 884 2072 obiit
898 2011 1028 2089 pontifex
1043 2029 1119 2070 anuo
1138 2016 1224 2071 1000.

184 2113 251 2167 143.
267 2109 403 2170 Senarus
419 2108 484 2179 lv,
500 2121 584 2169 antea
597 2110 700 2170 Petrus
722 2109 820 2169 Bncca
834 2108 922 2167 Porci
937 2123 1131 2187 nuncupatus,
1154 2114 1194 2168 28
1209 2111 1341 2187 Septem·

144 2207 202 2265 bris
218 2205 264 2264 die
278 2225 314 2265 eo
326 2226 400 2265 anuo
412 2207 519 2266 electus
534 2216 588 2275 est,
600 2207 747 2281 tenuitque
761 2205 858 2265 sedem
869 2204 904 2264 ed
919 2224 1024 2266 anuum
1038 2210 1126 2266 1012.
1168 2206 1216 2265 Eo
1229 2207 1346 2266 sedente

104 2290 109 2303 ¹
142 2305 161 2364 J
165 2304 237 2363 udaei
253 2303 453 2363 Occidentales
467 2319 496 2365 et
510 2306 645 2364 Saraceni
660 2305 810 2383 Hispaniae
822 2304 997 2382 impulerunt
1007 2306 1173 2364 Hakemum
1190 2303 1344 2385 Calipham

102 2398 107 2481 J
144 2401 270 2479 AEgypti
282 2401 317 2459 ad
325 2402 510 2460 evertendum
524 2402 671 2461 basilicam
683 2401 829 2479 sepulchri
841 2400 952 2461 Christi
963 2403 1082 2464 Domini
1095 2423 1103 2472 ;
1125 2402 1177 2462 sed
1193 2423 1258 2463 eam
1273 2405 1347 2462 diru-

100 2526 104 2581 s
143 2509 201 2557 tam
217 2497 391 2556 Christianis
406 2500 579 2574 permissum
590 2511 634 2557 est
644 2499 746 2558 iterum
757 2499 909 2569 aedificare,
920 2499 991 2560 adeo
1006 2500 1136 2578 prodigia
1149 2501 1344 2560 inclaruerunt

92 2602 99 2649 ,ἱ
144 2596 308 2654 Saracenis.

186 2696 252 2752 144.
275 2693 471 2753 Bsusnrcuns
485 2693 569 2754 Vlll.
591 2696 740 2764 successit,
762 2706 790 2754 et
805 2695 926 2755 Henrici
940 2699 1016 2777 regis
1033 2698 1198 2757 Germaniae
1213 2717 1268 2775 ope
1290 2700 1344 2756 im-

143 2791 263 2870 plorata,
278 2790 388 2868 expulit
404 2791 576 2868 Gregorium
590 2792 764 2870 antipapam.
805 2792 906 2871 lpsum
925 2806 1055 2855 sanctum
1070 2814 1179 2872 regem,
1196 2815 1260 2854 cum
1276 2814 1344 2854 con·

31 2920 32 2923 ¹
101 2920 104 2929 ·
139 2889 211 2965 juge
237 2888 428 2965 Ouneguuda,
454 2889 568 2967 imperii
591 2908 697 2948 corone
716 2892 837 2949 ornavit.
878 2893 1039 2951 Saracenos
1061 2892 1154 2952 littora
1176 2893 1343 2953 infestantes

145 2984 265 3044 devicit:
290 2984 407 3043 Graecos
423 2985 451 3043 in
466 2985 572 3062 Apulia
586 2997 730 3045 versantes
751 2987 922 3058 debellavit3
946 2990 1073 3064 aliasque
1088 2991 1259 3067 temporalia
1276 2993 1342 3070 jure

20 3092 131 3192 “w
145 3082 308 3142 vindicavit.
350 3083 523 3160 Imperatore
542 3083 678 3142 suadente
688 3084 777 3162 jussit
799 3100 829 3145 ut
845 3087 1015 3163 symbolum
1030 3088 1061 3147 in
1075 3089 1172 3147 Missa
1193 3105 1345 3149 caneretur

20 3188 112 3270 ”44
145 3179 257 3248 Romae,
273 3179 349 3254 quod
364 3193 445 3238 antea
466 3198 525 3238 uon
550 3182 709 3249 consuevit,
724 3201 813 3256 quum
827 3182 899 3241 fides
915 3183 1046 3242 Romana
1059 3201 1177 3261 semper
1189 3187 1343 3244 mansisset

20 3262 123 3372 *W
144 3281 264 3356 integra.
309 3277 374 3336 Duo
390 3278 511 3336 concilia
531 3279 695 3338 Romanum
720 3292 748 3338 et
762 3280 918 3340 Ticinsuse
941 3282 1049 3340 habuit.
1092 3281 1174 3342 Obiit
1189 3297 1343 3362 postquam

47 3421 64 3482 Ι
82 3414 113 3509 7
145 3393 235 3445 anuos
251 3375 309 3433 fere
324 3374 475 3433 duodecim
486 3373 609 3443 sederat,
623 3393 699 3433 auno
716 3379 803 3434 1024.

20 3481 31 3510 t
94 3473 118 3516 l
187 3475 253 3530 145.
273 3471 412 3530 Josuuss
426 3469 522 3539 xlx„
536 3471 621 3529 frater
631 3471 756 3532 defuncti
770 3474 926 3549 pontificis,
940 3475 1091 3544 successit,
1107 3476 1241 3550 seditque
1254 3497 1345 3536 annos

20 3547 34 3629 1
54 3541 114 3640 6,
145 3588 261 3637 novem,
277 3568 426 3627 defunctus
441 3588 516 3626 anno
534 3573 619 3627 1034.

187 3670 254 3725 140.
266 3666 471 3733 1411414144
485 3665 551 3734 ΙΧ.,
561 3667 690 3742 juvenis,
701 3666 767 3743 (sed
778 3666 877 3726 decem
892 3688 982 3728 anuos
994 3670 1079 3748 louge
1092 3690 1234 3748 superans
1250 3684 1343 3738 aetate,

144 3762 180 3824 de
202 3781 239 3822 44
252 3763 338 3822 'enim
360 3763 459 3822 scribit
472 3762 504 3821 S.
529 3763 629 3822 Petrus
653 3764 787 3823 Damiani
811 3766 1012 3826 “miserabilis
1035 3768 1083 3827 ille
1098 3769 1133 3826 ab
1149 3770 1216 3846 ipso
1237 3771 1342 3829 funesti

145 3863 325 3942 pontificatus
340 3861 386 3920 sui
401 3861 555 3938 primordio
576 3881 667 3936 usque
684 3862 719 3920 ad
739 3863 826 3920 finem
842 3865 907 3921 vitae
922 3868 951 3924 irr
971 3865 1091 3925 luxuriae
1113 3886 1198 3926 coeno
1215 3882 1347 3928 versatus

143 3948 244 4040 est‚⁵’¹)
260 3963 291 4019 in
305 3958 402 4017 sedern
418 3963 440 4016 A
445 3959 613 4036 postolicam
628 3961 716 4037 patris
728 3961 773 4018 sui
783 3960 908 4020 Alberioi
921 3963 1080 4021 Tusculani
1089 3964 1206 4023 comitis
1218 3965 1349 4024 factione

143 4063 269 4119 intrusus
283 4069 337 4116 est.
378 4058 425 4116 Eo
439 4056 536 4115 sedem
553 4070 676 4126 tenente,
692 4058 807 4127 Poloni,
828 4061 866 4118 ob
880 4059 1026 4119 difficilem
1048 4062 1129 4138 regui
1145 4064 1351 4123 conditionem

143 4159 296 4234 petierunt,
321 4168 353 4212 ut
377 4153 532 4220 casimiro,
553 4155 694 4214 monacho
722 4156 784 4233 jam
808 4169 838 4214 ct
861 4157 994 4226 diacono,
1019 4157 1119 4217 liceret
1145 4160 1182 4218 ad
1208 4161 1352 4220 seculum

142 4252 265 4330 regredi,
281 4268 371 4324 quum
391 4249 481 4307 haeres
497 4248 570 4308 foret
585 4250 673 4326 regui.
718 4251 801 4310 Votis
821 4254 920 4311 annuit
944 4252 1129 4313 Benedictus.
1175 4256 1284 4316 Pulsus
1305 4262 1353 4314 est

142 4351 224 4409 Urbe
244 4348 425 4415 aRomanis‚
444 4347 493 4420 qui
516 4348 689 4406 intruserunt
711 4348 854 4408 Joaunem
877 4351 1051 4427 episcopum
1073 4352 1281 4423 Sabinensem‚
1296 4370 1348 4413 no·

135 4447 220 4506 'mine
236 4445 377 4522 sylvestri
393 4443 459 4514 111,
475 4464 551 4504 anno
568 4448 655 4503 1044.

503 4663 515 4724 (
560 4658 670 4724 L.i.ep.
683 4659 956 4733 1440111441444111
