2798 5092
427 306 482 367 DE
505 306 692 368 VlNOUhO
713 308 983 371 MATRIMONll.
1241 312 1297 369 tet

112 467 238 517 uxortua
253 461 352 530 fuerit,
367 466 481 522 conscia
495 466 609 530 sceleris
636 486 693 530 non
716 467 777 534 suit,
801 467 826 524 si
841 486 872 526 se
898 468 1042 526 continere
1056 487 1113 527 non
1128 467 1196 536 vult,
1213 468 1299 526 nubat

111 554 286 616 inDomino
314 561 361 617 cui
383 561 460 619 velit.
502 563 550 620 Tu
571 575 664 622 autem
690 573 718 622 et
738 564 861 623 adultera
882 566 944 622 sine
972 583 1023 642 spe
1045 565 1172 643 conjugii
1192 582 1299 641 perma-

108 654 240 723 neatis.¹'’

139 747 231 828 Resp.
253 749 288 810 ln
303 751 416 811 decreto
431 754 480 813 illo
494 757 592 814 uxoris
606 757 773 817 vocabulum
789 757 844 815 lato
856 776 941 815 sensu
956 767 1106 837 usurpatur
1120 775 1172 835 pro
1187 773 1295 835 sponsa

105 843 261 927 defuturo,
278 849 318 907 uti
333 868 370 907 ex
391 849 448 908 illis
464 853 574 910 verbis:
599 862 757 911 “neutram
782 853 885 913 habeas
896 853 916 882 '’
931 854 1080 931 colligitur.
1108 853 1193 912 Vetat
1206 853 1293 931 igitur

105 942 240 1003 Pontifex
251 965 288 1003 ne
300 947 513 1007 matrimonium
530 950 638 1008 ineatur
652 951 697 1009 vel
722 971 787 1010 cum
808 970 924 1029 sponsa,
939 951 985 1009 vel
999 951 1062 1027 ejus
1084 969 1180 1010 sorore
1196 950 1302 1018 vitiata,

106 1056 188 1119 quam
222 1043 378 1103 adulteram
405 1057 487 1104 vocat
510 1048 547 1106 ob
561 1048 692 1107 violatam
714 1049 800 1108 fidem
833 1051 893 1109 viro
925 1050 1070 1128 sponsalia
1106 1047 1298 1107 contrahendo

105 1142 267 1217 prestitam.
311 1143 423 1203 Perstat
437 1146 591 1205 etiamnum
608 1147 662 1205 hoc
677 1147 924 1225 impedimentum.

140 1243 191 1297 55.
216 1239 285 1320 otj.
301 1244 329 1299 4.
353 1241 464 1301 Durum
479 1255 524 1301 est
536 1257 564 1302 et
585 1244 726 1318 iniquum,
748 1247 928 1306 innocentem
944 1246 1009 1323 cogi
1024 1247 1069 1305 vel
1082 1244 1116 1303 ad
1132 1264 1230 1304 secum
1253 1262 1296 1302 re·

108 1334 250 1393 tinendam
266 1335 430 1405 adulteram,
445 1338 491 1396 vel
505 1338 540 1396 ad
555 1341 757 1398 continentiam
770 1342 907 1420 integram
923 1341 1100 1401 servandam.

138 1430 231 1512 Reap.
255 1429 382 1493 Plurima
396 1436 523 1495 oriuntur
545 1438 726 1497 incommoda
750 1459 787 1498 ex
812 1440 1003 1499 indissolubili
1019 1439 1191 1499 matrimonii
1205 1456 1292 1509 nexu,

107 1547 164 1607 quae
179 1543 277 1589 tamen
291 1530 403 1589 efficere
419 1544 573 1607 nequeunt,
590 1546 620 1592 ut
630 1535 773 1593 vinculum
788 1556 804 1593 a
819 1536 882 1595 Deo
896 1537 1062 1614 impositum
1083 1537 1209 1595 humano
1220 1535 1295 1614 judi-

106 1627 145 1686 cio
159 1628 297 1686 solvatur.
340 1628 473 1688 Proiecto
495 1649 533 1688 ex
554 1633 680 1690 absentia
695 1643 743 1691 aut
762 1633 833 1692 rixis
857 1635 988 1713 conjugis
1003 1652 1080 1713 saepe
1094 1634 1182 1692 oritur
1195 1651 1293 1692 neces-

105 1819 149 1881 has
170 1839 238 1880 esse
264 1820 377 1896 divortii
391 1823 531 1901 legitimas
553 1827 678 1883 causas.l
718 1826 815 1884 Oritur
836 1828 921 1885 etiam
937 1826 1036 1886 eadem
1050 1827 1232 1886 continentia
1246 1844 1296 1883 ne·

104 1919 217 1977 cessitas
231 1938 270 1977 ex
284 1920 416 1999 conjugis
431 1921 541 1988 morbo,
558 1921 679 1995 aliisque
697 1923 848 1998 capitibus.
891 1924 964 1990 Quis
985 1934 1080 1982 tamen
1101 1922 1166 1982 inde
1182 1922 1296 1982 conclu·

106 2012 148 2074 det
161 2017 236 2074 solvi
253 2015 291 2074 ob
305 2008 471 2093 hujusmodi
492 2017 615 2075 rationes
633 2019 776 2076 vinculum
800 2019 971 2077 matrimonii
992 2020 1099 2097 posse?
1141 2019 1198 2085 Qui
1212 2019 1298 2095 igitur

103 2096 245 2171 infidelem
260 2122 424 2172 consortem
445 2125 544 2171 nactus
559 2122 612 2180 est,
639 2112 722 2172 debat
736 2124 784 2172 aut
802 2117 829 2172 ei
851 2115 999 2191 prenitenti
1021 2115 1179 2192 ignoscere,
1201 2113 1293 2171 autin

101 2208 200 2269 delicto
214 2222 445 2288 perseverantem
459 2210 545 2270 domo
565 2212 678 2288 ejicere,
691 2230 780 2285 seque
791 2213 928 2279 oratione,
944 2211 1064 2285 aliisque
1080 2213 1191 2289 pietatis
1208 2228 1288 2269 exer·

101 2308 171 2365 citiis
185 2321 285 2366 contra
298 2307 438 2368 daemonis
453 2309 603 2381 carnisque
618 2309 755 2386 impetum
772 2310 902 2367 munire:
926 2317 946 2345 ‘⁶
960 2309 1068 2368 Fidelis
1081 2308 1161 2367 Deus
1175 2324 1229 2377 est,
1242 2308 1290 2382 qui

98 2422 153 2463 uon
166 2406 290 2481 patietur
304 2423 354 2462 vos
378 2405 478 2462 tentari
491 2424 577 2482 supra
591 2405 620 2463 id
634 2405 710 2479 quod
730 2407 859 2482 potestis,
881 2405 932 2465 sed
946 2406 1030 2465 faciet
1045 2407 1130 2464 etiam
1146 2425 1213 2465 cum
1229 2415 1288 2464 ten·

99 2501 200 2559 tatione
215 2509 400 2576 proventum,
416 2512 447 2557 ut
462 2502 578 2576 possitis
593 2499 784 2559 sustinere.'‘⁵

137 2604 184 2658 56.
211 2597 280 2677 obj.
296 2603 325 2657 5.
347 2599 396 2657 Ex
409 2599 524 2657 vinculo
538 2601 587 2658 illc
599 2613 738 2678 perpetuo
752 2601 830 2660 nulla
842 2603 1004 2660 auctoritate
1016 2600 1154 2661 solvendo
1169 2601 1292 2679 plurima

97 2700 128 2756 iu
141 2699 308 2756 societatem
323 2696 485 2756 derivantur
499 2699 573 2757 mala
601 2718 667 2759 nam
683 2701 750 2758 rixae
769 2701 921 2777 jurgiaque
948 2710 1085 2776 perpetua
1098 2702 1195 2777 vigent
1219 2702 1291 2759 inter

96 2797 246 2874 conjuges,
261 2795 311 2869 qui
325 2805 355 2853 et
367 2795 444 2854 cade
458 2815 489 2854 se
504 2815 520 2854 e
534 2799 668 2855 servitute
684 2799 731 2855 illa
745 2797 896 2856 durissima
912 2796 1064 2871 aliquando
1079 2799 1208 2857 liberant.

134 2891 225 2972 Resp.
247 2893 323 2960 Quae
337 2893 465 2950 oriuntur
478 2893 552 2951 mala
565 2893 634 2951 vitio
659 2894 814 2970 conjugum
839 2893 986 2951 tribuenda
1010 2903 1087 2962 sunt,
1104 2913 1161 2954 non
1177 2895 1291 2954 vinculo

96 3008 188 3058 sacro,
202 2988 282 3064 quod
298 2989 388 3067 pacis,
402 2988 562 3048 concordia
577 3001 605 3048 et
619 2990 707 3066 prolis
728 2989 882 3047 educandae
903 2991 1042 3067 optimum
1056 2999 1101 3047 est
1115 2986 1288 3065 presidium.

96 3089 123 3147 E
138 3100 238 3149 contra
252 3088 365 3147 divortii
376 3088 449 3146 sacta
462 3088 602 3157 facultate,
618 3089 758 3146 felicitatis
770 3088 934 3146 domesticae
947 3087 1052 3147 tollitur
1063 3087 1288 3154 fundamentum,

95 3186 213 3245 affectus
228 3186 307 3245 enirn
324 3185 374 3259 qui
390 3196 545 3263 perpetuus
560 3204 616 3243 non
632 3197 685 3253 eet,
701 3185 751 3242 sed
768 3184 890 3258 quodam
913 3203 1004 3243 rerunt
1020 3193 1123 3241 eventu
1138 3181 1288 3257 suspendi-

96 3294 152 3350 tur,
165 3302 223 3341 non
237 3291 282 3340 est
298 3282 389 3356 qualis
404 3281 484 3340 decet
497 3300 548 3339 eos
563 3283 659 3355 qui-se
674 3291 748 3340 totos
762 3283 816 3340 sibi
826 3283 949 3340 invicem
959 3280 1106 3340 tradidisse
1124 3290 1286 3338 censentur.

96 3380 176 3440 Hinc
190 3380 313 3458 plurima
326 3379 551 3456 gravissimaque
565 3380 595 3438 in
609 3380 773 3439 societatem
788 3381 861 3439 mala
875 3381 961 3439 veluti
976 3398 1012 3438 ex
1027 3379 1103 3438 fonte
1118 3377 1282 3445 manantia3

94 3478 231 3537 adulteria
244 3479 323 3537 euim
338 3478 408 3536 fiunt
428 3478 582 3551 aliqnando
607 3478 729 3537 divortio
760 3489 790 3537 ut
808 3478 889 3537 detur
912 3478 1019 3545 locus,⁴
1032 3477 1124 3536 caedes
1139 3477 1224 3535 etiam
1239 3495 1287 3552 pa·

96 3586 214 3647 tuantur,
228 3576 325 3652 proles
340 3574 487 3644 deseritur,
500 3584 528 3633 et
541 3575 611 3633 adeo
634 3576 856 3653 multiplicantur
875 3576 1004 3643 diuortia,
1019 3586 1050 3633 ut
1074 3575 1285 3633 matrimonium

94 3673 185 3735 videri
199 3675 292 3750 possit
305 3682 464 3731 contractus
485 3671 526 3733 ud
547 3672 770 3752 beneplacitum,
786 3675 847 3748 'qui
869 3692 1000 3751 magnam
1021 3691 1133 3732 morum
1152 3673 1206 3731 sert
1227 3690 1287 3730 cor·

95 3770 247 3848 ruptelam.

129 3929 173 3995 (1)
193 3920 277 3980 Causa
289 3929 368 3979 xxxii.
379 3945 419 3994 qu.
431 3929 473 3980 vii.
487 3945 539 3996 cap.
552 3929 712 3981 concubuisti

94 4058 96 4066 ,
128 4017 173 4082 (2)
193 4015 292 4066 Gomm.
303 4016 330 4066 in
339 4033 360 4067 c.
371 4017 413 4067 vii.
428 4019 449 4066 1.
461 4032 499 4083 ep.
511 4016 541 4066 ad
552 4015 608 4067 Cor.
620 4032 660 4067 an.
674 4018 739 4065 152³
750 4017 831 4082 script.

129 4103 173 4169 (3)
193 4105 204 4154 Ι
217 4103 275 4154 Cor.
288 4104 365 4154 x.13.

129 4190 173 4256 (4)
192 4197 207 4221 “
214 4189 237 4239 It
248 4190 270 4239 is
276 4205 334 4254 very
346 4189 512 4255 questionabls
529 4189 638 4240 whether
657 4190 699 4240 the
709 4189 801 4254 facility
812 4189 872 4240 with
883 4188 966 4240 which
985 4189 1096 4239 dirorces
1114 4202 1161 4236 can
1184 4186 1213 4234 be
1233 4200 1288 4250 pro·

95 4275 167 4326 enred
177 4276 204 4325 in
216 4291 285 4325 some
296 4276 325 4325 of
333 4275 374 4325 the
384 4283 466 4335 states,
477 4277 507 4325 be
517 4283 562 4325 not
571 4276 711 4340 productiva
721 4276 751 4325 cf
763 4290 830 4325 more
850 4275 898 4326 evil
917 4275 978 4326 than
994 4273 1065 4338 good.
1099 4272 1122 4323 It
1138 4273 1159 4323 is
1176 4272 1288 4324 doubtful

95 4363 201 4413 whether
212 4379 276 4414 even
288 4363 397 4412 divorces
407 4364 444 4413 for
455 4363 565 4428 adultery
576 4363 607 4412 do
619 4372 663 4413 not
674 4363 727 4413 lead
738 4371 764 4413 to
783 4362 858 4413 much
866 4363 936 4415 haud
947 4362 996 4414 and
1015 4360 1162 4425 corruption.
1196 4360 1209 4410 I
1227 4361 1289 4411 have

95 4447 141 4498 had
151 4451 263 4499 occasion
276 4455 303 4497 to
314 4447 413 4507 bebere,
425 4448 452 4497 in
463 4448 504 4498 the
515 4449 622 4499 exorciso
629 4449 658 4498 of
663 4465 679 4498 a
685 4448 788 4515 judicial
800 4447 947 4510 cogninauce
958 4462 1016 4497 over
1035 4460 1168 4496 numerous
1186 4463 1254 4497 cases
1265 4447 1294 4497 ol

96 4532 193 4595 diceres,
202 4535 258 4585 that
268 4533 312 4582 the
329 4532 369 4581 sin
380 4531 409 4581 ol
424 4532 534 4597 adultery
544 4549 595 4582 was
615 4535 753 4584 sometimes
764 4533 905 4584 committed
916 4549 949 4583 on
961 4532 1003 4582 the
1017 4538 1072 4597 part
1082 4531 1157 4583 citha
1167 4532 1287 4593 husband,

95 4620 129 4670 scr
139 4620 179 4672 the
189 4637 250 4686 very
262 4632 369 4685 purpose
380 4618 409 4668 cf
415 4617 457 4668 tbs
468 4618 588 4669 divorce.”
622 4619 711 4670 Kent’s
723 4620 820 4670 Ocmm.
831 4619 879 4668 ecl.
890 4617 917 4669 ii.
932 4635 957 4680 p.
968 4617 1001 4668 iv.
1008 4618 1063 4669 lect.
1074 4618 1151 4670 xxvii.
1160 4633 1186 4668 n.
1199 4620 1254 4669 106.

673 4711 739 4766 ll*
