2812 5092
423 335 480 397 ult
500 333 636 395 SACRO
658 332 893 395 GOELIBATU.

540 1021 680 1083 CAPUT
701 1020 771 1080 xit.

395 1262 451 1314 DE
481 1260 627 1315 SAGRO
657 1258 922 1313 OOELIBATU.

257 1520 260 1526 1
352 1493 377 1565 ᾗ.
407 1489 431 1548 Ι.
455 1489 508 1557 ,ΒΕ
536 1506 709 1547 emersurus
736 1506 953 1554 aurrcmrnru.

99 1669 166 1725 136.
188 1665 357 1726 castitatem
382 1685 496 1725 servare
519 1664 622 1724 debent
646 1682 747 1723 omnes
768 1665 857 1724 sacris
878 1664 1025 1723 ordinibus
1039 1665 1178 1743 insigniti,
1192 1668 1269 1726 sive.

52 1781 96 1825 ,εκ
110 1773 177 1822 voto
198 1763 338 1841 implicito
354 1764 430 1837 quod
451 1763 596 1822 nonnullis
614 1762 723 1820 videtur
737 1764 875 1820 emissum
891 1782 908 1819 a
922 1761 1115 1831 subdiaconis,
1131 1762 1198 1823 dum
1221 1767 1256 1824 ab

57 1860 198 1938 episcopo
212 1861 314 1919 moniti
335 1861 499 1920 catitatem
507 1859 675 1918 servandam
690 1879 754 1917 esse
769 1860 795 1917 si
816 1858 946 1917 ordinem
963 1859 1044 1917 illum
1067 1861 1256 1936 susceperint,

55 1955 173 2016 adeum
188 1957 343 2026 accedunt;
363 1959 437 2025 sive,
460 1956 536 2030 quod
552 1957 645 2013 verius
662 1955 780 2022 videtur,
801 1975 839 2012 ex
866 1955 929 2032 lege
942 1955 1093 2014 Ecclesiae.
1136 1958 1258 2015 Subdia·

56 2055 124 2121 coui
135 2053 203 2120 olim
219 2072 253 2112 ea
267 2053 329 2131 lege
344 2073 402 2111 non
416 2052 671 2129 adstringebantur‚
688 2052 787 2109 saltem
805 2051 921 2124 ubique,
938 2071 1010 2124 quos
1034 2061 1128 2110 tamen
1144 2054 1170 2110 ei
1192 2054 1258 2110 sub-

53 2141 228 2231 je'ctcs'esse
244 2154 332 2212 voluit
347 2154 378 2210 S.
394 2152 455 2210 Leo
471 2152 621 2230 Magnus,²
635 2151 825 2209 etconcilium
839 2151 1043 2208 Aurelianense
1053 2150 1122 2209 ΙΙΙ.Ι
1163 2152 1259 2210 Graeci

57 2249 249 2310 subdiaconos
265 2251 338 2308 inter
351 2250 472 2308 clericos
484 2251 609 2307 minores
620 2258 813 2317 recensentes,
826 2249 860 2306 iis
872 2248 989 2305 liberam
999 2249 1162 2322 relinquunt
1175 2251 1261 2310 sacul-

59 2358 147 2408 tatem
157 2349 271 2426 nuptias
284 2340 402 2405 ineundi
416 2367 422 2404 :
440 2366 524 2419 quam
538 2346 667 2404 diaconis
677 2343 744 2404 verb
757 2359 785 2406 et
795 2345 970 2423 presbyteris
982 2345 1132 2424 denegant,
1146 2368 1261 2408 consor-

59 2445 131 2504 tium
144 2456 238 2503 tamen
247 2463 380 2509 uxorum,
394 2462 464 2517 quas
477 2455 540 2501 ante
552 2440 680 2501 ordinem
697 2461 808 2502 sacrum
821 2452 986 2519 susceptum
1003 2442 1152 2513 duxerant,
1170 2446 1261 2515 indul,-

58 2552 171 2620 gentes.
213 2539 413 2599 Sacerdotibus
440 2536 647 2597 hebdomadem
670 2539 715 2597 vel
736 2539 834 2597 saltem
857 2526 981 2597 triduum
1000 2541 1174 2599 continentia
1197 2557 1261 2601 ante

58 2636 193 2697 sacrificii
207 2637 425 2696 celebrationem
447 2636 656 2713 prescribitur:
681 2636 838 2714 Episcopis
863 2646 957 2694 autem
974 2636 1121 2696 coelibatus
1142 2640 1262 2699 omnino

59 2735 228 2814 injungitur.
273 2734 345 2793 Haec
361 2733 435 2810 apud
460 2752 511 2791 eos
533 2733 656 2792 obtinuit
678 2733 832 2811 disciplina
852 2753 869 2790 a
890 2733 996 2792 saeculo
1011 2734 1112 2794 saltem
1126 2738 1262 2813 septimo,

60 2830 185 2912 syuodo
199 2831 339 2890 'I'rullana
352 2831 499 2909 probante.

105 2919 239 2990 lam'De
254 2928 365 3006 origine
379 2927 451 3004 legis
477 2927 658 2985 continentie
682 2944 739 2998 qua
763 2935 894 2983 tenentur
914 2923 1010 2983 clerici
1028 2927 1149 3004 majores
1164 2931 1265 2999 acriter

62 3024 246 3102 disceptatur.
288 3025 367 3083 Inter
381 3024 575 3101 Protestantes
591 3025 706 3100 plurimi
730 3022 903 3099 Gregorium
919 3021 989 3080 Vll.
1002 3024 1065 3100 ejus
1081 3024 1187 3083 faciunt
1200 3047 1265 3085 auc·

64 3106 228 3199 toremtet
254 3141 317 3181 eam
343 3121 470 3196 iniquam
494 3141 570 3189 esse,
604 3131 633 3179 et
655 3121 785 3178 omnium
811 3120 944 3176 vitiorum
975 3118 1082 3178 fontem
1109 3123 1264 3193 clamitant,

66 3218 257 3298 vigilantium
272 3219 300 3277 in
316 3237 350 3276 eo
366 3219 478 3286 imitati,
497 3217 573 3291 quod
586 3217 824 3275 “continentiam
840 3217 984 3285 haeresim,
998 3216 1161 3294 pudicitiam
1176 3221 1266 3294 libidi-

65 3317 112 3377 nis
121 3314 327 3375 seminarium”
335 3319 488 3382 asserant?
499 3314 631 3387 quamvis
642 3333 700 3373 non
710 3312 805 3370 desint
817 3314 865 3385 qui
875 3312 1035 3371 coelibatum
1046 3316 1175 3390 probant,
1187 3315 1268 3376 dum-

67 3413 155 3474 modo
183 3432 272 3490 penes
305 3431 541 3485 unumquemque
570 3431 636 3470 eum
657 3410 770 3469 colendi
791 3409 936 3468 arbitrium
961 3423 1081 3470 maneat.
1123 3414 1267 3493 'l'heologi

69 3530 170 3572 omnes
182 3531 247 3570 vere
260 3511 392 3570 catholici
404 3511 475 3588 legis
486 3511 646 3584 aequitatem
660 3520 689 3568 et
697 3509 874 3567 sanctitatem
885 3522 1060 3584 agnoscunt:
1077 3511 1127 3568 sed
1139 3526 1269 3585 quaerunt

68 3620 164 3670 utrum
188 3609 337 3667 Christum
358 3609 460 3667 habeat
485 3619 640 3676 auctorem,
656 3595 891 3683 vet‘npostotos,
909 3606 953 3663 vel
974 3607 1114 3666 Ecclesiae
1129 3613 1288 3687 praesules'

44 3692 47 3697 ⁴
69 3707 253 3786 posteriores.
295 3706 328 3764 Id
344 3707 483 3764 tamenin
500 3706 633 3763 confesso
655 3704 731 3782 apud
746 3722 846 3763 omnes
861 3713 905 3761 est
919 3705 953 3762 ab
968 3704 1039 3780 ipsis
1052 3705 1192 3766 Ecclesiae
1214 3712 1270 3786 pri-

69 3806 189 3865 mordiis
208 3804 358 3880 plerosque
374 3803 539 3880 episcopos,
565 3804 760 3879 presbyteros,
785 3814 813 3859 et
832 3801 968 3859 diaconos
984 3801 1123 3880 integram
1139 3824 1269 3864 servasse

70 3901 285 3968 continentiam,
301 3918 493 3973 necunquam
509 3917 613 3956 uxores
638 3907 705 3975 post
724 3897 838 3956 ordines
856 3912 1007 3974 susceptos
1032 3898 1159 3957 duxisse.
1202 3901 1270 3960 Per·

71 4000 169 4058 ronius
185 4008 250 4074 post
265 3995 462 4054 Christianum
477 3994 593 4071 Lupum
619 4005 717 4052 censet
742 3991 817 4070 apud
841 3993 1001 4051 Orientales
1024 3995 1170 4052 coelibatus
1185 3984 1280 4057 disci·¹

72 4097 180 4174 plinam
196 4094 322 4152 moribus
340 4094 541 4170 plerorumque
556 4091 590 4148 ab
606 4091 687 4149 initio
708 4090 930 4166 comprobatam,
947 4110 1011 4149 esse
1027 4103 1119 4150 tamen
1138 4095 1282 4172 exempla¹

81 4213 144 4270 quae
159 4192 314 4252 ostendunt
326 4190 528 4250 continentiam
541 4190 574 4246 ab
586 4190 724 4247 uxoribus
737 4197 802 4247 aule
817 4188 1023 4248 ordinationem
1039 4189 1129 4248 ductis
1144 4191 1272 4253 districta

86 4293 151 4371 lege
166 4311 226 4350 non
239 4290 329 4349 fuisse
343 4291 516 4367 injunctam:
539 4308 623 4362 quam
639 4289 669 4346 iu
683 4287 852 4346 occidentali
865 4289 997 4346 Ecclesia
1009 4307 1123 4367 semper
1134 4292 1271 4369 viguisse,

82 4391 145 4468 lege
160 4411 176 4448 a
192 4391 224 4447 S.
239 4389 327 4448 Petro
343 4387 476 4454 derivata,
490 4397 651 4444 constanter
666 4396 751 4444 tenet.

345 4547 387 4612 (l)
408 4544 456 4608 Ep.
467 4544 518 4594 xiv.
529 4561 551 4594 c
562 4544 594 4594 iv.
606 4545 651 4595 col.
665 4547 723 4594 687.
735 4553 794 4595 torn.
806 4544 822 4594 i.
834 4544 883 4594 edit
894 4543 1009 4594 Ballerin.

348 4632 390 4696 (2)
411 4629 475 4679 Oen.
486 4630 511 4679 ii

349 4717 391 4783 (3)
411 4715 476 4766 Vide
487 4715 640 4780 Hiemmym.
652 4714 705 4765 adr.
717 4715 793 4777 Vigil.
