2798 5092
582 349 812 412 arruunrx.
1236 355 1298 415 m

105 539 108 545 ·
142 508 210 566 193.
231 505 430 568 Dsnmcrus
443 505 761 579 xl1.,antaasaaosua
775 507 812 569 ds
832 508 941 580 Fumo,
955 509 1071 571 uadorre
1091 508 1205 578 Gallus,
1219 519 1300 588 patre

104 603 245 674 molitore,
260 605 419 664 monachus
433 603 577 680 quondam
599 607 814 678 cisterciensis,
829 607 935 668 deiude
955 608 1118 680 cardinalis,
1133 611 1241 670 electus
1255 619 1301 669 est

101 701 232 779 pontifex
242 706 284 762 20
298 701 468 762 Decembris
482 702 584 763 eodem
596 722 681 774 anuo,
692 717 722 764 et
735 717 833 765 sancte
846 707 1018 784 gubernavit
1031 706 1193 767 Ecclesiam
1206 724 1299 782 usque

100 801 136 859 ad
166 800 276 859 obitum
305 803 345 858 at
372 800 482 878 Aprilis
512 804 600 860 1342.
656 800 797 862 Defiuivit
823 803 1047 863 coumusersiam
1075 803 1111 862 de
1142 805 1300 864 animarum

104 897 279 957 beatitudins
293 909 358 957 aute
372 897 448 958 diem
470 898 595 976 judieii:
616 899 815 976 religiosorum
836 899 969 960 ordinum
990 899 1170 978 disciplinam
1186 920 1299 979 promo·

104 996 164 1052 vit:
186 1012 219 1052 ss
245 993 376 1070 praestitit
402 994 617 1072 integerrimum
645 995 675 1055 iu
696 996 871 1055 sanctissimi
896 997 1024 1056 muueris
1044 998 1193 1067 exercitio,
1214 1009 1244 1056 et
1263 998 1299 1058 ab

102 1092 185 1152 omui
210 1090 437 1168 propinquomm
463 1090 560 1151 studio
583 1091 718 1152 alienum.
760 1093 915 1153 Sanctitate
942 1103 973 1153 et
995 1094 1139 1154 miraculis
1164 1095 1301 1155 claruisse

99 1187 230 1247 refertur.

145 1289 214 1343 196.
236 1285 383 1344 Canauna
399 1282 465 1353 VL,
480 1295 562 1343 autea
576 1285 679 1344 Petrus
694 1287 847 1364 Rogemus,
863 1288 977 1347 natione
988 1287 1100 1356 Gallus,
1112 1287 1300 1347 exmonacho

100 1380 290 1441 Benedictino
306 1398 357 1457 per
372 1380 489 1440 honoris
504 1380 607 1458 grsdm
622 1382 657 1440 ad
673 1383 868 1460 pontificatum
885 1383 998 1443 taudem
1008 1393 1123 1442 evectus
1139 1390 1210 1443 esti
1224 1383 1299 1461 Maji

103 1477 149 1536 die
168 1481 255 1536 1342.
296 1476 423 1535 Plurima
439 1477 505 1536 lecit
520 1478 655 1554 praeclara
669 1478 804 1538 undecim
818 1498 909 1538 anuos
925 1498 997 1554 qnos
1012 1479 1103 1538 tenuit
1117 1479 1194 1538 Petri
1206 1478 1301 1538 cathe-

102 1574 192 1633 dram.
235 1572 454 1652 Flagellautium
484 1585 591 1633 sectam
620 1572 780 1644 damnavit;
814 1595 913 1654 pacem
942 1576 1105 1654 principum
1133 1576 1296 1653 promovit;

100 1673 265 1732 christianis
279 1693 296 1730 a
310 1672 415 1731 'furcis
430 1672 578 1750 oppressis
593 1672 820 1732 subveniendum
838 1675 927 1752 jussit
940 1692 948 1742 3
972 1673 1090 1733 Graecos
1113 1673 1147 1733 ad
1160 1674 1297 1734 unitatem

102 1772 213 1831 studuit
227 1788 371 1840 revocare,
387 1771 706 1849 Armenosquescripta
718 1771 753 1830 ad
777 1770 999 1832 Consolatorem
1021 1773 1166 1833 Armeniae
1189 1773 1297 1833 Catho-

99 1871 190 1929 licum
205 1868 329 1948 epistola
337 1867 461 1940 edocuit,
477 1888 543 1928 rere
558 1869 701 1929 maximus
717 1867 856 1948 pontifex.
898 1870 1082 1930 Sancteobiit
1096 1875 1115 1929 4
1129 1871 1299 1931 Decembris

102 1973 191 2028 1352.
935 2012 938 2027 .

141 2070 210 2126 197.
231 2065 437 2126 Innocarrrrus
449 2064 515 2135 VL,
532 2064 645 2139 Gallus,
660 2074 744 2125 autea
756 2066 921 2143 Stephanus
935 2065 1056 2134 alberti,
1072 2065 1179 2125 electus
1193 2069 1227 2123 18
1242 2065 1300 2124 De·

100 2165 224 2224 cembris
239 2164 285 2223 die
301 2182 353 2242 per
373 2164 473 2224 decem
499 2163 557 2222 fere
572 2181 662 2222 annos
677 2163 761 2232 sedit,
783 2163 934 2223 defunctus
959 2166 994 2221 12
1017 2162 1194 2240 Septembris
1211 2166 1297 2222 1362.

99 2266 205 2324 Statuit
220 2264 358 2324 beneficia
372 2264 553 2332 conserenda,
569 2260 702 2321 doctriua
717 2275 746 2321 et
766 2263 879 2341 pietatis
892 2280 972 2340 ergo,
987 2280 1044 2321 uon
1065 2262 1188 2340 generis.
1231 2261 1298 2322 tte-

100 2383 180 2423 reses
195 2363 290 2422 delere
305 2363 417 2441 sategit,
435 2362 614 2445 plurimaque
629 2363 742 2439 egregie
757 2361 877 2438 peregit.

143 2465 210 2521 198.
227 2461 372 2520 Unaarvus
392 2461 438 2529 tt,
450 2473 532 2518 antea
547 2459 721 2518 Guillelmua
735 2458 930 2528 Grimoaldus,
938 2459 1051 2517 natione
1063 2456 1175 2528 Gallus,
1191 2458 1298 2519 electus

100 2571 144 2620 est
157 2564 196 2620 23
211 2559 389 2637 Septembris
404 2558 449 2617 die
465 2556 566 2616 eodem
582 2576 667 2617 anno.
709 2557 757 2616 Eo
778 2576 873 2617 coram
896 2556 1023 2616 Joauues
1047 2556 1230 2634 Paleologus‚
1246 2557 1299 2617 im·

100 2669 213 2735 perator
227 2658 404 2723 Graecorum,
421 2655 540 2733 ejuravit
554 2655 690 2713 schisma.
732 2654 777 2713 Ad
790 2654 999 2712 restaurandam
1012 2652 1192 2730 disciplinam
1208 2654 1299 2712 eccle·

98 2757 242 2815 siasticam
260 2765 331 2812 totas
345 2753 473 2812 exseruit
487 2752 561 2809 vires
576 2752 702 2827 optimus
717 2750 858 2826 pontifex.
893 2749 1015 2807 Romam
1031 2749 1197 2807 rediitauno
1211 2754 1297 2817 1387,

99 2875 117 2912 a
129 2872 187 2928 qua
202 2853 317 2910 aberant
330 2851 364 2908 ab
380 2849 461 2908 initio
475 2848 534 2907 sere
549 2848 634 2925 hujus
658 2847 754 2905 saculi
780 2847 843 2925 ejus
858 2857 1063 2904 antecessores.
1106 2845 1240 2904 Mortuus
1256 2856 1300 2905 est

99 2950 260 3015 Arcuioue,
276 2966 333 3020 quo
349 2947 525 3024 negotiorum
542 2963 628 3003 causa
642 2944 740 3012 iverat,
756 2947 774 3001 9
790 2942 957 3001 Decembris
976 2945 1062 3008 1370,
1072 2942 1216 3001 miraculis
1235 2956 1301 3020 post

99 3058 221 3109 mortem
237 3047 342 3105 clarus.
821 3054 824 3059 ⁴

141 3148 208 3204 199.
232 3144 407 3202 Gnaconrus
418 3141 484 3210 ΧΙ.,
499 3142 612 3200 natione
629 3139 742 3208 Gallus,
758 3150 839 3197 autea
854 3138 955 3197 Petrus
971 3136 1123 3214 Rogcrius,
1138 3137 1298 3195 Clementis

98 3243 150 3302 vt.
168 3262 204 3301 ex
219 3243 301 3301 fratre
318 3204 485 3308 Guillelhro,
499 3241 603 3297 comite
624 3236 775 3305 Bellortio,
803 3254 903 3313 nepos,
920 3247 1104 3294 consecratus
1119 3245 1163 3293 est
1185 3238 1202 3292 5
1228 3234 1298 3293 Jan·

97 3344 169 3402 uarii
188 3345 273 3401 1371.
316 3339 421 3399 Sedem
437 3337 678 3397 Romaerestituit
697 3341 737 3395 27
757 3334 887 3394 Januarii
912 3339 996 3394 1377.
1038 3332 1122 3392 Fidei
1137 3332 1232 3391 studio
1249 3333 1301 3391 fla·

96 3440 198 3520 gravit,
214 3450 242 3497 et
255 3437 397 3497 Ecclesia
407 3436 473 3513 jura
493 3447 607 3493 strenue
622 3433 788 3500 vindicavit,
804 3430 1101 3490 excommunicatione
1115 3429 1172 3489 lata
1189 3430 1217 3489 iu
1234 3429 1300 3489 Flo·

97 3537 225 3596 rentiuos
240 3536 276 3593 ob
293 3553 328 3592 ea
341 3531 454 3591 violata.
497 3531 550 3590 Pie
563 3531 634 3588 obiit
650 3534 686 3590 17
702 3528 799 3587 Martii
819 3530 907 3589 1378.

135 3639 206 3695 200.
224 3632 366 3693 Unaarvus
382 3629 539 3699 v1.‚anrea
551 3628 779 3687 Bartholomaeus
793 3626 965 3703 Priguanus,
977 3625 1067 3703 patria
1078 3623 1298 3702 Neapolitanus,

96 3731 371 3811 etgarchiepiscopus
384 3727 529 3796 Batanaia,
541 3729 559 3784 8
570 3727 616 3785 die
629 3725 737 3803 Aprilis
751 3724 857 3783 electus
870 3731 923 3791 est,
936 3732 964 3781 et
979 3722 1013 3780 ad
1028 3727 1065 3781 15
1078 3721 1153 3782 diem
1165 3722 1297 3781 Octobris

98 3851 174 3893 anuo
192 3833 267 3890 1389
283 3830 364 3888 vixit.
406 3826 514 3886 lndclia
530 3826 684 3903 asperioris
700 3824 803 3881 dicitur
817 3822 916 3890 fuisse,
932 3839 988 3894 qua
1002 3839 1032 3878 re
1047 3821 1216 3881 exculcerati
1233 3829 1301 3879 sunt

98 3930 284 3991 cardinalium
299 3925 449 3986 Gallorum
467 3924 566 3982 animi.

137 4030 216 4089 Dum
239 4025 374 4085 conclave
398 4022 549 4080 haberetur
573 4019 608 4077 ad
630 4034 824 4077 successorem
842 4014 976 4091 Gregorii
997 4013 1214 4093 designandum,
1230 4013 1298 4071 irru-

97 4139 184 4189 eruut
195 4123 331 4190 Romani,
347 4120 532 4179 inclamantes
548 4116 723 4181 Romanum,
740 4114 784 4171 vel
798 4111 901 4171 Italum
918 4110 1018 4169 saltem
1034 4109 1208 4187 eligendum,
1222 4128 1299 4168 vere·

99 4230 201 4287 bantur
215 4224 293 4282 euim
308 4239 343 4279 ne
355 4218 457 4277 Gallus
472 4215 624 4294 eligeretur
639 4214 687 4288 qui
702 4212 882 4270 Aveniouem
897 4229 929 4268 sc
938 4208 1088 4268 conferret.
1132 4207 1213 4266 Metu
1226 4209 1299 4267 sacta

97 4325 205 4384 electio
219 4332 279 4379 rata
299 4318 396 4378 haberi
411 4317 473 4374 visa
488 4324 542 4381 est,
557 4311 746 4372 cardinalibus
768 4327 819 4386 per
839 4317 960 4381 quatuor
974 4323 1088 4364 meuses
1111 4304 1227 4363 Urbano
1251 4306 1300 4364 ub·

96 4419 341 4500 temperantibus;
363 4412 414 4474 sed
430 4413 567 4489 deinceps
588 4409 723 4468 tredecim
749 4407 918 4484 aufugerunt
931 4403 1103 4480 anagniam,
1119 4412 1147 4461 et
1163 4403 1221 4460 viru
1243 4405 1297 4461 sihi

98 4522 205 4582 illatam
220 4525 420 4595 praetexentes,
435 4511 470 4572 ad
485 4528 588 4571 novam
604 4507 784 4571 electionem,
800 4522 863 4577 quas
876 4501 966 4560 libera
985 4499 1067 4566 foret,
1080 4499 1294 4578 procedendum

96 4620 252 4679 duxeruut.
295 4611 351 4672 Die
365 4612 451 4690 igitur
464 4616 500 4671 21
524 4607 702 4687 Septembris
722 4622 796 4662 auno
819 4604 895 4662 1378
912 4599 1056 4659 Robcrtus
1078 4597 1293 4662 Gebennensis,

96 4720 215 4780 nomine
231 4711 390 4772 Clementis
406 4710 500 4782 vtlt,
516 4706 680 4784 designatus
694 4713 748 4764 est.
792 4700 971 4761 Gravissima
993 4697 1195 4765 controversia,
1210 4704 1239 4754 et
1255 4693 1296 4751 di-
