2798 5092
205 222 317 331 *a

129 340 169 401 df)
552 340 608 404 DE
627 344 900 408 episcopare.

622 889 762 950 CAPUT
782 890 838 952 111.

529 1143 584 1195 DE
620 1144 932 1201 EPISGOPATU.

170 1376 219 1432 40.
241 1372 450 1450 Episcopatum
465 1371 590 1431 diximus
604 1372 754 1432 sacerdotii
768 1392 832 1432 esse
844 1373 1051 1451 plenitudinem
1065 1384 1094 1432 et
1108 1372 1325 1451 perfectionem,

130 1488 218 1543 quum
233 1480 400 1548 potestatem
416 1471 486 1529 ferat
500 1470 563 1529 aliis
585 1470 814 1529 communicandi
838 1461 1082 1538 sacerdotiumet
1101 1470 1201 1529 fideles
1222 1471 1326 1549 guber-

131 1568 228 1627 nandi.
271 1568 374 1627 Utrum
389 1569 428 1626 sit
440 1579 680 1627 sacramentuma
700 1567 858 1628 sacerdotio
879 1570 1044 1628 distinctum
1067 1569 1140 1628 inter
1154 1569 1325 1647 Theologos

129 1666 272 1739 quaeritur,
287 1684 406 1739 quorum
433 1666 572 1723 sententia
596 1664 741 1722 affirmans
766 1666 849 1722 nobis
876 1667 967 1742 magis
989 1665 1134 1743 probatur.
1176 1665 1326 1739 Equidem

131 1764 268 1839 Spiritum
284 1763 420 1822 Sanctum
435 1762 591 1840 episcopali
612 1763 826 1822 consecratione
848 1763 980 1832 conferri,
996 1783 1053 1822 non
1076 1782 1230 1841 possumus
1245 1763 1327 1823 dubi·

132 1871 200 1928 tare,
227 1879 314 1935 quum
339 1871 518 1918 consecrator
538 1860 630 1920 dicat:
653 1869 672 1896 ‘¹
686 1860 794 1937 Accipe
816 1860 954 1938 Spiritum
970 1861 1146 1930 Sanctum;”
1162 1879 1227 1934 quae
1242 1861 1329 1920 verba

128 1955 205 2015 haud
219 1955 321 2015 frustra
334 1956 452 2034 proferri
469 1975 505 2014 ex
520 1955 689 2014 'l'ridentina
703 1954 868 2015 definitione
883 1967 1002 2016 constat.
1044 1952 1202 2034 Apostolus
1216 1957 1328 2034 episco-

127 2072 181 2132 pos
196 2054 331 2133 aSpiritu
348 2055 452 2113 Sancto
467 2055 634 2113 constitutos
650 2053 680 2112 in
694 2052 835 2112 Ecclesia
856 2055 984 2132 regimen
1000 2054 1093 2122 tradit,
1117 2073 1239 2117 monens
1254 2073 1329 2128 quos

127 2153 248 2230 Epheso
273 2154 477 2212 arcessiverat:
501 2151 678 2211 “Attendite
704 2152 795 2217 vobis,
820 2162 849 2209 et
875 2154 1009 2212 universo
1029 2156 1119 2231 gregi,
1141 2154 1171 2212 in
1197 2172 1256 2228 quo
1274 2173 1326 2214 vos

128 2252 252 2328 Spiritus
278 2253 399 2309 Sanctus
423 2249 519 2326 posuit
543 2250 697 2325 episeopus
722 2267 821 2326 regere
846 2249 1009 2308 Ecclesiam
1039 2250 1146 2310 Dei.’‘¹
1200 2252 1272 2320 Quae
1294 2251 1329 2310 de

128 2349 230 2418 Paulo,
245 2358 274 2407 et
287 2349 426 2415 Bernaba,
442 2346 518 2406 etde
534 2347 701 2414 Timotheo,
723 2345 894 2406 adduximus
917 2348 989 2418 loca,
1004 2349 1198 2426 episcopalem
1224 2369 1326 2409 conse·

128 2446 283 2504 orationem
298 2454 444 2522 spectant3
466 2443 541 2502 unde
563 2452 639 2520 patet
659 2445 776 2521 gratiam
798 2463 831 2502 ea
853 2445 985 2515 conferri,
1002 2456 1031 2504 et
1044 2464 1107 2505 eam
1122 2465 1187 2504 esse
1201 2446 1325 2524 proinde

129 2554 345 2602 sacramentum.
388 2541 462 2619 Ejus
476 2541 620 2600 distinctio
634 2561 650 2600 a
664 2541 823 2599 sacerdotio
837 2543 961 2620 simplici
976 2543 1119 2622 colligitur
1138 2562 1175 2602 ex
1191 2554 1327 2621 praestan·

129 2641 193 2699 tiori
207 2658 291 2714 quam
307 2639 416 2698 confert
428 2647 566 2716 potestate
581 2637 616 2695 ad
631 2638 721 2716 plura,
738 2638 840 2711 quibus
855 2638 1013 2698 efficiendis
1030 2641 1085 2700 hoc
1100 2658 1217 2718 prorsus
1232 2641 1327 2720 impar

130 2746 183 2794 est.

167 2836 217 2891 41.
239 2831 285 2890 De
299 2829 402 2910 gradus
417 2830 580 2889 discrimine
596 2829 674 2888 nulla
687 2840 781 2907 potest
796 2831 904 2890 moveri
918 2832 1049 2905 questio,
1064 2831 1142 2890 salva
1163 2830 1231 2900 fide,
1246 2830 1326 2893 dam·

129 2939 267 2989 natusest
280 2930 368 2997 enim,
383 2928 482 3001 quinto
497 2927 603 2986 saeculo
618 2927 748 2995 ineunte,
765 2927 844 2985 Aerii
855 2946 933 2986 error
944 2927 973 2986 id
987 2929 1126 3006 negantis,
1142 2938 1226 3005 prout
1244 2929 1329 2988 refert

127 3026 159 3085 S.
176 3025 356 3102 Epiphanius
370 3044 377 3081 :
400 3033 420 3098 ‘f
430 3024 487 3081 Est
499 3036 592 3083 autern
602 3022 678 3082 illine
692 3022 797 3100 dogma
811 3042 896 3100 supra
910 3023 1037 3082 bominis
1053 3034 1167 3100 captum
1183 3024 1325 3084 furiosum

128 3133 157 3182 et
169 3123 304 3181 immane.
345 3122 490 3198 Imprimis
505 3122 602 3179 enims
626 3120 757 3187 Quanam
778 3121 882 3194 inquit,
897 3121 971 3179 inre
986 3121 1154 3198 presbytero
1169 3122 1326 3201 episcopus

129 3221 294 3282 antecellitl
337 3221 463 3279 Nullum.
483 3220 557 3277 inter
577 3229 729 3292 utrumque
753 3218 906 3278 discrimen
921 3229 973 3279 est.
1016 3220 1072 3279 Est
1085 3221 1162 3279 enim
1177 3221 1326 3283 amborum

126 3339 199 3380 unus
219 3318 300 3386 ordo,
315 3337 366 3395 par
379 3328 408 3375 et
427 3317 503 3374 idem
527 3316 619 3374 honor
638 3329 667 3373 et
688 3315 820 3393 dignitas.
863 3317 991 3376 ‘Manus
1007 3317 1129 3395 imponit
1143 3317 1323 3396 episeopus;

126 3418 249 3496 imponit
261 3426 291 3475 et
303 3416 469 3493 presbyter:
491 3415 615 3490 baptizat
628 3414 781 3491 episcopus
795 3433 803 3483 3
823 3413 898 3473 idem
913 3415 981 3473 facit
994 3426 1022 3473 et
1035 3415 1195 3493 presbyter.
1237 3415 1326 3494 Epis·

126 3533 216 3593 copus
231 3514 261 3572 in
274 3513 376 3571 throno
391 3511 491 3570 sedet:
514 3511 632 3570 sedetet
643 3512 801 3589 presbyter.
844 3511 901 3570 llis
913 3512 942 3570 in
958 3511 1059 3590 vulgus
1071 3512 1198 3589 jactatis,
1214 3513 1328 3590 pleros·

130 3631 186 3688 que
201 3613 231 3671 in
245 3629 368 3670 errorem
390 3610 521 3678 adduxit,
532 3628 653 3682 quorum
668 3620 752 3669 seetae
775 3610 908 3688 princeps
923 3610 1063 3669 extitit.”⁹
1101 3611 1237 3670 Errorem
1252 3611 1329 3671 hunc

127 3711 252 3790 amplexi
263 3722 330 3769 sunt
342 3709 522 3788 Albigenses,
538 3707 720 3777 Waldenses,
734 3708 916 3768 Wiclrleffus.
952 3707 1101 3778 Calvinus,
1121 3710 1251 3788 episcopi
1270 3712 1327 3770 ori·

127 3810 223 3888 gisem
238 3808 280 3866 sic
294 3805 395 3865 refert:
421 3805 561 3873 “Quibus
573 3824 641 3883 ergo
653 3803 774 3864 docendi
790 3825 893 3865 munus
905 3807 1064 3884 injunctum
1077 3818 1146 3874 crat,
1159 3825 1209 3865 eos
1223 3825 1326 3867 omnes

125 3904 310 3965 nominabant
323 3902 515 3978 presbyteros.
557 3901 602 3960 llli
619 3920 656 3960 ex
670 3920 723 3960 suo
738 3920 857 3961 numero
870 3903 898 3960 in
913 3902 1036 3980 singulis
1057 3901 1219 3960 civitatibus
1234 3921 1324 3963 unum

126 4003 277 4080 eligebant,
293 4001 339 4059 cui
350 3999 510 4076 specialiter
523 3999 626 4058 dabant
640 3999 753 4058 titulum
767 4000 896 4077 episcopi
910 4020 917 4058 ε
933 4017 969 4058 ne
981 4019 1018 4058 ex
1030 3999 1201 4072 equalitate,
1217 4011 1247 4058 ut
1260 4000 1324 4060 fieri

124 4099 208 4166 solet,
221 4096 340 4156 dissidia
354 4108 544 4154 nascerentur.
586 4097 691 4169 Neque
706 4109 800 4155 tamen
813 4090 856 4154 sie
871 4096 978 4155 honore
993 4106 1022 4155 et
1036 4094 1172 4172 dignitate
1192 4101 1325 4174 superior

126 4193 363 4271 cratepiscopus‚
387 4203 418 4251 ut
437 4190 596 4251 dominium
619 4193 649 4250 in
663 4192 788 4270 collegas
809 4192 945 4251 haberet:
967 4190 1019 4249 sed
1034 4208 1104 4264 quas
1126 4199 1219 4268 partes
1237 4191 1324 4252 habet

124 4289 224 4349 consul
238 4289 269 4348 in
282 4300 392 4357 senatu,
415 4297 445 4345 ut
459 4286 560 4345 referat
572 4287 609 4347 de
623 4288 755 4364 negotiis,
772 4288 926 4346 sententias
951 4298 1041 4364 roget,
1057 4284 1244 4353 consulendo,
1260 4305 1320 4346 rna·

124 4383 229 4455 nendo,
251 4383 390 4444 hortando
418 4384 481 4442 aliis
502 4393 616 4460 praest,
638 4383 801 4461 auctoritate
822 4402 874 4441 sua
894 4391 985 4440 totam
1006 4381 1148 4440 actionem
1180 4390 1270 4457 regat,
1293 4394 1322 4441 et

590 4577 632 4644 (1)
652 4577 760 4628 Aean.
772 4580 814 4628 28.

589 4662 631 4729 (2)
650 4661 793 4713 Henlxxv.
