2798 5092
508 354 564 417 DE
585 352 773 415 VIRGlNlS
793 351 946 415 CULTU.

448 676 474 751 §.
489 673 542 735 tv.
573 672 621 733 Da
636 688 835 732 autocratore
850 668 1007 730 Dameam.

179 923 244 979 100.
265 913 339 977 lllud
353 914 427 973 iuter
438 912 532 973 cultus
546 911 652 971 indicia
666 908 767 970 meritd
782 919 945 969 recensetur
958 905 1034 981 quod
1048 925 1152 985 preces
1167 922 1339 973 sanctorum

136 1024 312 1095 expetantur.
355 1011 420 1071 Hac
439 1011 470 1070 in
495 1021 574 1087 parte
601 1009 757 1088 prasertim
778 1007 866 1066 claret
885 1005 1025 1064 Ecclesia
1040 1022 1108 1081 erga
1122 1006 1338 1071 Beatissimam

136 1112 283 1191 Virginem
295 1108 420 1175 devotio,
433 1124 548 1184 semper
560 1106 636 1164 enim
650 1113 859 1163 consueverunt
871 1120 971 1180 preces
985 1099 1020 1158 ad
1034 1118 1097 1159 eam
1114 1102 1208 1173 luridi,
1224 1118 1258 1166 ut
1273 1109 1338 1185 ipsa

134 1230 187 1291 pro
200 1209 283 1269 uobis
295 1206 371 1286 apud
386 1204 482 1265 Deum
505 1201 668 1263 intercedat.
711 1202 792 1262 Piam
816 1202 890 1260 hanc
910 1196 1147 1260 cousuetudinem
1170 1204 1294 1279 probare
1308 1216 1338 1264 ct

135 1307 206 1367 tueri
216 1306 307 1384 juvat.

638 1510 824 1555 ΡΒΟΡΟΒῙἮΟ.

175 1658 227 1719 Eu
248 1676 361 1737 semper
382 1653 484 1734 viguit
504 1654 682 1715 consuetudo
703 1654 736 1713 in
748 1651 886 1713 Ecclesia
902 1650 1053 1715 Cotltolicu
1073 1662 1109 1716 ut
1126 1652 1340 1717 Sanctissimae

136 1755 248 1815 Matris
259 1754 319 1814 Dei
328 1771 430 1833 precer
442 1751 524 1831 opud
536 1750 636 1811 Deum
646 1757 857 1829 repeterentur.

176 1852 329 1913 Probatur
342 1850 369 1910 1.
384 1850 516 1910 Petrum
528 1848 718 1909 testimoniis.
1196 1912 1201 1921 Ι

178 1954 244 2009 104.
267 1950 299 2008 S.
315 1949 456 2008 laruatus
469 1955 615 2024 comparat
629 1945 751 2004 Mariam
764 1963 830 2004 cum
852 1944 936 2003 Esar
959 1945 1241 2015 “Quemadmodum
1255 1952 1337 2009 enim

137 2046 185 2106 illa
199 2064 251 2123 per
265 2044 424 2122 angelicum
444 2060 606 2101 sermonem
628 2039 745 2099 seducta
764 2050 819 2108 est,
833 2052 864 2098 ut
878 2040 1016 2118 effugeret
1029 2042 1135 2112 Deum,
1150 2044 1340 2120 prevaricata

138 2146 253 2204 verbum
265 2144 348 2221 ejus;
370 2143 408 2201 ita
422 2152 451 2201 ct
464 2140 526 2200 haec
540 2159 591 2219 per
605 2138 765 2216 angelicum
778 2156 941 2197 termonem
957 2141 1152 2218 evangelizata
1165 2154 1211 2199 est
1224 2151 1257 2200 ut
1271 2160 1339 2219 por·

138 2255 207 2302 taret
221 2241 337 2309 Deum;
359 2237 495 2298 obediens
515 2239 578 2315 ejus
599 2238 695 2295 verbo.
738 2234 778 2293 Et
797 2235 871 2293 sicut
890 2234 939 2293 illa
958 2237 1076 2296 seducta
1089 2251 1135 2296 est
1150 2248 1182 2297 ut
1194 2238 1340 2317 effugeret

138 2337 255 2403 Deum;
276 2337 318 2394 sic
342 2335 404 2394 hac
425 2352 511 2392 suasa
524 2342 568 2392 est
580 2331 695 2392 obedire
710 2330 784 2399 Deo,
800 2332 840 2389 uti
866 2348 996 2390 umatum
1024 2333 1098 2391 Eum
1113 2333 1214 2393 Vraao
1227 2335 1339 2395 Mun

139 2450 251 2494 rmaa‘r
265 2448 429 2489 invocans.
471 2429 511 2488 Et
524 2425 764 2503 quemadmodum
786 2425 951 2485 adstrictum
972 2438 1018 2486 est
1030 2429 1115 2488 morti
1128 2448 1220 2507 genus
1233 2429 1339 2489 hunua-

139 2550 208 2591 num
224 2547 276 2607 per
288 2527 449 2604 Virginem,
464 2526 587 2584 solvatur
601 2543 653 2602 per
667 2524 816 2600 Virginem
830 2542 838 2582 r
860 2542 942 2599 aequa
956 2524 1037 2584 lance
1052 2525 1202 2604 disposita,
1213 2526 1340 2605 virgina-

140 2629 176 2688 lis
200 2623 393 2685 inobedientia
406 2642 458 2701 por
473 2622 637 2700 virginalem
652 2619 890 2681 obedientiam.”¹
931 2621 1027 2682 Maria
1039 2623 1125 2701 igitur
1137 2642 1190 2683 sua
1202 2624 1339 2685 obedien·

141 2725 180 2783 tia
193 2724 232 2782 ita
246 2720 354 2800 placuit
367 2717 442 2788 Deo,
458 2731 489 2778 ut
504 2719 583 2776 fieret
596 2716 731 2777 advocata
751 2717 834 2787 Eva,
849 2717 925 2797 apud
946 2718 1041 2779 Deum
1067 2737 1119 2797 pru
1141 2720 1234 2799 culpae
1248 2739 1337 2796 quam

142 2823 206 2883 Eva
219 2820 335 2880 admisit
348 2820 431 2878 venia
442 2836 540 2896 mens.
568 2816 642 2897 Ejus
656 2815 732 2894 apud
746 2816 841 2877 Deum
853 2818 942 2895 gratia
956 2835 1009 2894 pro
1024 2828 1082 2877 toto
1093 2817 1220 2879 humanu
1231 2837 1339 2897 genere

142 2921 227 2981 morti
241 2917 375 2978 adstricto
389 2915 454 2975 inde
468 2915 567 2989 liquet.

184 3023 250 3078 105.
273 3019 305 3077 S.
320 3017 461 3083 Ernesti,
477 3015 580 3092 Syrus,
591 3014 712 3073 Mariam
727 3014 770 3072 sic
782 3013 953 3087 alloquitur:
970 3022 991 3051 ‘⁶
1004 3012 1064 3072 Sub
1078 3024 1159 3075 tuum
1170 3015 1338 3093 presidium

143 3116 335 3195 confugimus,
349 3112 377 3172 0
392 3113 498 3171 Sancta
511 3110 567 3170 Dei
583 3110 736 3171 Genitrix:
759 3110 812 3169 sub
826 3109 878 3168 alis
899 3109 1013 3189 pietatis
1034 3120 1118 3184 atque
1134 3111 1339 3173 misericordias

143 3227 198 3276 ture
213 3225 330 3294 protege
355 3222 384 3269 et
403 3207 513 3268 custodi
534 3227 597 3266 nos.
639 3208 778 3266 Miserere
800 3207 900 3271 nostri.
922 3208 972 3281 qui
996 3206 1127 3266 sordibus
1156 3219 1339 3284 peccatorum

144 3309 325 3391 conspurcati
338 3326 448 3375 sumus,
463 3307 512 3381 qui
527 3305 680 3364 sceleribus
694 3315 780 3379 atque
800 3303 911 3363 delictis
937 3304 1156 3384 quamplurimis
1171 3305 1339 3367 Creatorem

145 3409 240 3469 Deum
255 3415 383 3466 nostrum
397 3416 426 3461 st
442 3402 570 3480 judicem
591 3400 788 3460 universorum
808 3398 982 3459 offendimus
998 3420 1006 3459 ι
1028 3418 1064 3460 ne
1079 3399 1216 3460 adversus
1230 3421 1286 3461 uos
1300 3405 1343 3462 in·

146 3505 268 3563 solescat
280 3521 313 3560 ac
326 3499 461 3578 glorietur
475 3498 603 3557 Satanas.
627 3536 634 3553 .
657 3537 665 3553 .
689 3538 697 3554 .
720 3496 750 3554 N
752 3514 790 3557 cn
804 3495 886 3555 nobis
901 3497 950 3555 est
959 3495 1014 3554 alia
1027 3514 1113 3570 quam
1127 3496 1158 3556 in
1172 3510 1200 3555 te
1223 3498 1339 3558 fiducia.

147 3599 196 3659 Ex
220 3600 295 3657 uluis
320 3595 461 3671 siquidem
486 3592 618 3652 maternis
639 3592 689 3651 tibi
710 3592 797 3652 dediti
826 3611 937 3661 sumus,
958 3592 1084 3652 Domina
1111 3606 1217 3661 nostra.
1241 3582 1342 3672 tuique

147 3696 265 3757 clientes
279 3689 460 3770 appellati.'’⁵¹
488 3688 615 3748 Plurima
628 3689 683 3747 alia
697 3690 804 3765 passim
819 3691 848 3749 in
863 3691 926 3767 ejus
940 3690 1054 3767 scriptis
1068 3691 1261 3760 continentur,
1277 3712 1342 3766 quae

147 3789 301 3854 ostendunt
313 3804 412 3866 preces
435 3782 546 3843 adeam
568 3783 648 3843 fundi
668 3787 853 3844 consuevisse
878 3805 895 3843 a
919 3785 1051 3845 fidelibus
1076 3787 1218 3845 universis
1239 3804 1344 3860 quartu

149 3910 207 3967 quo
219 3886 316 3947 floruit
326 3881 441 3949 sacculo.
456 3900 490 3940 ex
507 3883 633 3959 priorum
648 3883 816 3942 saeculorum
831 3882 887 3941 fide
901 3897 930 3942 et
943 3883 1100 3942 traditione.

190 3991 256 4048 106.
277 3983 427 4047 Bastarna,
442 3979 720 4048 &lacrimosam
734 3982 776 4039 sic
788 3982 958 4060 compellat:
975 3991 994 4018 ‘⁶
1006 3981 1031 4040 Ο
1045 3982 1134 4060 virgo
1145 3984 1340 4056 sanctissima,

149 4099 180 4146 ut
193 4087 257 4162 quia
271 4083 390 4143 honesta
411 4096 532 4153 quaeque
548 4098 581 4138 ac
594 4080 719 4157 gloriosa
731 4079 766 4138 de
782 4091 808 4138 te
823 4080 963 4154 loquatur,
976 4079 1051 4138 haud
1065 4080 1181 4155 quidem
1197 4083 1245 4142 ille
1260 4087 1341 4144 aber·

149 4184 220 4241 rabit
234 4203 250 4240 a
263 4178 388 4241 vertute,
403 4174 454 4232 sed
469 4194 521 4251 pro
536 4177 636 4234 merito
650 4177 725 4235 haud
740 4176 838 4235 lecerit
851 4179 931 4244 satia,
947 4195 999 4236 nos
1014 4177 1049 4235 de
1064 4180 1198 4255 supernis
1213 4181 1341 4251 intuens,

48 4350 53 4358 ι
130 4292 211 4356 „esto
226 4278 355 4355 propitia,
371 4284 402 4332 ut
415 4273 501 4334 modu
515 4274 630 4349 quidem
651 4293 732 4354 regas
753 4274 784 4335 in
808 4294 897 4353 pace;
921 4278 950 4335 in
972 4276 1211 4354 judiciorum,
1236 4300 1271 4340 ac
1292 4300 1347 4361 pro

482 4485 521 4550 (l)
539 4483 569 4535 L.
581 4500 604 4535 v.
615 4502 636 4537 c.
645 4485 699 4537 xix.

485 4571 529 4639 (2)
548 4570 628 4622 Sem.
639 4572 670 4623 de
681 4571 727 4622 SS.
738 4568 787 4623 Dei
799 4569 932 4624 Goniatai·
943 4572 1063 4625 laudibus.
