2798 5092
396 423 399 430 ,
446 360 953 441 nu‘rununsrrnaurouu.
1251 379 1322 455 sos.

150 508 241 589 Reep.
265 514 480 580 Prredestiuatio
501 523 558 582 Dei
579 540 655 585 carta
674 542 718 588 est
738 541 766 589 et
786 532 980 608 immutabilis,
999 550 1044 600 est
1063 544 1140 605 eninr
1161 545 1305 609 decretum

114 610 224 687 ejusde
239 613 324 674 donis
341 638 402 678 ase
416 621 589 700 largiendis3
611 630 730 704 proinde
746 633 865 706 quilibet
884 636 1100 713 praedestinatus
1113 647 1260 721 perveniet
1272 648 1308 725 ud

113 709 243 779 salutem,
259 713 379 786 quilibet
393 738 449 778 uon
462 723 677 799 praedestinatus
692 731 769 788 nulia
782 733 888 792 ratione
900 737 1003 812 poterit
1016 738 1132 810 salvari,
1143 745 1306 824 contingere

79 818 83 824 '
112 809 303 885 enimnequit
327 825 357 875 ut
381 816 434 876 Dei
459 823 636 898 prescientia
662 826 781 887 fallatur.
824 830 967 894 Ceterum
995 836 1064 898 inde
1090 858 1148 924 nou
1177 845 1307 918 sequitur

112 910 268 998 quemlibet
282 932 339 972 non
354 916 455 977 habere
469 921 595 980 subsidia
609 925 713 997 quibus
727 926 828 987 salvari
840 932 972 1005 possersi
982 933 1076 1004 vellet,
1091 953 1215 1013 sumque
1229 941 1304 1002 velle

111 1011 196 1070 etiem
217 1030 315 1089 posse,
331 1013 395 1074 ideo
416 1027 461 1077 est
480 1019 608 1080 interitus
631 1042 717 1082 causa
737 1026 889 1087 voluntatis
910 1032 1093 1107 perversitas,
1114 1037 1201 1108 quam
1219 1037 1303 1098 Deus

118 1111 251 1189 previdit
261 1115 331 1186 quin
346 1116 408 1192 ejus
423 1117 461 1175 sit
474 1131 581 1178 auctor.

151 1215 219 1269 144.
245 1213 311 1294 Obj.
329 1219 375 1275 10.
398 1215 479 1274 “Sic
492 1235 529 1276 ex
550 1217 605 1276 Dei
628 1220 875 1297 predestinatione
889 1225 993 1302 pendet
1005 1245 1106 1289 corum
1125 1230 1257 1308 perditio,
1271 1245 1303 1296 ut

110 1331 196 1372 causa
208 1326 238 1372 et
252 1313 369 1371 materia
379 1313 409 1370 iu
423 1314 495 1390 ipsis
510 1317 709 1393 reperiatur.'’¹
749 1318 792 1378 lta
806 1319 957 1381 calvinus.

145 1409 235 1489 Rcrp.
258 1412 353 1479 Quum
370 1413 486 1471 materia
500 1412 667 1490 perditionis
682 1415 747 1474 ideo
764 1417 793 1476 iu
814 1419 942 1496 reprobis
957 1421 1074 1498 reperiri
1090 1423 1208 1495 dicatur,
1223 1428 1302 1501 quod

109 1511 187 1572 Deus
210 1514 249 1571 ita
263 1510 428 1580 decreverit,
444 1532 529 1571 causa
544 1512 579 1571 ad
593 1513 688 1572 Deum
704 1515 799 1592 potius
821 1518 967 1577 reserenda
993 1533 1046 1579 est.
1088 1522 1121 1580 id
1134 1542 1172 1581 ex
1187 1524 1302 1587 Calvisi

108 1609 254 1687 principiis
277 1610 359 1686 plane
387 1610 525 1681 sequitur,
551 1611 610 1668 irno
635 1612 742 1685 absque
767 1614 933 1690 ambagibus
960 1613 1131 1686 enuntiatur,
1153 1619 1301 1698 subjungit

107 1706 181 1765 euim
198 1699 289 1764 vorbis
305 1705 441 1783 objectis:
466 1716 485 1742 “
496 1706 609 1784 Lapsus
624 1720 668 1765 eet
690 1709 769 1766 eninr
782 1709 891 1786 prirnus
906 1711 1003 1782 humo,
1020 1715 1088 1787 quia
1105 1715 1247 1775 Dominus
1261 1719 1301 1777 ita

107 1802 241 1879 expedire
268 1814 431 1861 censuerat:
454 1822 504 1861 cur
530 1804 682 1870 censuerit,
712 1824 764 1862 nos
791 1805 870 1865 latet.
913 1808 1034 1868 Certum
1061 1821 1155 1869 tamen
1176 1823 1220 1871 est
1242 1833 1299 1873 uon

105 1898 183 1959 aliter
212 1900 371 1966 censuisse,
399 1899 454 1958 nisi
483 1900 550 1973 quia
577 1899 690 1959 videbat
724 1902 849 1961 nominis
879 1905 923 1962 sui
951 1903 1072 1983 gloriam
1100 1906 1167 1968 inde
1197 1910 1303 1970 merito

106 1996 268 2056 illustrari.”
1174 2053 1177 2062 ,

144 2100 209 2156 145.
236 2095 303 2175 obj.
327 2101 373 2155 11.
396 2105 415 2132 “
426 2094 482 2154 Dei
494 2095 674 2165 ordinationi,
685 2116 743 2171 qua
755 2116 786 2157 se
800 2099 891 2158 exitio
902 2098 1059 2159 destinatos
1070 2115 1296 2178 conqueruntur,

104 2217 153 2257 sua
165 2209 277 2257 constat
291 2196 426 2270 aequitas:
449 2196 531 2255 uobis
544 2196 662 2277 ‘quidem
683 2183 836 2274 incognita,
852 2197 903 2256 sed
929 2199 976 2257 illa
996 2201 1165 2261 certissima.
1208 2202 1294 2262 Unde

103 2296 298 2354 constituimus
313 2294 384 2353 nihil
404 2295 468 2352 illos
492 2295 633 2353 sustinere
647 2295 723 2364 mali,
744 2296 821 2368 quod
847 2299 1092 2377 nonjrsrissimo
1109 2302 1166 2362 Dei
1183 2303 1296 2381 judicio

105 2391 291 2470 infligatur.’'⁹

138 2486 227 2567 Rcep.
252 2487 348 2547 Illudit
361 2487 442 2546 nobis
459 2485 612 2558 Calvinus,
625 2488 788 2561 aequitatem
797 2489 985 2587 ordinationis
1007 2492 1115 2553 divinae
1132 2496 1296 2566 arneson,

102 2605 154 2662 qua
167 2588 300 2647 homines
326 2586 488 2645 necessitati
513 2586 650 2663 peccandi
671 2597 700 2644 et
721 2588 858 2665 pereundi
883 2591 1081 2668 subjiciuntur,
1099 2595 1139 2653 uti
1161 2595 1224 2672 ipse
1238 2615 1296 2655 non

101 2685 249 2745 diffitetur:
273 2695 292 2721 ‘⁴
306 2684 495 2742 Excusabiies
518 2685 662 2760 peccando
678 2686 772 2743 haberi
802 2688 901 2746 volunt
927 2692 1049 2766 reprobi,
1079 2693 1145 2764 quia
1173 2693 1292 2752 eradere

101 2797 244 2861 nequeunt
258 2781 393 2860 peccandi
409 2770 628 2840 necessitatem:
650 2783 807 2857 prasertim
821 2803 909 2856 quum
925 2804 962 2843 ex
976 2786 1031 2844 Dei
1045 2787 1223 2849 ordinatione
1235 2791 1292 2849 sibi

99 2884 238 2963 injiciatur
251 2881 416 2959 hujusmodi
432 2880 631 2940 necessitas.''⁸
673 2879 848 2958 Hujusrnodi
869 2882 1008 2944 ordinatio
1030 2885 1135 2963 injusta
1156 2885 1244 2964 piune¹
1261 2901 1290 2947 et

99 2983 218 3043 crudelis
234 2983 314 3049 foret,
330 2993 359 3039 et
372 2980 435 3038 Deo
451 3000 568 3057 prorsus
585 2979 712 3056 indigna.

136 3086 202 3141 146.
229 3078 296 3157 obj,
321 3084 367 3136 12.
391 3079 601 3150 “Quicumque
616 3086 682 3134 sunt
697 3096 736 3137 ex
749 3078 937 3154 reproborum
956 3098 1085 3148 numero,
1099 3093 1130 3140 ut
1143 3095 1210 3143 sunt
1224 3105 1292 3145 vasa

98 3179 125 3238 in
136 3179 337 3238 contumeliam
353 3177 481 3242 formata,
497 3175 534 3232 ita
548 3193 605 3233 non
620 3173 753 3232 desinunt
767 3175 910 3252 perpetuis
929 3175 1044 3253 flagitiis
1059 3179 1129 3237 iram
1145 3179 1201 3239 Dei
1217 3180 1247 3240 in
1261 3202 1293 3241 se

99 3295 262 3354 provocare,
277 3286 306 3333 et
319 3274 496 3334 evidentibus
512 3273 601 3350 signis
623 3273 804 3342 confirmare,
818 3272 893 3348 quod
911 3274 972 3352 jam
987 3276 1015 3334 in
1030 3294 1066 3334 se
1076 3276 1162 3336 latum
1177 3290 1221 3336 est
1235 3279 1293 3338 Dei

92 3373 242 3450 judicium,
257 3383 364 3431 tanturn
382 3372 461 3428 abest
486 3382 516 3428 ut
538 3370 683 3447 cumipse
708 3371 811 3429 suutra
822 3370 1043 3431 contendant.'’⁴
1080 3373 1126 3432 lta
1138 3373 1290 3446 Calvinus,

96 3483 124 3530 ut
137 3470 268 3531 ostendat
281 3488 331 3527 eos
348 3488 405 3527 non
421 3468 524 3544 injuria
539 3467 681 3549 damnari.
983 3474 987 3481 '

131 3566 223 3645 Resp.
245 3567 341 3634 Quum
352 3567 436 3644 juxta
450 3563 606 3622 Calvinum
620 3564 806 3641 reproborum
818 3563 927 3641 flagitia
941 3583 999 3624 non
1011 3566 1069 3624 sint
1083 3569 1290 3663 causa‘dccreti

94 3664 309 3744 reprobationis,
335 3662 386 3721 sed
400 3661 471 3720 illud
491 3670 655 3735 sequantur,
671 3662 875 3734 consequentia
900 3662 1075 3732 necessaria,
1088 3683 1147 3722 uon
1168 3680 1290 3742 possunt

94 3762 120 3823 in
158 3763 286 3822 medium
317 3761 410 3819 afferri
440 3771 470 3818 ut
496 3760 523 3817 ei
554 3769 664 3817 constet
694 3759 824 3832 aequitas.
867 3758 933 3817 Hoc
960 3761 1052 3836 posito
1087 3762 1128 3821 nil
1172 3765 1291 3824 interest
1389 3798 1391 3803 2

95 3874 182 3920 utrum
199 3860 303 3919 frustra
317 3879 381 3917 cunr
397 3856 629 3924 commendant,
645 3857 690 3915 vel
711 3856 793 3931 proni
812 3856 936 3916 ferantur
949 3857 978 3916 in
992 3858 1070 3927 ritis,
1085 3877 1174 3933 quum
1190 3880 1288 3919 neces·

93 3957 162 4017 sarid
174 3956 329 4016 damnandi
343 3957 420 4014 sint:
443 3953 519 4028 quod
536 3955 632 4012 horret
645 3972 726 4013 mens
740 3953 875 4030 cogitare.
918 3954 992 4022 Quis
1006 3955 1078 4024 haec,
1093 3975 1156 4030 quae
1170 3957 1288 4035 scripsit
1382 4060 1385 4066 ἱ

97 4053 242 4123 Calvinus,
258 4055 357 4131 tegens
369 4073 426 4112 non
441 4052 563 4111 frenert.
585 4061 604 4090 ‘⁸
615 4052 673 4109 Sua
688 4051 772 4109 habet
785 4049 920 4110 adversus
934 4052 1198 4130 reprobosjudicia‚
1223 4056 1286 4128 qui·
1305 4078 1307 4083 ·

92 4151 140 4214 bus
153 4155 308 4216 consilium
324 4153 358 4209 de
374 4153 429 4210 iilis
445 4171 530 4210 suum
549 4161 714 4223 exequatur.
757 4149 838 4216 Quos
860 4167 931 4226 crgo
942 4151 974 4209 in
987 4151 1056 4210 vitre·
1068 4152 1283 4223 contumeliam,

92 4265 117 4309 et
130 4255 227 4316 mortis
243 4251 364 4311 exitium
379 4251 497 4317 creavit,
508 4261 540 4306 ut
554 4250 600 4306 irae
616 4267 678 4305 suae
685 4265 791 4323 organa
808 4247 913 4318 iurent,
925 4259 954 4306 et
966 4248 1123 4307 severitatis
1138 4251 1284 4329 exempla.

488 4429 524 4488 (l)
544 4427 605 4476 inst.
617 4425 633 4473 l.
647 4424 681 4473 iii.
693 4440 714 4474 ct
726 4423 831 4476 xxiiiur
844 4427 873 4474 St

489 4518 525 4571 12)
544 4511 672 4562 Ibidumn,
685 4512 710 4559 u.

486 4601 525 4664 td)
545 4597 648 4647 Ibidem..

486 4687 529 4753 (4)
552 4684 646 4735 laruam
657 4699 683 4733 n.
697 4686 737 4733 ra.
1223 4648 1340 4786 p

651 4773 718 4831 to*
