2798 5092
436 305 493 367 DE
515 305 658 367 CULTU
679 305 953 369 SANCTDRUM.
1232 315 1290 373 leo

597 522 782 565 euoeomro.

136 663 216 722 Licet
230 661 375 743 Angelos,
390 670 567 742 sanctosque
582 681 650 723 cum
677 663 796 724 Christo
810 673 981 743 regnantes,
1002 665 1143 747 religioso
1157 666 1288 747 quodum

104 759 183 830 cultu,
197 767 233 819 ut
247 759 307 819 Dei
316 759 457 841 famulos
471 761 625 839 prosequi.

132 857 283 945 Probatur
296 857 323 917 I.
339 877 375 919 ee
391 857 566 939 Scripturia.

111 985 112 989 =
132 959 179 1013 tl.
202 965 221 991 ‘⁶
237 954 315 1015 Cum
330 967 424 1015 antem
439 967 516 1015 esset
528 956 619 1015 Josue
634 955 663 1014 in
678 975 746 1033 agro
767 956 845 1015 urbis
859 956 986 1026 iericho,
1000 958 1107 1017 levarit
1126 960 1237 1029 oeulos,
1259 971 1288 1021 et

98 1048 264 1109 riditvirum
279 1063 400 1111 stantem
421 1065 519 1111 contra
532 1070 575 1119 se,
596 1051 777 1129 evaginatum
792 1063 935 1112 tenentem
949 1053 1085 1129 gladium,
1103 1056 1285 1130 perrexitque

99 1147 128 1207 ad
141 1167 215 1217 eum,
232 1156 262 1208 et
285 1150 340 1207 ait:
364 1150 473 1209 Noster
498 1169 540 1218 es,
555 1169 591 1209 an
612 1149 860 1209 adversariornml
902 1150 959 1219 Qui
981 1152 1147 1229 respondit:
1171 1153 1287 1226 Nequa-

100 1263 195 1319 quam:
218 1245 348 1304 sedeam
366 1249 499 1323 princeps
515 1248 657 1307 exercitus
673 1247 803 1315 Domini,
818 1257 848 1305 et
859 1266 937 1307 nune
952 1249 1046 1308 venio.
1070 1248 1183 1307 Occidit
1196 1250 1288 1309 Joeue

99 1361 197 1418 pronus
223 1344 253 1403 in
281 1357 393 1403 terram.
435 1345 475 1405 Et
501 1344 632 1413 adorans,
658 1346 714 1403 ait:
738 1345 814 1412 Quid
837 1345 981 1407 Dominus
1003 1366 1083 1407 meus
1106 1348 1231 1422 loquitur
1251 1347 1289 1407 ad

99 1457 203 1498 servum
218 1441 325 1499 snuml
359 1441 457 1508 Solve,
472 1441 575 1514 inquit,
590 1442 813 1500 calceamentum
828 1456 908 1501 tuum
922 1443 957 1501 de
971 1443 1092 1521 pedibus
1107 1445 1181 1503 tuis:
1205 1445 1287 1504 locus

100 1537 210 1595 enimin
225 1556 283 1610 quo
295 1547 364 1605 stas,
377 1548 493 1597 sanetus
508 1549 562 1596 est.
583 1539 721 1613 Fecitque
735 1537 754 1596 J
756 1557 836 1607 osne,
852 1550 883 1598 ut
896 1540 950 1599 sibi
965 1540 1056 1599 iuerat
1066 1540 1285 1617 imperatum.''¹

99 1631 191 1707 Liquet
206 1633 318 1695 losuen
334 1636 468 1712 angelum
491 1636 592 1695 adesse
612 1636 800 1704 intellexisse,
816 1655 903 1710 quem
924 1657 983 1697 non
1007 1647 1089 1698 vocat
1109 1638 1216 1707 Deum,
1234 1636 1288 1696 sed

100 1728 256 1799 Dominum,
267 1732 360 1828 rme
369 1751 436 1791 eum
446 1744 541 1793 umen
552 1743 651 1810 utpote
662 1735 800 1793 exercitui
810 1734 928 1799 Domini
941 1737 1108 1812 praelectum
1119 1733 1288 1841 &ww

101 1852 174 1954 ,Ἣ
186 1829 443 1920 veneratnm'esse,
457 1870 489 1910 se
504 1853 535 1910 in
549 1862 652 1911 terram
666 1853 882 1930 prosternendo.
925 1854 1030 1913 Civilis
1045 1874 1100 1913 non
1124 1856 1179 1915 suit
1192 1831 1286 1917 cultus

101 1967 149 2038 hio,
161 1946 212 2029 sed
227 1971 391 2048 religiosus,
406 1980 505 2047 utpote
519 1970 625 2029 caelesti
646 1969 782 2047 dignitate
797 1971 901 2047 Angeli
920 1972 1060 2031 innixus:
1083 1992 1168 2046 quem
1190 1986 1287 2036 tamen

102 2069 217 2144 probarit
231 2070 305 2146 ipse,
324 2070 430 2147 jubens
444 2078 476 2127 ut
490 2068 519 2127 in
541 2069 657 2146 majoris
671 2070 836 2128 reverentia
858 2070 1052 2128 testimonium
1067 2069 1157 2130 Josue
1172 2072 1284 2132 calceos
1325 2094 1332 2153 ².

104 2162 263 2249 deponeretr
285 2167 360 2225 sicut
384 2167 454 2225 alias
478 2166 556 2224 Mosi
581 2184 597 2224 e
622 2167 692 2225 rubo
720 2164 835 2225 ardente
851 2168 965 2244 jussum
987 2180 1040 2225 est.
1082 2168 1168 2236 Quod
1189 2178 1285 2229 autem
1326 2182 1335 2239 ξ

103 2265 219 2324 nonnulli
242 2275 336 2342 patres
357 2264 486 2322 Verbum
510 2263 639 2322 divinum
665 2264 831 2341 apparuisse
846 2266 1018 2335 censuerint,
1034 2266 1108 2325 sicut
1121 2276 1150 2324 et
1169 2266 1285 2326 Protes-
1325 2242 1336 2349 ’ζ

104 2370 178 2419 taotee
192 2361 227 2420 ad
243 2363 301 2420 vim
317 2361 492 2439 probationis
507 2359 715 2429 declinandam,
729 2380 788 2420 non
803 2362 913 2420 obstet:
936 2380 989 2420 nec
1010 2363 1087 2422 enim
1102 2362 1170 2423 huic
1185 2364 1284 2441 opina·

103 2458 159 2518 tiool
173 2470 217 2518 est
241 2462 327 2519 robur
348 2459 475 2533 aliquod.
517 2460 659 2519 Praeterea
680 2460 769 2520 Josue
793 2459 829 2519 de
843 2460 941 2519 Verbo
961 2460 1059 2520 divino
1079 2462 1120 2521 nil
1145 2463 1286 2545 suspicari
1336 2456 1344 2489 ²·

101 2568 204 2633 poterat,
219 2559 271 2618 sed
293 2558 426 2637 angelum
441 2559 601 2636 principem
623 2558 745 2619 caelestis
766 2560 923 2641 exeroiqns,
936 2560 982 2619 vel
1001 2562 1110 2639 populo
1132 2560 1282 2622 lsraelitioo

101 2654 283 2736 invigilantem
305 2656 475 2734 intelligere.
515 2657 596 2735 Ergo
620 2656 710 2715 Josue
737 2675 907 2733 persuasum
932 2666 976 2715 est
999 2669 1130 2735 oportere
1155 2659 1281 2741 insignia

100 2751 203 2814 honoris
218 2774 287 2833 erga
301 2754 435 2833 angelum
449 2753 555 2813 indicia
568 2755 705 2830 praebere,
720 2771 784 2827 quae
795 2765 824 2811 et
837 2754 863 2812 ei
877 2755 995 2831 probata
1008 2766 1084 2814 sunt.

131 2850 280 2912 Probatur
295 2850 339 2910 II.
358 2857 486 2931 patrum
501 2849 690 2908 testimoniis.

128 2954 174 3015 22.
195 2950 343 3009 Jnsnmna
358 2948 403 3006 M.
427 2948 535 3007 “Eum
553 2949 569 3026 (
570 2945 670 3007 Deum
683 2945 823 3024 Putrem)
837 2958 865 3005 et
878 2947 985 3007 Filium
1001 2949 1051 3022 qui
1065 2952 1100 3009 ab
1112 2968 1147 3009 eo
1159 2951 1240 3015 venit
1253 2970 1286 3011 ac

99 3064 141 3104 nos
153 3049 207 3106 ista
222 3047 329 3114 docuit,
344 3054 375 3105 'et
388 3055 555 3104 caeterorum
571 3044 620 3117 qui
641 3043 722 3102 illum
743 3054 928 3112 assectantur,
945 3046 1029 3119 eique
1045 3048 1194 3106 assimilati
1208 3061 1286 3115 sunt,

98 3143 226 3204 bonorum
255 3144 432 3223 Angelorum
461 3142 628 3207 exercitum,
655 3151 683 3198 et
711 3141 850 3218 Spiritum
879 3142 1079 3219 propheticum
1109 3144 1231 3203 colimus
1259 3155 1288 3201 et

97 3241 247 3311 adoramus,
264 3242 373 3299 ratione
388 3251 417 3297 et
431 3239 547 3296 veritate
563 3236 894 3296 veneronum-reson
913 3259 951 3303 ee,
970 3261 1013 3294 xus
1033 3261 1076 3300 roo
1094 3255 1144 3317 nep
1155 3245 1215 3300 dore
1235 3243 1287 3293 troo

97 3344 192 3396 odmen
202 3362 246 3396 xus
258 3327 390 3401 tremuere
400 3338 462 3407 ἡμας
474 3352 563 3396 rauco,
574 3357 617 3390 ano
629 3352 672 3391 eor
683 3352 731 3390 reu
742 3333 819 3392 tuoe
829 3334 948 3404 ἔπομενων
956 3359 1000 3390 xus
1010 3333 1178 3406 {Zopooupsruu
1189 3335 1286 3409 ἄγαὲων

95 3429 193 3502 timeum
205 3445 304 3501 gemtor,
316 3445 411 3496 aucupa
422 3442 450 3481 rs
462 3442 493 3480 ro
509 3440 660 3496 npooqrsxor
677 3431 806 3494 senopem,
823 3447 867 3480 aas
877 3442 1045 3494 προσκυνυμεν,
1056 3441 1119 3496 λογῳ
1130 3446 1173 3479 xus
1184 3423 1288 3496 ἄληὲειᾳ

93 3520 221 3589 commeo·
261 3516 344 3575 Licet
364 3524 480 3573 sanetus
495 3525 603 3589 martyr
617 3532 674 3572 non
695 3515 795 3572 innuat
807 3512 908 3571 eodem
930 3514 1022 3572 cultus
1044 3532 1148 3590 genere
1165 3512 1282 3591 angelo·

94 3627 150 3670 ram
163 3614 330 3681 exercitum,
347 3631 405 3686 quo
419 3611 523 3679 Filius,
538 3611 627 3680 affici,
643 3629 693 3669 eos
708 3621 804 3669 tamen
819 3611 886 3678 coli,
903 3620 1049 3684 tamquam
1064 3610 1133 3669 Filii
1143 3612 1285 3681 asseclas,

95 3707 117 3764 ei
128 3706 286 3770 celestibus
301 3709 385 3769 donis
400 3706 612 3783 quodammodo
628 3707 814 3777 adsimilatus,
830 3707 961 3767 affirmat.
1004 3707 1091 3776 Quod
1113 3718 1208 3768 autem
1230 3706 1286 3766 dis·

96 3805 194 3866 crimen
203 3808 296 3866 cultos
309 3807 475 3883 expressius
488 3825 546 3864 non
556 3805 749 3874 declaraverit,
759 3804 878 3882 contigit
886 3805 961 3878 quod
972 3805 1113 3865 Ethnicos
1126 3807 1285 3880 alloquens,
1309 3808 1312 3817 “

95 3903 135 3973 qui
147 3905 255 3962 Atheos
273 3904 456 3962 Christianos
471 3904 622 3970 vocabant,
637 3903 793 3980 impietatis
808 3902 916 3961 crimen
930 3905 999 3961 satis
1014 3903 1165 3971 refelleret,
1177 3902 1285 3960 cultum

96 3999 173 4058 tribus
187 4003 321 4078 personis
337 4001 441 4059 divinis
457 4010 485 4058 et
499 4001 608 4079 angelis
624 4000 783 4077 prestitum
798 3999 966 4077 allegando:
988 4021 1044 4060 nec
1058 4002 1135 4061 enim
1151 3999 1285 4078 agebatur

98 4094 126 4154 de
138 4099 310 4159 instituendo
324 4101 441 4158 homine
454 4100 609 4157 christiano
624 4098 691 4157 fidei
702 4098 841 4166 doctrina,
853 4099 904 4157 sed
916 4108 947 4157 ut
958 4100 1099 4159 calumnia
1109 4099 1284 4175 rejiceretur.

47 4194 49 4241 ἱ
97 4187 201 4253 uuam
215 4207 311 4255 autem
326 4214 357 4253 se
376 4205 488 4269 torquet
503 4195 630 4263 Bullus,⁸
645 4195 699 4252 hoc
713 4195 908 4255 testimonium
922 4209 989 4273 post
1001 4196 1174 4264 Scultetum,
1185 4195 1284 4255 convi-

47 4292 50 4313 ¹
98 4287 145 4347 ciis
155 4292 248 4367 potius
263 4310 348 4367 quam
365 4292 473 4350 ratione
486 4292 685 4367 interpretans,
700 4303 801 4351 eontra
814 4292 996 4351 manifestum
1012 4293 1161 4351 verborum
1176 4311 1284 4357 nexum

97 4388 190 4459 etnim,
201 4389 348 4455 vulteuim
360 4389 509 4449 Christum
522 4390 571 4449 illa
581 4407 644 4462 quae
658 4389 790 4447 retulerat
800 4389 931 4449 lustinus
942 4390 1085 4458 docuisse,
1095 4391 1185 4451 simul
1196 4391 1283 4451 etiarn

284 4549 328 4614 (l)
348 4546 424 4598 Josue
441 4564 465 4598 v.
479 4551 518 4597 13.

284 4633 328 4697 (a)
348 4633 421 4697 Apol.
434 4632 451 4682 r.
465 4634 489 4681 e.
1003 4604 1023 4653 ⁶

284 4721 328 4786 (3)
348 4716 466 4770 Defensio
476 4719 534 4770 fidei
544 4719 655 4770 Nicanor
667 4735 690 4770 c.
702 4718 735 4771 ir.
747 4723 761 4782 ς
774 4719 799 4771 ii.
810 4737 837 4772 n.
848 4726 873 4772 8.
