2798 5092
514 347 881 411 neronemque·
961 417 970 431 x

603 605 789 649 morcarum.

136 749 359 830 Rurgotcrium
373 750 473 819 datur,
482 747 515 807 ia
529 765 586 827 quo
600 763 665 825 qua
673 745 842 805 detinentur
855 742 1110 824 onimaefidelium
1124 741 1294 822 suffragiis,

91 846 289 924 potissimum
303 863 371 905 cero
381 844 487 906 ultoria
503 843 660 922 socnflcio,
666 842 830 922 juvantur.

136 943 288 1003 Probatur
301 942 328 1002 I.
343 962 380 1003 en
397 941 572 1022 Scripturis.

134 1045 183 1100 23.
198 1039 218 1099 J
220 1040 289 1099 udas
305 1041 489 1100 Machabreus
510 1042 629 1101 refertur
643 1052 708 1120 post
721 1035 852 1119 prelium
873 1037 1018 1097 invenisse
1033 1036 1088 1094 sub
1104 1034 1292 1093 cadaveribus

17 1207 23 1225 Ι
95 1147 271 1194 mortuorum
299 1136 415 1195 donaria
436 1135 578 1197 idolorum
604 1156 668 1212 qua
690 1137 739 1195 lex
767 1135 855 1194 vetuit
879 1133 993 1192 nasibi
1016 1141 1166 1217 sumerent
1188 1129 1295 1191 Judaei.

96 1233 270 1294 “Omnibus
284 1253 353 1312 ergo
378 1235 560 1294 manifestum
583 1237 757 1304 factumest,
780 1234 817 1302 ob
836 1234 910 1293 hanc
933 1250 1049 1290 causam
1063 1248 1114 1289 eos
1128 1230 1296 1298 corruisse3

116 1374 124 1391 .
148 1372 156 1390 .
179 1374 187 1391 .
209 1334 304 1407 Atque
318 1334 358 1391 ita
371 1333 406 1392 ad
420 1353 519 1412 preces
534 1335 667 1393 conversi
682 1343 852 1411 rogaverunt
865 1343 897 1390 ut
910 1330 939 1389 id
960 1329 1038 1404 quod
1052 1328 1158 1387 factum
1173 1339 1235 1386 erat
1248 1328 1297 1387 de·

94 1428 193 1489 lictum
208 1429 346 1489 oblivioni
360 1430 546 1490 traderetur.’'
588 1431 679 1490 Judas
702 1430 806 1490 deinde
831 1429 934 1487 “facta
960 1409 1125 1494 collatioris,
1141 1424 1296 1484 duodecim

95 1528 185 1587 millia
198 1513 349 1587 drachmas
364 1529 473 1607 argenti
498 1531 577 1588 misit
598 1529 821 1607 lerosolymam,
847 1526 944 1586 offerri
959 1544 1011 1603 pro
1025 1524 1151 1602 peccatis
1167 1536 1295 1584 mortuo·

94 1642 158 1683 rum
173 1625 356 1692 sacrificium,
372 1627 443 1683 bene
466 1634 495 1683 et
516 1626 649 1703 religiose
671 1625 707 1683 de
729 1625 935 1684 resurrectione
950 1623 1089 1700 cogitans.
1132 1621 1202 1679 Nisi
1217 1621 1296 1680 enim

95 1739 146 1780 eos
173 1722 224 1795 qui
251 1722 411 1782 ceciderant
439 1735 647 1783 resurrecturos
678 1732 816 1800 speraret,
854 1721 1032 1799 superfluum
1074 1718 1230 1788 videretur,
1266 1730 1296 1778 et

94 1836 199 1879 vanum
213 1838 359 1898 orarepro
382 1822 511 1881 mortuis.
553 1823 594 1881 Et
607 1823 675 1897 quia
687 1820 884 1881 considerabat
895 1819 970 1894 quod
987 1819 1028 1887 hi,
1044 1818 1093 1903 qui
1107 1836 1175 1877 cum
1189 1818 1296 1895 pietate

95 1916 295 1978 dormitionem
308 1932 484 1998 acceperant,
496 1921 634 1999 optimam
647 1921 783 1980 haberent
797 1920 949 1996 repositam
964 1919 1092 1997 gratiam.
1108 1917 1216 1976 Sancta
1227 1934 1296 1995 ergo

94 2025 122 2075 et
135 2016 256 2075 salubris
270 2027 314 2076 est
328 2019 462 2096 cogitatio
477 2038 528 2096 pro
542 2019 684 2078 defunctis
695 2036 824 2086 exorare,
834 2027 865 2075 ut
879 2038 895 2075 a
910 2017 1035 2107 peccatis
1049 2013 1246 2075 solvantur.”²

132 2117 183 2172 at.
204 2113 310 2189 Liquet
320 2134 384 2174 eam
398 2116 488 2174 fuisse
499 2129 604 2177 certam
617 2116 832 2194 persuasionem
846 2113 989 2188 fidemque
1001 2125 1061 2173 tum
1074 2111 1159 2172 Juda
1175 2111 1296 2171 Macha-

93 2209 158 2279 baei,
174 2223 233 2269 tum
247 2213 376 2271 omnium
391 2212 599 2272 conferentium
613 2231 652 2271 aes
672 2213 704 2271 in
724 2212 928 2271 sacrificiorum
944 2212 1100 2287 impensas,
1117 2221 1178 2267 tum
1201 2227 1296 2268 sacer·

93 2303 192 2364 dotum
205 2307 256 2380 qui
270 2306 426 2368 offerebant
442 2309 583 2378 victimas,
598 2327 663 2368 esse
678 2307 821 2383 quendam
832 2308 991 2367 animarum
1002 2316 1106 2366 statum
1121 2305 1185 2364 labe
1198 2305 1296 2379 aliqua

92 2402 313 2477 inquinatarum,
337 2423 400 2479 quae
426 2407 573 2465 sacrificiis
598 2407 699 2465 oblatis
720 2406 912 2485 expiarentur.
956 2403 1041 2463 Hanc
1062 2404 1210 2481 probatam
1227 2419 1293 2461 esse

92 2508 203 2558 constat
216 2518 297 2559 sacro
311 2502 453 2578 scriptori,
469 2503 518 2575 qui
532 2512 659 2561 sanctam
675 2515 756 2562 vocat
769 2514 799 2560 et
812 2500 964 2561 salutarem
986 2499 1224 2560 cousuetudinem
1241 2517 1294 2576 pro

93 2593 234 2653 defunctis
249 2595 386 2654 exorandi
399 2607 431 2655 ut
450 2617 467 2655 a
492 2598 616 2674 peccatis
638 2598 793 2657 solvantur.
836 2598 982 2672 Equidem
1001 2606 1113 2655 constat
1125 2615 1163 2654 ex
1178 2595 1196 2655 J
1200 2594 1294 2654 uduo·

95 2710 159 2751 rum
184 2691 264 2751 libris
286 2692 447 2753 Ritualibns
473 2695 708 2754 consuetudinem
729 2695 828 2755 orandi
843 2714 894 2774 pro
910 2697 1029 2755 mortuis
1056 2713 1172 2771 semper
1193 2695 1228 2753 ab
1250 2694 1292 2752 eis

4 2855 11 2867 .
93 2798 232 2848 servatam
257 2800 286 2848 et
305 2791 397 2850 adhuc
412 2792 528 2871 vigere3
550 2811 614 2867 quae
639 2812 727 2866 quum
743 2814 759 2852 a
774 2794 892 2853 Christo
918 2793 1046 2853 Domino
1061 2809 1223 2865 numquam
1238 2791 1290 2849 im·

91 2888 208 2964 probata
217 2890 265 2958 sit,
280 2890 346 2949 licet
360 2892 490 2969 publicus
511 2902 589 2951 esset
602 2891 620 2950 J
623 2892 771 2952 udaeornm
786 2912 849 2952 mos
863 2911 897 2952 ea
911 2903 1002 2961 atate,
1018 2891 1090 2951 nihil
1108 2891 1213 2950 habeat
1226 2898 1291 2949 e'en·

92 3003 159 3042 sura
172 2983 289 3063 dignum
301 3006 420 3047 necesse
435 3001 488 3059 est,
504 2991 544 3048 uti
558 2992 631 3050 bene
652 2990 851 3050 animadvertit
864 2991 1019 3068 episcopus
1034 2988 1212 3068 Anglicanns
1227 2988 1290 3050 Jer-

92 3082 182 3141 emias
198 3083 319 3160 Taylor.
1299 3082 1306 3091 ’

130 3182 180 3238 to.
203 3179 337 3239 Christus
352 3181 443 3241 dixit:
468 3183 557 3250 “Qui
571 3194 664 3242 auteur
679 3183 784 3244 dixerit
798 3194 896 3243 contra
911 3183 1050 3262 Spiritum
1065 3182 1216 3250 Sanctum,
1232 3201 1290 3241 non

90 3277 289 3336 remitteturei
304 3296 397 3351 neque
412 3280 440 3336 in
455 3279 511 3336 hoc
525 3280 640 3348 saecuio,
656 3299 750 3354 neque
775 3281 804 3339 in
826 3279 968 3339 futuro.”⁹
1008 3279 1041 3338 ld
1056 3279 1146 3337 veluti
1161 3278 1290 3356 speciale

89 3373 124 3432 de
139 3389 255 3452 peccato
267 3387 364 3434 contra
373 3375 511 3451 Spiritum
523 3377 662 3435 Sanctum
677 3377 803 3445 traditur,
818 3378 895 3451 quod
911 3396 967 3436 non
983 3378 1021 3435 sit
1034 3376 1242 3436 remittendum
1258 3377 1286 3435 in

91 3471 223 3532 alterutro
236 3473 353 3543 saeculo,
369 3473 443 3547 quod
465 3474 572 3533 indicat
586 3475 716 3550 quadam
731 3495 796 3535 asse
809 3486 926 3554 peccata
942 3494 1006 3549 quae
1020 3476 1051 3533 in
1065 3475 1153 3533 altera
1168 3475 1227 3533 rita
1248 3493 1290 3533 re·

91 3568 249 3629 mittuntur.

131 3669 180 3725 tu.
201 3669 394 3746 augustinum
409 3680 438 3728 et
450 3670 621 3748 Gregorium
633 3671 734 3731 damus
747 3672 937 3750 interpretes:
961 3672 1053 3730 “Pro
1067 3671 1211 3731 defunctis
1228 3674 1290 3747 qui·

90 3764 241 3834 busdam,”
269 3766 363 3841 inquit
389 3769 628 3836 ansusrmuau
655 3767 700 3828 rei
728 3771 820 3847 ipsius
849 3770 1002 3839 Ecclesiae,
1025 3770 1070 3828 vei
1096 3770 1288 3842 quorumdam

90 3865 203 3941 piorum
231 3866 381 3926 exauditur
394 3868 504 3925 oratio:
526 3868 578 3927 sed
593 3888 645 3947 pro
661 3869 705 3927 his
729 3888 849 3943 qnorum
866 3870 894 3928 in
911 3869 1028 3928 Christo
1044 3885 1288 3946 regeneratorum,

91 3980 144 4021 nec
157 3980 249 4034 usque
264 3962 334 4020 adeo
349 3963 448 4021 vitain
463 3983 581 4042 corpore
598 3966 670 4023 maie
683 3978 764 4042 gesta
781 3976 834 4034 est,
847 3976 879 4024 ut
893 3966 940 4024 tali
953 3964 1147 4023 misericordia
1157 3965 1290 4042 judicen-

90 4070 135 4119 tur
148 4061 227 4140 digni
241 4079 299 4121 non
320 4080 385 4120 esse
398 4081 406 4131 ;
428 4081 481 4121 nee
495 4082 587 4137 usque
608 4063 679 4124 adeo
700 4065 773 4123 bene
788 4077 820 4123 ut
834 4064 918 4123 talem
940 4063 1166 4123 misericordiam
1182 4067 1287 4142 reperi·

90 4167 171 4216 antur
185 4159 374 4217 necessariam
392 4178 449 4218 non
461 4159 564 4218 habere
566 4201 700 4221 .....
722 4163 827 4236 Neque
846 4165 922 4222 enim
938 4160 974 4220 de
995 4161 1167 4235 quibusdam
1183 4161 1288 4219 veraci·

89 4263 132 4313 ter
157 4254 307 4324 diceretur,
323 4255 400 4328 quod
426 4276 482 4316 non
506 4260 548 4316 eis
574 4261 730 4319 remittatur
756 4279 851 4335 nequa
875 4261 905 4317 in
930 4260 985 4317 hoc
1008 4258 1125 4326 saeculo,
1149 4276 1244 4333 neque
1258 4258 1286 4316 in

90 4352 194 4422 futuro,
206 4353 261 4412 nisi
277 4365 381 4422 essent,
404 4357 506 4428 quibus
521 4361 575 4416 etsi
597 4378 653 4417 non
675 4359 704 4418 in
725 4360 791 4427 isto,
806 4369 911 4427 tamen,
928 4357 1083 4416 remittetur
1100 4357 1128 4416 in
1144 4356 1288 4417 suturo.”¹'

490 4551 532 4616 (l)
552 4546 582 4602 L.
594 4551 618 4602 ii.
637 4551 719 4604 Mach.
731 4552 772 4604 xii.
783 4551 825 4602 to.

489 4636 530 4702 (2)
551 4636 581 4688 L·
593 4640 643 4690 xxi.
654 4641 685 4691 de
696 4640 742 4690 civ.
754 4637 802 4689 Dei
812 4654 833 4690 n
844 4640 911 4690 xxiv.
