<?xml version="1.0" encoding="UTF-8"?>
<!DOCTYPE html PUBLIC "-//W3C//DTD XHTML 1.0 Transitional//EN"
    "http://www.w3.org/TR/xhtml1/DTD/xhtml1-transitional.dtd">
<html xmlns="http://www.w3.org/1999/xhtml" xml:lang="en" lang="en">
 <head>
  <title>
</title>
<meta http-equiv="Content-Type" content="text/html;charset=utf-8" />
  <meta name='ocr-system' content='tesseract 3.04.00' />
  <meta name='ocr-capabilities' content='ocr_page ocr_carea ocr_par ocr_line ocrx_word'/>
</head>
<body>
  <div class='ocr_page' id='page_1' title='image "./theologidogmati02kenrgoog_0037.png"; bbox 0 0 2798 5092; ppageno 0'>
   <div class='ocr_carea' id='block_1_1' title="bbox 143 344 923 438">
    <p class='ocr_par' dir='ltr' id='par_1_1' title="bbox 143 344 923 438">
     <span class='ocr_line' id='line_1_1' title="bbox 143 344 923 438; baseline 0.006 -35"><span class='ocrx_word' id='word_1_1' title='bbox 143 344 181 403; x_wconf 71' lang='lat'><strong>84</strong></span> <span class='ocrx_word' id='word_1_2' title='bbox 571 344 627 406; x_wconf 89' lang='lat' dir='ltr'><strong>DE</strong></span> <span class='ocrx_word' id='word_1_3' title='bbox 649 344 923 438; x_wconf 81' lang='lat' dir='ltr'><strong>EPISOOPATU.</strong></span> 
     </span>
    </p>
   </div>
   <div class='ocr_carea' id='block_1_2' title="bbox 138 504 1339 3599">
    <p class='ocr_par' dir='ltr' id='par_1_2' title="bbox 140 504 1334 681">
     <span class='ocr_line' id='line_1_2' title="bbox 140 504 1334 587; baseline 0.005 -26"><span class='ocrx_word' id='word_1_4' title='bbox 140 504 189 563; x_wconf 89' lang='lat' dir='ltr'><strong>alii</strong></span> <span class='ocrx_word' id='word_1_5' title='bbox 204 505 391 564; x_wconf 81' lang='lat' dir='ltr'><strong>vetustissimi</strong></span> <span class='ocrx_word' id='word_1_6' title='bbox 406 516 499 583; x_wconf 85' lang='lat' dir='ltr'><strong>patres</strong></span> <span class='ocrx_word' id='word_1_7' title='bbox 513 504 585 564; x_wconf 91' lang='lat' dir='ltr'><strong>duos</strong></span> <span class='ocrx_word' id='word_1_8' title='bbox 599 506 653 567; x_wconf 89' lang='lat' dir='ltr'><strong>hos</strong></span> <span class='ocrx_word' id='word_1_9' title='bbox 674 506 788 566; x_wconf 83' lang='lat' dir='ltr'>ordines</span> <span class='ocrx_word' id='word_1_10' title='bbox 803 518 911 566; x_wconf 83' lang='lat' dir='ltr'><strong>tanturn</strong></span> <span class='ocrx_word' id='word_1_11' title='bbox 932 519 1167 567; x_wconf 89' lang='lat' dir='ltr'><strong>commemorant.</strong></span> <span class='ocrx_word' id='word_1_12' title='bbox 1208 510 1334 587; x_wconf 88' lang='lat' dir='ltr'><strong>Presby-</strong></span> 
     </span>
     <span class='ocr_line' id='line_1_3' title="bbox 141 603 781 681; baseline 0.005 -20"><span class='ocrx_word' id='word_1_13' title='bbox 141 603 193 661; x_wconf 87' lang='lat' dir='ltr'><strong>teri</strong></span> <span class='ocrx_word' id='word_1_14' title='bbox 207 603 294 680; x_wconf 83' lang='lat' dir='ltr'><strong>igitur</strong></span> <span class='ocrx_word' id='word_1_15' title='bbox 307 605 508 681; x_wconf 91' lang='lat' dir='ltr'><strong>episcoporum</strong></span> <span class='ocrx_word' id='word_1_16' title='bbox 522 604 638 663; x_wconf 88' lang='lat' dir='ltr'><strong>nomine</strong></span> <span class='ocrx_word' id='word_1_17' title='bbox 654 606 781 664; x_wconf 86' lang='lat' dir='ltr'><strong>veniunt.</strong></span> 
     </span>
    </p>

    <p class='ocr_par' dir='ltr' id='par_1_3' title="bbox 139 698 1338 1458">
     <span class='ocr_line' id='line_1_4' title="bbox 179 698 1331 782; baseline 0.004 -24"><span class='ocrx_word' id='word_1_18' title='bbox 179 698 270 777; x_wconf 82' lang='lat' dir='ltr'><strong>Resp.</strong></span> <span class='ocrx_word' id='word_1_19' title='bbox 292 700 325 759; x_wconf 96' lang='lat' dir='ltr'><strong>Id</strong></span> <span class='ocrx_word' id='word_1_20' title='bbox 339 701 446 778; x_wconf 88' lang='lat' dir='ltr'><strong>optime</strong></span> <span class='ocrx_word' id='word_1_21' title='bbox 456 712 592 761; x_wconf 80' lang='lat' dir='ltr'><strong>consonat</strong></span> <span class='ocrx_word' id='word_1_22' title='bbox 605 702 650 760; x_wconf 94' lang='lat' dir='ltr'><strong>his</strong></span> <span class='ocrx_word' id='word_1_23' title='bbox 664 721 737 775; x_wconf 84' lang='lat' dir='ltr'><strong>quae,</strong></span> <span class='ocrx_word' id='word_1_24' title='bbox 750 713 816 780; x_wconf 89' lang='lat' dir='ltr'><strong>post</strong></span> <span class='ocrx_word' id='word_1_25' title='bbox 826 704 987 773; x_wconf 90' lang='lat' dir='ltr'><strong>Petavium,</strong></span> <span class='ocrx_word' id='word_1_26' title='bbox 1000 703 1126 764; x_wconf 81' lang='lat' dir='ltr'>diximus</span> <span class='ocrx_word' id='word_1_27' title='bbox 1139 704 1173 763; x_wconf 89' lang='lat' dir='ltr'><strong>da</strong></span> <span class='ocrx_word' id='word_1_28' title='bbox 1186 705 1331 782; x_wconf 86' lang='lat' dir='ltr'><strong>plerisque</strong></span> 
     </span>
     <span class='ocr_line' id='line_1_5' title="bbox 144 797 1336 877; baseline 0.004 -21"><span class='ocrx_word' id='word_1_29' title='bbox 144 798 178 856; x_wconf 90' lang='lat' dir='ltr'><strong>ab</strong></span> <span class='ocrx_word' id='word_1_30' title='bbox 200 797 347 874; x_wconf 81' lang='lat' dir='ltr'><strong>Apostolis</strong></span> <span class='ocrx_word' id='word_1_31' title='bbox 370 799 529 858; x_wconf 87' lang='lat' dir='ltr'><strong>constitutis</strong></span> <span class='ocrx_word' id='word_1_32' title='bbox 554 800 718 877; x_wconf 86' lang='lat' dir='ltr'><strong>episcopis;</strong></span> <span class='ocrx_word' id='word_1_33' title='bbox 741 801 843 875; x_wconf 87' lang='lat' dir='ltr'><strong>quibus</strong></span> <span class='ocrx_word' id='word_1_34' title='bbox 866 803 950 861; x_wconf 91' lang='lat' dir='ltr'><strong>etiam</strong></span> <span class='ocrx_word' id='word_1_35' title='bbox 973 802 1087 871; x_wconf 87' lang='lat' dir='ltr'><strong>dabant,</strong></span> <span class='ocrx_word' id='word_1_36' title='bbox 1102 803 1143 861; x_wconf 90' lang='lat' dir='ltr'><strong>uti</strong></span> <span class='ocrx_word' id='word_1_37' title='bbox 1168 801 1284 861; x_wconf 90' lang='lat' dir='ltr'><strong>adnotat</strong></span> <span class='ocrx_word' id='word_1_38' title='bbox 1304 803 1336 861; x_wconf 92' lang='lat' dir='ltr'><strong>S.</strong></span> 
     </span>
     <span class='ocr_line' id='line_1_6' title="bbox 141 892 1333 978; baseline 0.001 -25"><span class='ocrx_word' id='word_1_39' title='bbox 141 892 334 971; x_wconf 84' lang='lat' dir='ltr'>Epiphanius,</span> <span class='ocrx_word' id='word_1_40' title='bbox 349 893 500 953; x_wconf 87' lang='lat' dir='ltr'><strong>diaconum</strong></span> <span class='ocrx_word' id='word_1_41' title='bbox 515 893 551 952; x_wconf 86' lang='lat' dir='ltr'><strong>ad</strong></span> <span class='ocrx_word' id='word_1_42' title='bbox 564 913 708 954; x_wconf 85' lang='lat' dir='ltr'><strong>sacrorum</strong></span> <span class='ocrx_word' id='word_1_43' title='bbox 723 915 874 978; x_wconf 88' lang='lat' dir='ltr'><strong>munerum</strong></span> <span class='ocrx_word' id='word_1_44' title='bbox 885 896 1027 955; x_wconf 82' lang='lat' dir='ltr'><strong>decorem.</strong></span> <span class='ocrx_word' id='word_1_45' title='bbox 1069 896 1164 956; x_wconf 81' lang='lat' dir='ltr'><strong>Penes</strong></span> <span class='ocrx_word' id='word_1_46' title='bbox 1179 899 1333 975; x_wconf 87' lang='lat' dir='ltr'><strong>episcopos</strong></span> 
     </span>
     <span class='ocr_line' id='line_1_7' title="bbox 140 993 1334 1070; baseline 0.005 -22"><span class='ocrx_word' id='word_1_47' title='bbox 140 1005 235 1050; x_wconf 89' lang='lat' dir='ltr'><strong>autem</strong></span> <span class='ocrx_word' id='word_1_48' title='bbox 249 1001 307 1049; x_wconf 91' lang='lat' dir='ltr'><strong>erat</strong></span> <span class='ocrx_word' id='word_1_49' title='bbox 321 993 513 1070; x_wconf 89' lang='lat' dir='ltr'><strong>presbyteros,</strong></span> <span class='ocrx_word' id='word_1_50' title='bbox 529 1011 580 1070; x_wconf 89' lang='lat' dir='ltr'><strong>pro</strong></span> <span class='ocrx_word' id='word_1_51' title='bbox 601 993 797 1053; x_wconf 87' lang='lat' dir='ltr'><strong>Ecclesiarum</strong></span> <span class='ocrx_word' id='word_1_52' title='bbox 819 995 999 1063; x_wconf 80' lang='lat' dir='ltr'><strong>necessitate,</strong></span> <span class='ocrx_word' id='word_1_53' title='bbox 1016 993 1156 1053; x_wconf 90' lang='lat' dir='ltr'><strong>ordinare.</strong></span> <span class='ocrx_word' id='word_1_54' title='bbox 1198 994 1334 1054; x_wconf 75' lang='lat' dir='ltr'><strong>Profecti</strong></span> 
     </span>
     <span class='ocr_line' id='line_1_8' title="bbox 140 1086 1335 1168; baseline 0.005 -23"><span class='ocrx_word' id='word_1_55' title='bbox 140 1086 278 1146; x_wconf 78' lang='lat' dir='ltr'><strong>Clemens</strong></span> <span class='ocrx_word' id='word_1_56' title='bbox 291 1088 354 1164; x_wconf 89' lang='lat' dir='ltr'><strong>ipse</strong></span> <span class='ocrx_word' id='word_1_57' title='bbox 372 1089 433 1165; x_wconf 90' lang='lat' dir='ltr'><strong>jam</strong></span> <span class='ocrx_word' id='word_1_58' title='bbox 448 1089 530 1147; x_wconf 89' lang='lat' dir='ltr'><strong>trium</strong></span> <span class='ocrx_word' id='word_1_59' title='bbox 545 1088 684 1166; x_wconf 81' lang='lat' dir='ltr'><strong>graduum</strong></span> <span class='ocrx_word' id='word_1_60' title='bbox 699 1089 910 1154; x_wconf 85' lang='lat' dir='ltr'><strong>distinctionem</strong></span> <span class='ocrx_word' id='word_1_61' title='bbox 925 1089 1086 1158; x_wconf 89' lang='lat' dir='ltr'><strong>tradiderat,</strong></span> <span class='ocrx_word' id='word_1_62' title='bbox 1101 1090 1137 1149; x_wconf 86' lang='lat' dir='ltr'><strong>ad</strong></span> <span class='ocrx_word' id='word_1_63' title='bbox 1157 1091 1251 1168; x_wconf 88' lang='lat' dir='ltr'><strong>legem</strong></span> <span class='ocrx_word' id='word_1_64' title='bbox 1276 1091 1335 1151; x_wconf 91' lang='lat' dir='ltr'><strong>Do·</strong></span> 
     </span>
     <span class='ocr_line' id='line_1_9' title="bbox 139 1183 1332 1265; baseline 0.003 -23"><span class='ocrx_word' id='word_1_65' title='bbox 139 1184 210 1243; x_wconf 90' lang='lat' dir='ltr'><strong>mini</strong></span> <span class='ocrx_word' id='word_1_66' title='bbox 235 1201 297 1242; x_wconf 87' lang='lat' dir='ltr'><strong>earn</strong></span> <span class='ocrx_word' id='word_1_67' title='bbox 325 1183 469 1243; x_wconf 85' lang='lat' dir='ltr'><strong>referens:</strong></span> <span class='ocrx_word' id='word_1_68' title='bbox 493 1194 589 1244; x_wconf 89' lang='lat' dir='ltr'><strong>“nam</strong></span> <span class='ocrx_word' id='word_1_69' title='bbox 613 1186 663 1259; x_wconf 87' lang='lat' dir='ltr'><strong>qui</strong></span> <span class='ocrx_word' id='word_1_70' title='bbox 685 1195 843 1260; x_wconf 88' lang='lat' dir='ltr'><strong>sequuntur</strong></span> <span class='ocrx_word' id='word_1_71' title='bbox 865 1187 943 1265; x_wconf 85' lang='lat' dir='ltr'><strong>leges</strong></span> <span class='ocrx_word' id='word_1_72' title='bbox 967 1186 1096 1255; x_wconf 91' lang='lat' dir='ltr'><strong>Domini,</strong></span> <span class='ocrx_word' id='word_1_73' title='bbox 1112 1206 1169 1246; x_wconf 91' lang='lat' dir='ltr'><strong>non</strong></span> <span class='ocrx_word' id='word_1_74' title='bbox 1191 1187 1332 1247; x_wconf 84' lang='lat' dir='ltr'><strong>aberrant.</strong></span> 
     </span>
     <span class='ocr_line' id='line_1_10' title="bbox 141 1281 1338 1360; baseline 0.004 -21"><span class='ocrx_word' id='word_1_75' title='bbox 141 1281 262 1341; x_wconf 88' lang='lat' dir='ltr'><strong>Summo</strong></span> <span class='ocrx_word' id='word_1_76' title='bbox 287 1283 395 1360; x_wconf 87' lang='lat' dir='ltr'><strong>quippe</strong></span> <span class='ocrx_word' id='word_1_77' title='bbox 418 1282 557 1342; x_wconf 89' lang='lat' dir='ltr'><strong>sacerdoti</strong></span> <span class='ocrx_word' id='word_1_78' title='bbox 581 1302 634 1341; x_wconf 91' lang='lat' dir='ltr'><strong>sua</strong></span> <span class='ocrx_word' id='word_1_79' title='bbox 659 1284 756 1342; x_wconf 90' lang='lat' dir='ltr'><strong>munia</strong></span> <span class='ocrx_word' id='word_1_80' title='bbox 776 1285 878 1343; x_wconf 86' lang='lat' dir='ltr'><strong>tributa</strong></span> <span class='ocrx_word' id='word_1_81' title='bbox 892 1294 968 1353; x_wconf 87' lang='lat' dir='ltr'><strong>sunt,</strong></span> <span class='ocrx_word' id='word_1_82' title='bbox 984 1297 1012 1344; x_wconf 91' lang='lat' dir='ltr'><strong>et</strong></span> <span class='ocrx_word' id='word_1_83' title='bbox 1033 1285 1227 1345; x_wconf 87' lang='lat' dir='ltr'><strong>sacerdotibus</strong></span> <span class='ocrx_word' id='word_1_84' title='bbox 1256 1287 1338 1346; x_wconf 87' lang='lat' dir='ltr'><strong>locus</strong></span> 
     </span>
     <span class='ocr_line' id='line_1_11' title="bbox 141 1381 1003 1458; baseline 0.003 -19"><span class='ocrx_word' id='word_1_85' title='bbox 141 1381 272 1458; x_wconf 90' lang='lat' dir='ltr'><strong>proprius</strong></span> <span class='ocrx_word' id='word_1_86' title='bbox 288 1382 448 1458; x_wconf 86' lang='lat' dir='ltr'><strong>assignatus</strong></span> <span class='ocrx_word' id='word_1_87' title='bbox 463 1397 515 1450; x_wconf 86' lang='lat' dir='ltr'><strong>eat,</strong></span> <span class='ocrx_word' id='word_1_88' title='bbox 531 1391 559 1440; x_wconf 90' lang='lat' dir='ltr'><strong>et</strong></span> <span class='ocrx_word' id='word_1_89' title='bbox 571 1382 665 1440; x_wconf 87' lang='lat' dir='ltr'><strong>levitis</strong></span> <span class='ocrx_word' id='word_1_90' title='bbox 680 1400 731 1441; x_wconf 86' lang='lat' dir='ltr'><strong>sua</strong></span> <span class='ocrx_word' id='word_1_91' title='bbox 745 1383 842 1441; x_wconf 90' lang='lat' dir='ltr'><strong>munia</strong></span> <span class='ocrx_word' id='word_1_92' title='bbox 856 1383 1003 1442; x_wconf 85' lang='lat' dir='ltr'><strong>tributa.”²</strong></span> 
     </span>
    </p>

    <p class='ocr_par' dir='ltr' id='par_1_4' title="bbox 138 1476 1335 1926">
     <span class='ocr_line' id='line_1_12' title="bbox 180 1476 1333 1558; baseline 0.005 -24"><span class='ocrx_word' id='word_1_93' title='bbox 180 1481 227 1535; x_wconf 84' lang='lat'><strong>54.</strong></span> <span class='ocrx_word' id='word_1_94' title='bbox 254 1476 320 1556; x_wconf 76' lang='lat' dir='ltr'><strong>obj.</strong></span> <span class='ocrx_word' id='word_1_95' title='bbox 337 1482 365 1536; x_wconf 88' lang='lat'><strong>3.</strong></span> <span class='ocrx_word' id='word_1_96' title='bbox 388 1479 446 1545; x_wconf 83' lang='lat' dir='ltr'><strong>Qui</strong></span> <span class='ocrx_word' id='word_1_97' title='bbox 460 1479 568 1536; x_wconf 84' lang='lat' dir='ltr'><strong>caeteris</strong></span> <span class='ocrx_word' id='word_1_98' title='bbox 583 1490 721 1556; x_wconf 75' lang='lat' dir='ltr'><strong>preerant</strong></span> <span class='ocrx_word' id='word_1_99' title='bbox 735 1479 764 1537; x_wconf 92' lang='lat' dir='ltr'><strong>in</strong></span> <span class='ocrx_word' id='word_1_100' title='bbox 779 1479 912 1539; x_wconf 82' lang='lat' dir='ltr'><strong>Ecclesia</strong></span> <span class='ocrx_word' id='word_1_101' title='bbox 925 1481 1013 1538; x_wconf 84' lang='lat' dir='ltr'><strong>veteri</strong></span> <span class='ocrx_word' id='word_1_102' title='bbox 1028 1481 1143 1540; x_wconf 90' lang='lat' dir='ltr'><strong>nonnisi</strong></span> <span class='ocrx_word' id='word_1_103' title='bbox 1157 1482 1244 1558; x_wconf 89' lang='lat' dir='ltr'><strong>primi</strong></span> <span class='ocrx_word' id='word_1_104' title='bbox 1258 1483 1333 1542; x_wconf 80' lang='lat' dir='ltr'><strong>iuter</strong></span> 
     </span>
     <span class='ocr_line' id='line_1_13' title="bbox 138 1561 1331 1653; baseline 0.006 -21"><span class='ocrx_word' id='word_1_105' title='bbox 138 1593 220 1653; x_wconf 87' lang='lat' dir='ltr'><strong>pares</strong></span> <span class='ocrx_word' id='word_1_106' title='bbox 242 1575 425 1644; x_wconf 85' lang='lat' dir='ltr'><strong>habebantur,</strong></span> <span class='ocrx_word' id='word_1_107' title='bbox 440 1575 563 1651; x_wconf 88' lang='lat' dir='ltr'><strong>ideoque</strong></span> <span class='ocrx_word' id='word_1_108' title='bbox 587 1561 707 1644; x_wconf 78' lang='lat' dir='ltr'><strong>decreta,</strong></span> <span class='ocrx_word' id='word_1_109' title='bbox 723 1577 799 1636; x_wconf 92' lang='lat' dir='ltr'><strong>haud</strong></span> <span class='ocrx_word' id='word_1_110' title='bbox 823 1577 947 1647; x_wconf 91' lang='lat' dir='ltr'><strong>illorum,</strong></span> <span class='ocrx_word' id='word_1_111' title='bbox 969 1579 1022 1636; x_wconf 86' lang='lat' dir='ltr'><strong>sed</strong></span> <span class='ocrx_word' id='word_1_112' title='bbox 1046 1578 1189 1639; x_wconf 85' lang='lat' dir='ltr'><strong>Ecclesiae</strong></span> <span class='ocrx_word' id='word_1_113' title='bbox 1212 1582 1331 1639; x_wconf 88' lang='lat' dir='ltr'><strong>nomine</strong></span> 
     </span>
     <span class='ocr_line' id='line_1_14' title="bbox 139 1671 1334 1754; baseline 0.004 -24"><span class='ocrx_word' id='word_1_114' title='bbox 139 1671 302 1731; x_wconf 85' lang='lat' dir='ltr'><strong>edebantur.</strong></span> <span class='ocrx_word' id='word_1_115' title='bbox 344 1672 394 1730; x_wconf 86' lang='lat' dir='ltr'><strong>Sic</strong></span> <span class='ocrx_word' id='word_1_116' title='bbox 417 1673 539 1750; x_wconf 91' lang='lat' dir='ltr'><strong>epistola</strong></span> <span class='ocrx_word' id='word_1_117' title='bbox 563 1693 580 1730; x_wconf 93' lang='lat' dir='ltr'><strong>a</strong></span> <span class='ocrx_word' id='word_1_118' title='bbox 610 1673 761 1732; x_wconf 82' lang='lat' dir='ltr'><strong>Clemente</strong></span> <span class='ocrx_word' id='word_1_119' title='bbox 789 1674 921 1745; x_wconf 84' lang='lat' dir='ltr'><strong>Romano</strong></span> <span class='ocrx_word' id='word_1_120' title='bbox 950 1674 985 1732; x_wconf 92' lang='lat' dir='ltr'><strong>ad</strong></span> <span class='ocrx_word' id='word_1_121' title='bbox 1019 1675 1187 1734; x_wconf 84' lang='lat' dir='ltr'><strong>Corinthios</strong></span> <span class='ocrx_word' id='word_1_122' title='bbox 1215 1677 1334 1754; x_wconf 90' lang='lat' dir='ltr'><strong>scripta,</strong></span> 
     </span>
     <span class='ocr_line' id='line_1_15' title="bbox 139 1767 1335 1845; baseline 0.004 -19"><span class='ocrx_word' id='word_1_123' title='bbox 139 1769 254 1845; x_wconf 87' lang='lat' dir='ltr'><strong>incipit:</strong></span> <span class='ocrx_word' id='word_1_124' title='bbox 278 1767 441 1828; x_wconf 88' lang='lat' dir='ltr'><strong>“Ecclesia</strong></span> <span class='ocrx_word' id='word_1_125' title='bbox 463 1769 519 1828; x_wconf 91' lang='lat' dir='ltr'><strong>Dei</strong></span> <span class='ocrx_word' id='word_1_126' title='bbox 543 1786 606 1844; x_wconf 85' lang='lat' dir='ltr'><strong>quoe</strong></span> <span class='ocrx_word' id='word_1_127' title='bbox 630 1768 729 1828; x_wconf 86' lang='lat' dir='ltr'><strong>incolit</strong></span> <span class='ocrx_word' id='word_1_128' title='bbox 749 1770 883 1838; x_wconf 86' lang='lat' dir='ltr'><strong>Romam,</strong></span> <span class='ocrx_word' id='word_1_129' title='bbox 905 1770 1047 1831; x_wconf 88' lang='lat' dir='ltr'><strong>Eoclesiae</strong></span> <span class='ocrx_word' id='word_1_130' title='bbox 1070 1771 1127 1830; x_wconf 89' lang='lat' dir='ltr'><strong>Dei</strong></span> <span class='ocrx_word' id='word_1_131' title='bbox 1149 1790 1212 1845; x_wconf 84' lang='lat' dir='ltr'><strong>quae</strong></span> <span class='ocrx_word' id='word_1_132' title='bbox 1233 1772 1335 1831; x_wconf 90' lang='lat' dir='ltr'><strong>incolit</strong></span> 
     </span>
     <span class='ocr_line' id='line_1_16' title="bbox 141 1865 346 1926; baseline 0.01 -3"><span class='ocrx_word' id='word_1_133' title='bbox 141 1865 346 1926; x_wconf 82' lang='lat' dir='ltr'><strong>Corinthum.‘’</strong></span> 
     </span>
    </p>

    <p class='ocr_par' dir='ltr' id='par_1_5' title="bbox 140 1963 1334 2510">
     <span class='ocr_line' id='line_1_17' title="bbox 178 1963 1333 2045; baseline 0.004 -22"><span class='ocrx_word' id='word_1_134' title='bbox 178 1963 268 2043; x_wconf 86' lang='lat' dir='ltr'><strong>Resp.</strong></span> <span class='ocrx_word' id='word_1_135' title='bbox 290 1964 430 2043; x_wconf 87' lang='lat' dir='ltr'><strong>Episcopi</strong></span> <span class='ocrx_word' id='word_1_136' title='bbox 445 1967 608 2025; x_wconf 87' lang='lat' dir='ltr'><strong>anctoritate</strong></span> <span class='ocrx_word' id='word_1_137' title='bbox 622 1966 781 2044; x_wconf 86' lang='lat' dir='ltr'><strong>gaudebant</strong></span> <span class='ocrx_word' id='word_1_138' title='bbox 792 1967 918 2026; x_wconf 83' lang='lat' dir='ltr'><strong>maxima</strong></span> <span class='ocrx_word' id='word_1_139' title='bbox 931 1968 960 2026; x_wconf 91' lang='lat' dir='ltr'><strong>in</strong></span> <span class='ocrx_word' id='word_1_140' title='bbox 976 1968 1046 2045; x_wconf 90' lang='lat' dir='ltr'><strong>ipsis</strong></span> <span class='ocrx_word' id='word_1_141' title='bbox 1059 1967 1199 2045; x_wconf 75' lang='lat' dir='ltr'><strong>Ecclesia</strong></span> <span class='ocrx_word' id='word_1_142' title='bbox 1212 1969 1333 2045; x_wconf 90' lang='lat' dir='ltr'><strong>primor-</strong></span> 
     </span>
     <span class='ocr_line' id='line_1_18' title="bbox 140 2059 1331 2142; baseline 0.005 -23"><span class='ocrx_word' id='word_1_143' title='bbox 140 2059 205 2130; x_wconf 94' lang='lat' dir='ltr'><strong>diis,</strong></span> <span class='ocrx_word' id='word_1_144' title='bbox 222 2061 263 2118; x_wconf 89' lang='lat' dir='ltr'><strong>uti</strong></span> <span class='ocrx_word' id='word_1_145' title='bbox 276 2061 367 2136; x_wconf 90' lang='lat' dir='ltr'><strong>liquet</strong></span> <span class='ocrx_word' id='word_1_146' title='bbox 379 2080 417 2120; x_wconf 85' lang='lat' dir='ltr'><strong>ex</strong></span> <span class='ocrx_word' id='word_1_147' title='bbox 430 2062 533 2140; x_wconf 85' lang='lat' dir='ltr'><strong>Ignatii</strong></span> <span class='ocrx_word' id='word_1_148' title='bbox 547 2063 679 2140; x_wconf 89' lang='lat' dir='ltr'><strong>epistolis</strong></span> <span class='ocrx_word' id='word_1_149' title='bbox 694 2081 757 2136; x_wconf 87' lang='lat' dir='ltr'><strong>quae</strong></span> <span class='ocrx_word' id='word_1_150' title='bbox 772 2063 845 2122; x_wconf 91' lang='lat' dir='ltr'><strong>nihil</strong></span> <span class='ocrx_word' id='word_1_151' title='bbox 858 2065 965 2137; x_wconf 89' lang='lat' dir='ltr'><strong>absque</strong></span> <span class='ocrx_word' id='word_1_152' title='bbox 986 2065 1125 2142; x_wconf 91' lang='lat' dir='ltr'><strong>episcopo</strong></span> <span class='ocrx_word' id='word_1_153' title='bbox 1138 2065 1200 2123; x_wconf 86' lang='lat' dir='ltr'><strong>fieri</strong></span> <span class='ocrx_word' id='word_1_154' title='bbox 1217 2065 1331 2142; x_wconf 86' lang='lat' dir='ltr'><strong>jubent.</strong></span> 
     </span>
     <span class='ocr_line' id='line_1_19' title="bbox 143 2158 1334 2241; baseline 0.004 -24"><span class='ocrx_word' id='word_1_155' title='bbox 143 2158 228 2227; x_wconf 86' lang='lat' dir='ltr'><strong>Quod</strong></span> <span class='ocrx_word' id='word_1_156' title='bbox 252 2169 345 2219; x_wconf 91' lang='lat' dir='ltr'><strong>autem</strong></span> <span class='ocrx_word' id='word_1_157' title='bbox 376 2159 514 2219; x_wconf 88' lang='lat' dir='ltr'><strong>Clemens</strong></span> <span class='ocrx_word' id='word_1_158' title='bbox 535 2159 675 2219; x_wconf 70' lang='lat' dir='ltr'><strong>Ecclesia</strong></span> <span class='ocrx_word' id='word_1_159' title='bbox 697 2161 835 2219; x_wconf 84' lang='lat' dir='ltr'><strong>Romanae</strong></span> <span class='ocrx_word' id='word_1_160' title='bbox 855 2162 972 2220; x_wconf 90' lang='lat' dir='ltr'><strong>nomine</strong></span> <span class='ocrx_word' id='word_1_161' title='bbox 995 2164 1141 2240; x_wconf 84' lang='lat' dir='ltr'><strong>scripserit</strong></span> <span class='ocrx_word' id='word_1_162' title='bbox 1162 2163 1270 2241; x_wconf 80' lang='lat' dir='ltr'><strong>insigni</strong></span> <span class='ocrx_word' id='word_1_163' title='bbox 1291 2175 1334 2223; x_wconf 90' lang='lat' dir='ltr'><strong>est</strong></span> 
     </span>
     <span class='ocr_line' id='line_1_20' title="bbox 141 2254 1333 2337; baseline 0.007 -23"><span class='ocrx_word' id='word_1_164' title='bbox 141 2254 289 2314; x_wconf 82' lang='lat' dir='ltr'><strong>modestiae</strong></span> <span class='ocrx_word' id='word_1_165' title='bbox 311 2267 340 2315; x_wconf 85' lang='lat' dir='ltr'><strong>et</strong></span> <span class='ocrx_word' id='word_1_166' title='bbox 360 2257 506 2333; x_wconf 77' lang='lat' dir='ltr'><strong>sapientie</strong></span> <span class='ocrx_word' id='word_1_167' title='bbox 526 2254 702 2334; x_wconf 83' lang='lat' dir='ltr'><strong>argumento,</strong></span> <span class='ocrx_word' id='word_1_168' title='bbox 724 2257 830 2334; x_wconf 88' lang='lat' dir='ltr'><strong>quippe</strong></span> <span class='ocrx_word' id='word_1_169' title='bbox 853 2257 928 2317; x_wconf 89' lang='lat' dir='ltr'><strong>haud</strong></span> <span class='ocrx_word' id='word_1_170' title='bbox 948 2277 1000 2318; x_wconf 88' lang='lat' dir='ltr'><strong>sua</strong></span> <span class='ocrx_word' id='word_1_171' title='bbox 1021 2267 1128 2319; x_wconf 75' lang='lat' dir='ltr'><strong>mutum</strong></span> <span class='ocrx_word' id='word_1_172' title='bbox 1153 2260 1266 2337; x_wconf 84' lang='lat' dir='ltr'><strong>placita,</strong></span> <span class='ocrx_word' id='word_1_173' title='bbox 1281 2261 1333 2322; x_wconf 88' lang='lat' dir='ltr'><strong>sed</strong></span> 
     </span>
     <span class='ocr_line' id='line_1_21' title="bbox 141 2353 1333 2432; baseline 0.008 -23"><span class='ocrx_word' id='word_1_174' title='bbox 141 2371 205 2427; x_wconf 83' lang='lat' dir='ltr'><strong>qnae</strong></span> <span class='ocrx_word' id='word_1_175' title='bbox 218 2355 350 2413; x_wconf 89' lang='lat' dir='ltr'><strong>omnibus</strong></span> <span class='ocrx_word' id='word_1_176' title='bbox 364 2355 481 2432; x_wconf 89' lang='lat' dir='ltr'><strong>pmbata</strong></span> <span class='ocrx_word' id='word_1_177' title='bbox 493 2353 598 2413; x_wconf 88' lang='lat' dir='ltr'><strong>fuerint</strong></span> <span class='ocrx_word' id='word_1_178' title='bbox 611 2373 643 2413; x_wconf 92' lang='lat' dir='ltr'><strong>se</strong></span> <span class='ocrx_word' id='word_1_179' title='bbox 657 2357 801 2415; x_wconf 87' lang='lat' dir='ltr'><strong>enuntiare</strong></span> <span class='ocrx_word' id='word_1_180' title='bbox 816 2357 919 2425; x_wconf 89' lang='lat' dir='ltr'><strong>innuit,</strong></span> <span class='ocrx_word' id='word_1_181' title='bbox 934 2355 969 2415; x_wconf 90' lang='lat' dir='ltr'><strong>ad</strong></span> <span class='ocrx_word' id='word_1_182' title='bbox 983 2358 1093 2416; x_wconf 88' lang='lat' dir='ltr'><strong>animos</strong></span> <span class='ocrx_word' id='word_1_183' title='bbox 1115 2357 1333 2419; x_wconf 83' lang='lat' dir='ltr'><strong>Corinthiorum</strong></span> 
     </span>
     <span class='ocr_line' id='line_1_22' title="bbox 145 2449 349 2510; baseline -0.005 0"><span class='ocrx_word' id='word_1_184' title='bbox 145 2449 349 2510; x_wconf 84' lang='lat' dir='ltr'><strong>conciliandos.</strong></span> 
     </span>
    </p>

    <p class='ocr_par' dir='ltr' id='par_1_6' title="bbox 139 2547 1336 2918">
     <span class='ocr_line' id='line_1_23' title="bbox 181 2547 1327 2630; baseline 0.007 -24"><span class='ocrx_word' id='word_1_185' title='bbox 181 2552 230 2606; x_wconf 77' lang='grc'><strong>55.</strong></span> <span class='ocrx_word' id='word_1_186' title='bbox 255 2547 322 2627; x_wconf 75' lang='lat' dir='ltr'><strong>obj.</strong></span> <span class='ocrx_word' id='word_1_187' title='bbox 337 2552 367 2606; x_wconf 88' lang='grc'><strong>4.</strong></span> <span class='ocrx_word' id='word_1_188' title='bbox 388 2548 407 2606; x_wconf 89' lang='lat' dir='ltr'>J</span> <span class='ocrx_word' id='word_1_189' title='bbox 410 2549 518 2608; x_wconf 89' lang='lat' dir='ltr'><strong>ustinus</strong></span> <span class='ocrx_word' id='word_1_190' title='bbox 543 2550 739 2629; x_wconf 88' lang='lat' dir='ltr'><strong>presbyterum</strong></span> <span class='ocrx_word' id='word_1_191' title='bbox 755 2552 840 2610; x_wconf 87' lang='lat' dir='ltr'><strong>coetui</strong></span> <span class='ocrx_word' id='word_1_192' title='bbox 861 2552 977 2611; x_wconf 87' lang='lat' dir='ltr'><strong>cuilibet</strong></span> <span class='ocrx_word' id='word_1_193' title='bbox 990 2551 1116 2611; x_wconf 86' lang='lat' dir='ltr'><strong>fidelium</strong></span> <span class='ocrx_word' id='word_1_194' title='bbox 1132 2553 1161 2611; x_wconf 91' lang='lat' dir='ltr'><strong>in</strong></span> <span class='ocrx_word' id='word_1_195' title='bbox 1176 2555 1327 2630; x_wconf 88' lang='lat' dir='ltr'><strong>mysterio-</strong></span> 
     </span>
     <span class='ocr_line' id='line_1_24' title="bbox 139 2645 1336 2728; baseline 0.004 -22"><span class='ocrx_word' id='word_1_196' title='bbox 139 2664 202 2706; x_wconf 86' lang='lat' dir='ltr'><strong>rum</strong></span> <span class='ocrx_word' id='word_1_197' title='bbox 215 2645 404 2708; x_wconf 89' lang='lat' dir='ltr'><strong>celebratione</strong></span> <span class='ocrx_word' id='word_1_198' title='bbox 415 2647 615 2724; x_wconf 69' lang='lat' dir='ltr'><strong>presidentem</strong></span> <span class='ocrx_word' id='word_1_199' title='bbox 627 2658 709 2707; x_wconf 89' lang='lat' dir='ltr'><strong>vocat</strong></span> <span class='ocrx_word' id='word_1_200' title='bbox 718 2671 754 2716; x_wconf 56' lang='lat' dir='ltr'><strong>vo</strong></span> <span class='ocrx_word' id='word_1_201' title='bbox 765 2651 914 2720; x_wconf 57' lang='lat' dir='ltr'><strong>reposcere?</strong></span> <span class='ocrx_word' id='word_1_202' title='bbox 922 2668 1007 2723; x_wconf 91' lang='lat' dir='ltr'><strong>quern</strong></span> <span class='ocrx_word' id='word_1_203' title='bbox 1021 2650 1216 2708; x_wconf 89' lang='lat' dir='ltr'><strong>Tertullianus</strong></span> <span class='ocrx_word' id='word_1_204' title='bbox 1230 2652 1336 2728; x_wconf 88' lang='lat' dir='ltr'><strong>pariter</strong></span> 
     </span>
     <span class='ocr_line' id='line_1_25' title="bbox 139 2731 1335 2820; baseline 0.004 -20"><span class='ocrx_word' id='word_1_205' title='bbox 139 2740 286 2820; x_wconf 85' lang='lat' dir='ltr'><strong>designat:</strong></span> <span class='ocrx_word' id='word_1_206' title='bbox 310 2751 329 2778; x_wconf 81' lang='lat'><strong>‘⁸</strong></span> <span class='ocrx_word' id='word_1_207' title='bbox 339 2742 610 2820; x_wconf 85' lang='lat' dir='ltr'><strong>praesideut&#39;probati</strong></span> <span class='ocrx_word' id='word_1_208' title='bbox 624 2743 731 2818; x_wconf 89' lang='lat' dir='ltr'><strong>quique</strong></span> <span class='ocrx_word' id='word_1_209' title='bbox 743 2731 871 2801; x_wconf 84' lang='lat' dir='ltr'><strong>seniores</strong></span> <span class='ocrx_word' id='word_1_210' title='bbox 882 2743 990 2801; x_wconf 78' lang='lat'><strong>:”³-“</strong></span> <span class='ocrx_word' id='word_1_211' title='bbox 1003 2763 1056 2803; x_wconf 90' lang='lat' dir='ltr'><strong>nec</strong></span> <span class='ocrx_word' id='word_1_212' title='bbox 1070 2743 1105 2802; x_wconf 87' lang='lat' dir='ltr'><strong>do&#39;</strong></span> <span class='ocrx_word' id='word_1_213' title='bbox 1117 2744 1235 2804; x_wconf 86' lang='lat' dir='ltr'><strong>aliorum</strong></span> <span class='ocrx_word' id='word_1_214' title='bbox 1249 2765 1335 2805; x_wconf 88' lang='lat' dir='ltr'><strong>manu</strong></span> 
     </span>
     <span class='ocr_line' id='line_1_26' title="bbox 140 2840 872 2918; baseline -0.001 -19"><span class='ocrx_word' id='word_1_215' title='bbox 140 2859 226 2915; x_wconf 87' lang='lat' dir='ltr'><strong>quam</strong></span> <span class='ocrx_word' id='word_1_216' title='bbox 240 2841 452 2918; x_wconf 82' lang='lat' dir='ltr'><strong>praesidentium</strong></span> <span class='ocrx_word' id='word_1_217' title='bbox 465 2840 664 2901; x_wconf 89' lang='lat' dir='ltr'><strong>eucharistiam</strong></span> <span class='ocrx_word' id='word_1_218' title='bbox 681 2840 872 2900; x_wconf 75' lang='lat' dir='ltr'><strong>sumimus.’&#39;⁴</strong></span> 
     </span>
    </p>

    <p class='ocr_par' dir='ltr' id='par_1_7' title="bbox 138 2936 1338 3502">
     <span class='ocr_line' id='line_1_27' title="bbox 181 2936 1336 3018; baseline 0.003 -22"><span class='ocrx_word' id='word_1_219' title='bbox 181 2936 268 3017; x_wconf 84' lang='lat' dir='ltr'><strong>Resp.</strong></span> <span class='ocrx_word' id='word_1_220' title='bbox 291 2938 419 2998; x_wconf 86' lang='lat' dir='ltr'><strong>Vocibus</strong></span> <span class='ocrx_word' id='word_1_221' title='bbox 435 2939 492 2998; x_wconf 87' lang='lat' dir='ltr'><strong>illis</strong></span> <span class='ocrx_word' id='word_1_222' title='bbox 506 2940 559 2998; x_wconf 90' lang='lat' dir='ltr'><strong>rite</strong></span> <span class='ocrx_word' id='word_1_223' title='bbox 574 2938 757 3017; x_wconf 86' lang='lat' dir='ltr'><strong>designantur</strong></span> <span class='ocrx_word' id='word_1_224' title='bbox 771 2941 843 2998; x_wconf 88' lang='lat' dir='ltr'><strong>sacri</strong></span> <span class='ocrx_word' id='word_1_225' title='bbox 859 2941 991 3008; x_wconf 90' lang='lat' dir='ltr'><strong>ministri,</strong></span> <span class='ocrx_word' id='word_1_226' title='bbox 1005 2941 1090 2999; x_wconf 88' lang='lat' dir='ltr'><strong>etiam</strong></span> <span class='ocrx_word' id='word_1_227' title='bbox 1105 2940 1244 3018; x_wconf 85' lang='lat' dir='ltr'><strong>regimine</strong></span> <span class='ocrx_word' id='word_1_228' title='bbox 1259 2941 1336 3000; x_wconf 90' lang='lat' dir='ltr'><strong>haud</strong></span> 
     </span>
     <span class='ocr_line' id='line_1_28' title="bbox 139 3035 1338 3115; baseline 0.003 -21"><span class='ocrx_word' id='word_1_229' title='bbox 139 3035 300 3113; x_wconf 81' lang='lat' dir='ltr'><strong>fungentes,</strong></span> <span class='ocrx_word' id='word_1_230' title='bbox 316 3055 369 3095; x_wconf 89' lang='lat' dir='ltr'><strong>neo</strong></span> <span class='ocrx_word' id='word_1_231' title='bbox 391 3056 464 3115; x_wconf 89' lang='lat' dir='ltr'><strong>opus</strong></span> <span class='ocrx_word' id='word_1_232' title='bbox 490 3036 543 3095; x_wconf 88' lang='lat' dir='ltr'><strong>fuit</strong></span> <span class='ocrx_word' id='word_1_233' title='bbox 562 3037 676 3096; x_wconf 89' lang='lat' dir='ltr'><strong>Justiuo</strong></span> <span class='ocrx_word' id='word_1_234' title='bbox 698 3036 743 3094; x_wconf 88' lang='lat' dir='ltr'><strong>vel</strong></span> <span class='ocrx_word' id='word_1_235' title='bbox 769 3035 946 3095; x_wconf 85' lang='lat' dir='ltr'><strong>Tertulliano</strong></span> <span class='ocrx_word' id='word_1_236' title='bbox 967 3037 997 3095; x_wconf 91' lang='lat' dir='ltr'><strong>in</strong></span> <span class='ocrx_word' id='word_1_237' title='bbox 1018 3037 1180 3095; x_wconf 88' lang='lat' dir='ltr'><strong>christianis</strong></span> <span class='ocrx_word' id='word_1_238' title='bbox 1202 3037 1338 3097; x_wconf 87' lang='lat' dir='ltr'><strong>vindiciis</strong></span> 
     </span>
     <span class='ocr_line' id='line_1_29' title="bbox 139 3133 1334 3212; baseline 0.003 -20"><span class='ocrx_word' id='word_1_239' title='bbox 139 3133 270 3193; x_wconf 85' lang='lat' dir='ltr'><strong>ethnicos</strong></span> <span class='ocrx_word' id='word_1_240' title='bbox 292 3135 511 3210; x_wconf 87' lang='lat' dir='ltr'><strong>alloquentibus.</strong></span> <span class='ocrx_word' id='word_1_241' title='bbox 527 3135 656 3212; x_wconf 87' lang='lat' dir='ltr'><strong>singulos</strong></span> <span class='ocrx_word' id='word_1_242' title='bbox 677 3133 780 3212; x_wconf 83' lang='lat' dir='ltr'><strong>gradus</strong></span> <span class='ocrx_word' id='word_1_243' title='bbox 795 3134 969 3193; x_wconf 88' lang='lat' dir='ltr'><strong>enucleatius</strong></span> <span class='ocrx_word' id='word_1_244' title='bbox 991 3135 1145 3212; x_wconf 84' lang='lat' dir='ltr'><strong>explicare.</strong></span> <span class='ocrx_word' id='word_1_245' title='bbox 1188 3135 1334 3195; x_wconf 77' lang='lat' dir='ltr'><strong>Caeterum</strong></span> 
     </span>
     <span class='ocr_line' id='line_1_30' title="bbox 139 3230 1336 3310; baseline 0.002 -21"><span class='ocrx_word' id='word_1_246' title='bbox 139 3241 276 3305; x_wconf 90' lang='lat' dir='ltr'><strong>quantum</strong></span> <span class='ocrx_word' id='word_1_247' title='bbox 290 3231 375 3291; x_wconf 91' lang='lat' dir='ltr'><strong>distet</strong></span> <span class='ocrx_word' id='word_1_248' title='bbox 388 3230 543 3310; x_wconf 86' lang='lat' dir='ltr'><strong>praesidens</strong></span> <span class='ocrx_word' id='word_1_249' title='bbox 559 3230 644 3288; x_wconf 88' lang='lat' dir='ltr'><strong>coetui</strong></span> <span class='ocrx_word' id='word_1_250' title='bbox 658 3231 794 3308; x_wconf 87' lang='lat' dir='ltr'><strong>singulari</strong></span> <span class='ocrx_word' id='word_1_251' title='bbox 808 3232 843 3290; x_wconf 90' lang='lat' dir='ltr'><strong>ab</strong></span> <span class='ocrx_word' id='word_1_252' title='bbox 857 3233 995 3308; x_wconf 88' lang='lat' dir='ltr'><strong>episcopo</strong></span> <span class='ocrx_word' id='word_1_253' title='bbox 1009 3249 1046 3290; x_wconf 87' lang='lat' dir='ltr'><strong>ex</strong></span> <span class='ocrx_word' id='word_1_254' title='bbox 1060 3231 1240 3291; x_wconf 88' lang='lat' dir='ltr'><strong>Tertulliano</strong></span> <span class='ocrx_word' id='word_1_255' title='bbox 1255 3233 1336 3291; x_wconf 81' lang='lat' dir='ltr'><strong>novi·</strong></span> 
     </span>
     <span class='ocr_line' id='line_1_31' title="bbox 138 3327 1337 3408; baseline 0 -20"><span class='ocrx_word' id='word_1_256' title='bbox 138 3347 215 3397; x_wconf 91' lang='lat' dir='ltr'><strong>mus,</strong></span> <span class='ocrx_word' id='word_1_257' title='bbox 231 3330 279 3403; x_wconf 90' lang='lat' dir='ltr'><strong>qui</strong></span> <span class='ocrx_word' id='word_1_258' title='bbox 294 3330 461 3406; x_wconf 89' lang='lat' dir='ltr'><strong>presbytero</strong></span> <span class='ocrx_word' id='word_1_259' title='bbox 474 3327 550 3386; x_wconf 91' lang='lat' dir='ltr'><strong>haud</strong></span> <span class='ocrx_word' id='word_1_260' title='bbox 564 3328 650 3387; x_wconf 89' lang='lat' dir='ltr'><strong>licere</strong></span> <span class='ocrx_word' id='word_1_261' title='bbox 664 3328 836 3405; x_wconf 87' lang='lat' dir='ltr'><strong>baptismum</strong></span> <span class='ocrx_word' id='word_1_262' title='bbox 851 3329 1023 3398; x_wconf 86' lang='lat' dir='ltr'><strong>ministrare,</strong></span> <span class='ocrx_word' id='word_1_263' title='bbox 1038 3329 1095 3388; x_wconf 88' lang='lat' dir='ltr'><strong>nisi</strong></span> <span class='ocrx_word' id='word_1_264' title='bbox 1109 3348 1147 3387; x_wconf 88' lang='lat' dir='ltr'><strong>ex</strong></span> <span class='ocrx_word' id='word_1_265' title='bbox 1161 3331 1245 3388; x_wconf 86' lang='lat' dir='ltr'><strong>venia</strong></span> <span class='ocrx_word' id='word_1_266' title='bbox 1259 3331 1337 3408; x_wconf 90' lang='lat' dir='ltr'><strong>epis-</strong></span> 
     </span>
     <span class='ocr_line' id='line_1_32' title="bbox 140 3423 961 3502; baseline 0 -20"><span class='ocrx_word' id='word_1_267' title='bbox 140 3425 205 3502; x_wconf 87' lang='lat' dir='ltr'><strong>copi</strong></span> <span class='ocrx_word' id='word_1_268' title='bbox 220 3425 289 3483; x_wconf 88' lang='lat' dir='ltr'><strong>alias</strong></span> <span class='ocrx_word' id='word_1_269' title='bbox 304 3424 381 3493; x_wconf 91' lang='lat' dir='ltr'><strong>dicit,</strong></span> <span class='ocrx_word' id='word_1_270' title='bbox 394 3443 459 3483; x_wconf 89' lang='lat' dir='ltr'><strong>eum</strong></span> <span class='ocrx_word' id='word_1_271' title='bbox 475 3442 580 3483; x_wconf 85' lang='lat' dir='ltr'><strong>vocans</strong></span> <span class='ocrx_word' id='word_1_272' title='bbox 595 3443 740 3483; x_wconf 89' lang='lat' dir='ltr'><strong>summum</strong></span> <span class='ocrx_word' id='word_1_273' title='bbox 751 3423 961 3499; x_wconf 83' lang='lat' dir='ltr'><strong>sacerdotem.⁵</strong></span> 
     </span>
    </p>

    <p class='ocr_par' dir='ltr' id='par_1_8' title="bbox 179 3514 1339 3599">
     <span class='ocr_line' id='line_1_33' title="bbox 179 3514 1339 3599; baseline 0.003 -20"><span class='ocrx_word' id='word_1_274' title='bbox 179 3524 227 3579; x_wconf 76' lang='grc'><strong>55.</strong></span> <span class='ocrx_word' id='word_1_275' title='bbox 247 3519 314 3599; x_wconf 81' lang='lat' dir='ltr'><strong>ooj.</strong></span> <span class='ocrx_word' id='word_1_276' title='bbox 330 3526 360 3580; x_wconf 87' lang='grc'><strong>5.</strong></span> <span class='ocrx_word' id='word_1_277' title='bbox 375 3523 408 3580; x_wconf 80' lang='lat' dir='ltr'><strong>S.</strong></span> <span class='ocrx_word' id='word_1_278' title='bbox 423 3522 548 3581; x_wconf 84' lang='lat' dir='ltr'><strong>Irenaeus</strong></span> <span class='ocrx_word' id='word_1_279' title='bbox 563 3521 597 3580; x_wconf 86' lang='lat' dir='ltr'><strong>ad</strong></span> <span class='ocrx_word' id='word_1_280' title='bbox 612 3521 758 3581; x_wconf 90' lang='lat' dir='ltr'><strong>Victorem</strong></span> <span class='ocrx_word' id='word_1_281' title='bbox 772 3514 941 3599; x_wconf 88' lang='lat' dir='ltr'><strong>episcopum</strong></span> <span class='ocrx_word' id='word_1_282' title='bbox 958 3522 1121 3582; x_wconf 89' lang='lat' dir='ltr'><strong>Romanum</strong></span> <span class='ocrx_word' id='word_1_283' title='bbox 1135 3522 1274 3591; x_wconf 87' lang='lat' dir='ltr'><strong>scribens,</strong></span> <span class='ocrx_word' id='word_1_284' title='bbox 1289 3521 1339 3582; x_wconf 88' lang='lat' dir='ltr'><strong>de·</strong></span> 
     </span>
    </p>
   </div>
   <div class='ocr_carea' id='block_1_3' title="bbox 54 3619 1336 3696">
    <p class='ocr_par' dir='ltr' id='par_1_9' title="bbox 54 3619 1336 3696">
     <span class='ocr_line' id='line_1_34' title="bbox 54 3619 1336 3696; baseline 0.002 -21"><span class='ocrx_word' id='word_1_285' title='bbox 54 3620 56 3625; x_wconf 79' lang='grc'>’</span> <span class='ocrx_word' id='word_1_286' title='bbox 139 3635 268 3676; x_wconf 88' lang='lat' dir='ltr'><strong>cessores</strong></span> <span class='ocrx_word' id='word_1_287' title='bbox 283 3619 345 3695; x_wconf 89' lang='lat' dir='ltr'><strong>ejus</strong></span> <span class='ocrx_word' id='word_1_288' title='bbox 367 3628 450 3678; x_wconf 86' lang='lat' dir='ltr'><strong>vocat</strong></span> <span class='ocrx_word' id='word_1_289' title='bbox 463 3619 661 3696; x_wconf 88' lang='lat' dir='ltr'><strong>presbyteros:</strong></span> <span class='ocrx_word' id='word_1_290' title='bbox 696 3619 783 3686; x_wconf 85' lang='lat' dir='ltr'><strong>“Qui</strong></span> <span class='ocrx_word' id='word_1_291' title='bbox 795 3627 859 3678; x_wconf 88' lang='lat' dir='ltr'><strong>ante</strong></span> <span class='ocrx_word' id='word_1_292' title='bbox 872 3619 1013 3689; x_wconf 84' lang='lat' dir='ltr'><strong>Soterem,</strong></span> <span class='ocrx_word' id='word_1_293' title='bbox 1030 3619 1181 3687; x_wconf 73' lang='lat' dir='ltr'><strong>Ecclesia,</strong></span> <span class='ocrx_word' id='word_1_294' title='bbox 1197 3621 1244 3678; x_wconf 91' lang='lat' dir='ltr'><strong>cui</strong></span> <span class='ocrx_word' id='word_1_295' title='bbox 1259 3639 1336 3679; x_wconf 89' lang='lat' dir='ltr'><strong>nuno</strong></span> 
     </span>
    </p>
   </div>
   <div class='ocr_carea' id='block_1_4' title="bbox 137 3702 1392 4097">
    <p class='ocr_par' dir='ltr' id='par_1_10' title="bbox 137 3702 1170 3795">
     <span class='ocr_line' id='line_1_35' title="bbox 137 3702 1170 3795; baseline -0.001 -19"><span class='ocrx_word' id='word_1_296' title='bbox 137 3733 243 3795; x_wconf 82' lang='lat' dir='ltr'><strong>praees,</strong></span> <span class='ocrx_word' id='word_1_297' title='bbox 254 3702 402 3793; x_wconf 57' lang='lat' dir='ltr'><strong>‘praepositi</strong></span> <span class='ocrx_word' id='word_1_298' title='bbox 417 3717 495 3776; x_wconf 87' lang='lat' dir='ltr'><strong>luere</strong></span> <span class='ocrx_word' id='word_1_299' title='bbox 510 3717 679 3795; x_wconf 86' lang='lat' dir='ltr'><strong>presbyteri,</strong></span> <span class='ocrx_word' id='word_1_300' title='bbox 694 3717 846 3776; x_wconf 84' lang='lat' dir='ltr'><strong>Anicetum</strong></span> <span class='ocrx_word' id='word_1_301' title='bbox 861 3716 982 3776; x_wconf 90' lang='lat' dir='ltr'><strong>dicimus</strong></span> <span class='ocrx_word' id='word_1_302' title='bbox 998 3728 1026 3775; x_wconf 90' lang='lat' dir='ltr'><strong>et</strong></span> <span class='ocrx_word' id='word_1_303' title='bbox 1040 3717 1170 3776; x_wconf 75' lang='grc' dir='ltr'><strong>Ρίιιιιι.”θ</strong></span> 
     </span>
    </p>

    <p class='ocr_par' dir='ltr' id='par_1_11' title="bbox 138 3812 1336 4088">
     <span class='ocr_line' id='line_1_36' title="bbox 177 3812 1332 3892; baseline 0 -20"><span class='ocrx_word' id='word_1_304' title='bbox 177 3812 267 3891; x_wconf 84' lang='lat' dir='ltr'><strong>Resp.</strong></span> <span class='ocrx_word' id='word_1_305' title='bbox 289 3813 454 3892; x_wconf 80' lang='lat' dir='ltr'><strong>Presbyteri</strong></span> <span class='ocrx_word' id='word_1_306' title='bbox 469 3814 604 3872; x_wconf 87' lang='lat' dir='ltr'><strong>veredici</strong></span> <span class='ocrx_word' id='word_1_307' title='bbox 626 3823 756 3892; x_wconf 91' lang='lat' dir='ltr'><strong>poterant</strong></span> <span class='ocrx_word' id='word_1_308' title='bbox 769 3815 899 3892; x_wconf 86' lang='lat' dir='ltr'><strong>episcopi</strong></span> <span class='ocrx_word' id='word_1_309' title='bbox 920 3814 1045 3874; x_wconf 85' lang='lat' dir='ltr'><strong>Romani</strong></span> <span class='ocrx_word' id='word_1_310' title='bbox 1059 3815 1093 3872; x_wconf 90' lang='lat' dir='ltr'><strong>ab</strong></span> <span class='ocrx_word' id='word_1_311' title='bbox 1114 3813 1234 3883; x_wconf 87' lang='lat' dir='ltr'><strong>irenaeo,</strong></span> <span class='ocrx_word' id='word_1_312' title='bbox 1256 3813 1332 3872; x_wconf 88' lang='lat' dir='ltr'><strong>siout</strong></span> 
     </span>
     <span class='ocr_line' id='line_1_37' title="bbox 138 3904 1369 4003; baseline 0 -33"><span class='ocrx_word' id='word_1_313' title='bbox 138 3911 224 3970; x_wconf 84' lang='lat' dir='ltr'><strong>stiam</strong></span> <span class='ocrx_word' id='word_1_314' title='bbox 249 3910 376 3985; x_wconf 88' lang='lat' dir='ltr'><strong>sequiori</strong></span> <span class='ocrx_word' id='word_1_315' title='bbox 401 3921 481 3970; x_wconf 85' lang='lat' dir='ltr'><strong>aetate</strong></span> <span class='ocrx_word' id='word_1_316' title='bbox 506 3911 661 3971; x_wconf 86' lang='lat' dir='ltr'><strong>sacerdotis</strong></span> <span class='ocrx_word' id='word_1_317' title='bbox 684 3930 790 3970; x_wconf 83' lang='lat' dir='ltr'><strong>nornen</strong></span> <span class='ocrx_word' id='word_1_318' title='bbox 812 3931 888 3987; x_wconf 86' lang='lat' dir='ltr'><strong>saepe</strong></span> <span class='ocrx_word' id='word_1_319' title='bbox 913 3913 1058 3990; x_wconf 85' lang='lat' dir='ltr'><strong>episcopis</strong></span> <span class='ocrx_word' id='word_1_320' title='bbox 1081 3912 1230 3978; x_wconf 90' lang='lat' dir='ltr'><strong>tribuitur,</strong></span> <span class='ocrx_word' id='word_1_321' title='bbox 1265 3904 1369 4003; x_wconf 72' lang='lat' dir='ltr'><strong>quia</strong></span> 
     </span>
     <span class='ocr_line' id='line_1_38' title="bbox 139 4009 1392 4097; baseline 0 -29"><span class='ocrx_word' id='word_1_322' title='bbox 139 4027 237 4069; x_wconf 86' lang='lat' dir='ltr'><strong>revera</strong></span> <span class='ocrx_word' id='word_1_323' title='bbox 259 4010 413 4087; x_wconf 86' lang='lat' dir='ltr'><strong>episcopus</strong></span> <span class='ocrx_word' id='word_1_324' title='bbox 436 4022 480 4068; x_wconf 89' lang='lat' dir='ltr'><strong>est</strong></span> <span class='ocrx_word' id='word_1_325' title='bbox 503 4009 646 4079; x_wconf 88' lang='lat' dir='ltr'><strong>sacerdos,</strong></span> <span class='ocrx_word' id='word_1_326' title='bbox 671 4010 776 4070; x_wconf 87' lang='lat' dir='ltr'><strong>altioris</strong></span> <span class='ocrx_word' id='word_1_327' title='bbox 802 4020 898 4070; x_wconf 91' lang='lat' dir='ltr'><strong>tamen</strong></span> <span class='ocrx_word' id='word_1_328' title='bbox 915 4010 1035 4088; x_wconf 86' lang='lat' dir='ltr'><strong>gradus.</strong></span> <span class='ocrx_word' id='word_1_329' title='bbox 1078 4009 1222 4069; x_wconf 84' lang='lat' dir='ltr'><strong>Oaeterum</strong></span> <span class='ocrx_word' id='word_1_330' title='bbox 1244 4028 1392 4097; x_wconf 86' lang='lat' dir='ltr'><strong>quum.¹</strong></span> 
     </span>
    </p>
   </div>
   <div class='ocr_carea' id='block_1_5' title="bbox 140 4092 1392 4341">
    <p class='ocr_par' dir='ltr' id='par_1_12' title="bbox 140 4092 1392 4341">
     <span class='ocr_line' id='line_1_39' title="bbox 140 4092 1392 4341; baseline 0.001 -175"><span class='ocrx_word' id='word_1_331' title='bbox 140 4107 287 4177; x_wconf 76' lang='lat' dir='ltr'><strong>Anicetus,</strong></span> <span class='ocrx_word' id='word_1_332' title='bbox 295 4108 367 4167; x_wconf 90' lang='lat' dir='ltr'><strong>Pius</strong></span> <span class='ocrx_word' id='word_1_333' title='bbox 369 4108 536 4183; x_wconf 75' lang='lat' dir='ltr'><strong>,ceterique</strong></span> <span class='ocrx_word' id='word_1_334' title='bbox 548 4108 674 4168; x_wconf 90' lang='lat' dir='ltr'><strong>Victoris</strong></span> <span class='ocrx_word' id='word_1_335' title='bbox 686 4106 861 4178; x_wconf 89' lang='lat' dir='ltr'><strong>decessores,</strong></span> <span class='ocrx_word' id='word_1_336' title='bbox 871 4092 1031 4193; x_wconf 47' lang='lat' dir='ltr'><strong>prosper</strong></span> <span class='ocrx_word' id='word_1_337' title='bbox 938 4094 1392 4341; x_wconf 63' lang='lat' dir='ltr'><strong>vocenw</strong></span> 
     </span>
    </p>
   </div>
   <div class='ocr_carea' id='block_1_6' title="bbox 173 4264 430 4333">
    <p class='ocr_par' dir='ltr' id='par_1_13' title="bbox 173 4264 430 4333">
     <span class='ocr_line' id='line_1_40' title="bbox 173 4264 430 4333; baseline 0.008 -19"><span class='ocrx_word' id='word_1_338' title='bbox 173 4267 216 4333; x_wconf 87' lang='lat' dir='ltr'><strong>(t)</strong></span> <span class='ocrx_word' id='word_1_339' title='bbox 235 4265 256 4316; x_wconf 93' lang='lat'><strong>1.</strong></span> <span class='ocrx_word' id='word_1_340' title='bbox 266 4264 316 4330; x_wconf 80' lang='lat' dir='ltr'><strong>up.</strong></span> <span class='ocrx_word' id='word_1_341' title='bbox 327 4264 430 4316; x_wconf 61' lang='lat' dir='ltr'><strong>exto.</strong></span> 
     </span>
    </p>
   </div>
   <div class='ocr_carea' id='block_1_7' title="bbox 177 4320 1391 4713">
    <p class='ocr_par' dir='ltr' id='par_1_14' title="bbox 177 4320 1294 4679">
     <span class='ocr_line' id='line_1_41' title="bbox 177 4320 790 4515; baseline 0 -95"><span class='ocrx_word' id='word_1_342' title='bbox 177 4353 220 4420; x_wconf 83' lang='lat' dir='ltr'><strong>o&gt;</strong></span> <span class='ocrx_word' id='word_1_343' title='bbox 208 4320 790 4515; x_wconf 53' lang='lat' dir='ltr'><strong>w</strong></span> 
     </span>
     <span class='ocr_line' id='line_1_42' title="bbox 821 4406 1391 4713; baseline -0.015 -48"><span class='ocrx_word' id='word_1_344' title='bbox 821 4554 945 4713; x_wconf 49' lang='lat' dir='ltr'><strong>‘ds</strong></span> <span class='ocrx_word' id='word_1_345' title='bbox 956 4406 1391 4681; x_wconf 47' lang='grc' dir='ltr'><strong>Εωιρνιοι</strong></span> <span class='ocrx_word' id='word_1_346' title='bbox 1181 4609 1233 4677; x_wconf 75' lang='lat' dir='ltr'><strong>ip.</strong></span> <span class='ocrx_word' id='word_1_347' title='bbox 1244 4610 1336 4660; x_wconf 76' lang='lat' dir='ltr'><strong>ata.</strong></span> 
     </span>
    </p>
   </div>
   <div class='ocr_carea' id='block_1_8' title="bbox 206 4523 511 4592">
    <p class='ocr_par' dir='ltr' id='par_1_15' title="bbox 206 4523 511 4592">
     <span class='ocr_line' id='line_1_43' title="bbox 206 4523 511 4592; baseline 0.007 -18"><span class='ocrx_word' id='word_1_348' title='bbox 206 4525 218 4592; x_wconf 91' lang='grc'>)</span> <span class='ocrx_word' id='word_1_349' title='bbox 236 4523 267 4574; x_wconf 88' lang='lat' dir='ltr'><strong>L.</strong></span> <span class='ocrx_word' id='word_1_350' title='bbox 277 4524 511 4576; x_wconf 81' lang='lat' dir='ltr'><strong>decomuamilitis.</strong></span> 
     </span>
    </p>
   </div>
   <div class='ocr_carea' id='block_1_9' title="bbox 31 4558 790 4829">
    <p class='ocr_par' dir='ltr' id='par_1_16' title="bbox 173 4558 790 4829">
     <span class='ocr_line' id='line_1_44' title="bbox 173 4558 790 4748; baseline 0.005 -89"><span class='ocrx_word' id='word_1_351' title='bbox 173 4609 267 4677; x_wconf 74' lang='lat' dir='ltr'><strong>(mn.</strong></span> <span class='ocrx_word' id='word_1_352' title='bbox 319 4612 468 4675; x_wconf 59' lang='lat' dir='ltr'><strong>umquem</strong></span> <span class='ocrx_word' id='word_1_353' title='bbox 503 4626 533 4662; x_wconf 69' lang='lat' dir='ltr'><strong>u·</strong></span> <span class='ocrx_word' id='word_1_354' title='bbox 595 4558 790 4748; x_wconf 46' lang='lat' dir='ltr'><strong>ertum</strong></span> 
     </span>
     <span class='ocr_line' id='line_1_45' title="bbox 31 4610 783 4829; baseline -0.003 -82.534"><span class='ocrx_word' id='word_1_355' title='bbox 31 4610 599 4829; x_wconf 40' lang='lat' dir='ltr'><strong>[dvm</strong></span> <span class='ocrx_word' id='word_1_356' title='bbox 722 4711 783 4747; x_wconf 72' lang='lat' dir='ltr'><strong>mv</strong></span> 
     </span>
    </p>
   </div>
   <div class='ocr_carea' id='block_1_10' title="bbox 240 4718 1233 5035">
    <p class='ocr_par' dir='ltr' id='par_1_17' title="bbox 240 4718 1233 5051">
     <span class='ocr_line' id='line_1_46' title="bbox 561 4718 1233 4979; baseline -0.088 -6"><span class='ocrx_word' id='word_1_357' title='bbox 561 4882 625 4979; x_wconf 70' lang='lat' dir='ltr'><strong>ur·</strong></span> <span class='ocrx_word' id='word_1_358' title='bbox 742 4718 1233 4935; x_wconf 42' lang='lat' dir='ltr'><strong>t÷a⁴⁸“¹⁸&#39;*⁹fflR</strong></span> 
     </span>
     <span class='ocr_line' id='line_1_47' title="bbox 240 4922 1085 5035; baseline 0.005 -4"><span class='ocrx_word' id='word_1_359' title='bbox 240 4956 421 5035; x_wconf 42' lang='lat' dir='ltr'><strong>‚mu</strong></span> <span class='ocrx_word' id='word_1_360' title='bbox 598 4922 653 4963; x_wconf 69' lang='lat'><strong>&#39;⁴²&#39;</strong></span> <span class='ocrx_word' id='word_1_361' title='bbox 1082 5022 1085 5027; x_wconf 94' lang='lat'><strong>.</strong></span> 
     </span>
    </p>
   </div>
   <div class='ocr_carea' id='block_1_11' title="bbox 0 0 1404 5092">
    <p class='ocr_par' dir='ltr' id='par_1_18' title="bbox 0 0 1404 5092">
     <span class='ocr_line' id='line_1_48' title="bbox 0 0 1404 5092; baseline 0 0"><span class='ocrx_word' id='word_1_362' title='bbox 0 0 1404 5092; x_wconf 95' lang='lat' dir='ltr'><strong> </strong></span> 
     </span>
    </p>
   </div>
  </div>
 </body>
</html>
