2798 5092
123 406 158 461 18
419 402 476 463 DE
498 403 776 465 recnrMENw
796 402 1028 464 VERITATE.
1100 476 1102 481 ,

117 562 226 620 simum
240 560 400 620 serenitatis
415 571 470 620 tua
485 573 584 640 pectus
600 573 746 642 agnoscat,
761 561 839 637 quod
853 563 964 622 uallum
979 563 1015 621 de
1029 563 1086 632 his,
1102 563 1148 622 rel
1160 580 1234 637 quos
1248 562 1317 638 bap·

119 660 218 718 deerit
233 660 368 731 Aeacius,
383 662 429 720 vel
449 680 522 736 quos
536 662 698 722 sacerdotes
719 663 780 720 sive
795 662 911 720 Levitae
932 661 1090 721 secundum
1109 679 1235 722 canones
1249 659 1324 720 ordi-

119 759 208 826 navit,
224 758 281 817 ulla
295 777 346 818 sos
360 778 398 819 ex
411 761 528 820 nomine
541 761 652 829 Aeacii,
667 762 761 838 portio
781 760 909 820 laesionis
923 761 1051 838 attingat,
1066 778 1124 834 quo
1138 759 1257 819 forsitan
1271 777 1323 838 per

120 857 253 931 iniquum
267 858 368 917 tradita
381 859 577 919 Seonrrrrrrrrr
591 860 679 937 gratia
694 860 789 917 minus
803 859 886 917 firma
901 858 1076 917 rideatur.”²

159 953 314 1018 Probatur
328 955 389 1014 III.
405 956 598 1016 conciliorum
612 955 808 1015 auctoritate.

162 1062 209 1116 ll.
232 1054 397 1114 Concilium
419 1052 658 1112 chalcedonense
673 1053 808 1111 decrevit.
850 1061 871 1089 ‘⁸
885 1053 918 1110 Si
939 1053 1005 1126 quis
1027 1053 1182 1129 episcopus
1205 1061 1324 1130 propter

121 1155 258 1234 pecunias
271 1153 478 1212 ordinationem
494 1151 602 1218 lecerit,
616 1162 646 1209 et
659 1170 717 1210 uon
732 1150 860 1209 venalem
873 1152 992 1229 gratiam
1007 1149 1254 1217 vendiderit-rte
1264 1149 1326 1220 πρά-

121 1273 158 1309 σον
169 1248 355 1322 mopipprpr
371 1247 479 1316 daemon
491 1245 712 1325 zius-proprii
733 1247 836 1325 gradus
858 1247 985 1323 periculo
1005 1247 1210 1324 subjacebit.”⁸
1251 1247 1325 1306 Gra·

121 1351 191 1408 tiam
205 1348 301 1425 igitur,
317 1364 380 1419 qua
394 1345 480 1403 rendi
495 1363 552 1403 non
568 1353 671 1421 potest,
686 1344 864 1402 ordinatione
877 1343 972 1411 tribui,
988 1343 1045 1402 illis
1065 1345 1193 1422 patribus
1207 1362 1325 1422 persua·

121 1464 187 1506 sum
215 1458 279 1504 est:
302 1443 372 1502 ritus
398 1455 492 1500 autem
519 1453 654 1500 externus
677 1460 735 1514 quo
762 1442 851 1518 gratia
879 1442 1009 1500 tribuitur
1029 1452 1074 1500 eat
1101 1455 1322 1502 sacramentum.

128 1544 208 1605 ldent
223 1544 314 1618 liquet
326 1561 364 1600 ex
379 1542 500 1600 Nicaeno
515 1540 649 1599 Concilio
660 1539 726 1608 ll.‚⁸
740 1553 813 1598 etex
822 1539 1140 1617 Constantinopolitano
1154 1557 1229 1598 anno
1241 1545 1327 1609 459st

124 1660 162 1700 ex
176 1639 345 1700 Bracarensi
359 1638 397 1696 l.⁶
408 1647 437 1695 et
451 1636 593 1695 Toletano
608 1636 661 1696 lla

144 1735 313 1831 ‘Probatur
340 1733 361 1792 I
364 1731 397 1792 V.
424 1730 615 1792 orientalium
638 1739 797 1801 sectorum,
827 1731 1000 1791 Graecorum
1029 1731 1180 1810 imprimis
1202 1752 1323 1797 eonsen-

123 1833 216 1876 srorre.
894 1834 897 1839 ·

164 1919 220 1973 12.
232 1911 414 1989 Euchologia
437 1909 534 1970 omnia
548 1909 633 1968 fidem
649 1910 756 1969 iaciunt
770 1928 827 1984 quo
841 1910 906 1968 loco
920 1927 1036 1988 semper
1049 1910 1145 1970 habita
1159 1913 1198 1971 sit
1210 1913 1323 1974 ordina·

122 2013 172 2070 tio.
215 2008 327 2086 Synodi
343 2007 660 2084 Constantinopolitana
680 2015 709 2064 et
729 2005 1004 2083 Hierosolymitaua,
1019 2009 1169 2067 occasione
1193 2028 1323 2070 errorum

120 2106 226 2185 cyrilli
239 2105 358 2164 Lucaris
371 2104 475 2162 habita
488 2122 552 2162 earn
566 2113 775 2161 sacramentum
789 2113 956 2179 agnoscunt.
989 2102 1059 2180 Syri
1073 2122 1189 2177 quoque
1204 2105 1322 2167 Maronss

119 2206 165 2265 its
180 2217 208 2263 et
221 2202 316 2262 caeteri
330 2200 490 2259 Orientales
504 2200 535 2257 in
549 2198 670 2257 eandem
683 2199 858 2256 conveniunt
871 2199 1071 2258 seutentiam⁷

128 2334 130 2338 ·
158 2300 311 2359 Probatur
331 2295 363 2356 V.
373 2294 607 2375 prescriptione.

162 2403 208 2457 13.
231 2397 391 2456 Consuerit
411 2393 551 2454 ordinatio
571 2393 601 2452 in
620 2401 678 2451 tota
702 2392 836 2452 Ecclesia
859 2393 933 2462 fieri,
955 2412 1060 2472 magno
1080 2414 1147 2455 curn
1173 2415 1321 2460 sacrorum

120 2500 225 2559 rituum
240 2503 376 2573 apparatu
389 2512 397 2561 ;
418 2503 447 2550 et
457 2493 539 2551 firma
550 2492 788 2565 ubiqueobtinuit
799 2493 939 2550 senmntia
949 2511 1058 2551 sacram
1073 2503 1243 2570 potestatem
1253 2516 1320 2557 cum
1383 2484 1391 2497 ’

109 2642 112 2649 r
123 2596 214 2674 gratia
236 2612 271 2652 ea
292 2591 424 2652 conferri.
467 2589 564 2667 Hujus
587 2589 782 2666 persuasionis
803 2591 883 2668 origo
904 2601 986 2650 aetate
1000 2592 1168 2668 Apostolica
1182 2596 1323 2670 posterior

119 2691 232 2752 ostendi
248 2688 356 2763 nequit.
397 2686 531 2745 Attamen
539 2686 565 2744 si
579 2687 699 2763 pristina
713 2686 785 2744 rides
798 2686 1006 2746 ordinationem
1022 2699 1231 2750 sacramentum
1244 2691 1321 2752 haud

120 2788 294 2866 agnovisset,
309 2785 360 2860 qui
374 2785 482 2862 primus
498 2783 556 2842 rim
571 2784 634 2860 ejus
659 2794 688 2841 et
711 2784 889 2844 sanctitatem
911 2784 1045 2843 fidelibus
1057 2788 1241 2862 proposuerit
1261 2809 1321 2850 cre·

119 2883 252 2950 dendam,
268 2883 387 2941 historia
400 2879 549 2947 referente,
564 2880 764 2948 innotesceret,
780 2892 809 2938 et
822 2899 894 2954 quos
909 2881 1039 2940 habuerit
1052 2880 1243 2955 adversarios,
1257 2887 1322 2960 qui·
1388 2933 1391 2941 .

119 2985 173 3042 bus
198 2981 298 3040 vicerit
311 2979 407 3046 armis,
422 2988 451 3036 et
463 2989 564 3037 caetera
576 2996 640 3052 qua
654 2997 736 3038 novae
747 2978 867 3055 alicujus
882 2979 1030 3038 sententiae
1045 2980 1186 3057 originem
1201 2993 1231 3042 et
1254 3002 1321 3062 pro·

118 3080 300 3159 pagetionem
314 3095 430 3154 semper
444 3073 579 3135 indicant.

516 3251 717 3293 OBJEOTIONES
737 3253 922 3296 SOLVUNTUR.

162 3392 339 3472 14.0oj.1.
362 3389 512 3450 Ordinatio
530 3391 609 3450 nulla
631 3394 837 3471 Apostolorum
860 3414 876 3452 a
901 3394 1020 3454 Christo
1033 3395 1139 3474 legitur
1151 3397 1243 3457 factm
1265 3417 1321 3460 nec

121 3496 178 3555 illis
193 3494 350 3570 injunctum
375 3501 420 3548 est
442 3488 557 3548 stallos
579 3491 633 3549 ritu
657 3491 754 3566 aliquo
769 3493 887 3569 speciali
901 3493 932 3551 in
955 3511 1100 3554 sacrorum
1124 3496 1320 3558 ministrorum

120 3610 270 3654 numerum
298 3589 504 3647 adsciscerent:
526 3587 606 3666 Ergo
632 3590 712 3649 nullo
725 3592 811 3650 modo
834 3601 929 3669 potest
948 3593 1133 3653 sacramentis
1158 3597 1317 3666 accenseri,

121 3691 219 3750 divina
231 3686 382 3751 deficiente
394 3685 581 3745 institutione.

54 3814 56 3817 v
130 3814 133 3819 ·
160 3785 251 3864 Hesp.
273 3783 408 3842 Christus
422 3782 500 3863 nullo
514 3794 633 3842 externo
646 3785 707 3844 ritu¹
716 3784 839 3864 indiguit
851 3795 883 3845 ut
896 3797 1066 3864 potestatem
1078 3786 1142 3845 aliis
1156 3791 1317 3849 communi·

121 3879 207 3952 cerei,
219 3902 283 3958 quae
296 3890 355 3940 tota
375 3899 413 3938 ex
426 3881 489 3957 ejus
501 3883 642 3941 voluntate
655 3884 805 3961 pendebat.
847 3885 935 3945 Dedit
957 3896 1051 3945 tamen
1062 3885 1211 3961 Apostolis
1223 3906 1319 3967 secors

121 3983 192 4040 dotii
206 3998 309 4041 munus
322 3979 353 4036 in
366 3977 467 4036 ultima
476 3997 568 4047 coena,
579 3980 708 4058 jubendo
720 3992 751 4040 ut
763 3982 889 4042 facerent
902 3984 959 4060 ipsi
972 3982 1049 4057 quod
1064 3982 1189 4041 iecerat:
1214 3984 1323 4047 addidit

120 4079 281 4139 facultatem
295 4075 456 4138 remittendi
470 4079 646 4153 prooemiis
661 4074 844 4150 insufflando,
859 4092 888 4141 st
908 4082 1046 4160 Spiritum
1062 4081 1199 4141 Sanctum
1214 4082 1320 4162 imper·

288 4237 334 4303 (l)¹
351 4235 399 4301 Ep.
416 4234 433 4284 i.
444 4233 474 4285 ad
486 4236 601 4287 Aureus.
613 4254 634 4289 o.
646 4239 689 4289 rii.

289 4322 332 4387 (2)
352 4322 409 4372 Act.
421 4337 461 4371 xv.
474 4319 538 4372 Oen.
547 4322 573 4373 ii.
584 4325 658 4390 opud.
670 4325 828 4379 Harduinum
840 4328 887 4378 col.
896 4341 966 4378 cono·
978 4332 996 4375 t
1007 4324 1032 4375 ii.
1044 4323 1090 4375 ool.
1102 4323 1159 4374 602.

289 4409 333 4474 (3)
352 4406 416 4458 Can.
427 4424 450 4456 v.

290 4494 333 4560 (4)
354 4491 427 4542 Tom.
438 4494 464 4544 ii.
476 4497 523 4546 ool.
535 4499 592 4547 783.

290 4580 331 4646 (5)
349 4577 413 4629 Can.
423 4580 459 4630 iii.
469 4589 487 4631 t.
496 4581 531 4632 iii.
544 4584 589 4634 ool.
599 4585 656 4633 386.

290 4667 331 4732 (6)
350 4663 410 4729 Cap.
422 4664 457 4717 iii.
468 4672 486 4716 t.
497 4666 531 4717 iii.
542 4669 588 4718 ool.
600 4669 657 4717 att.

286 4751 303 4816 ζ
305 4753 333 4818 7)
353 4749 417 4801 Vide
424 4747 573 4812 Nsironum,
582 4750 690 4818 anplia
699 4765 725 4817 p.
736 4754 794 4804 tls.
805 4759 831 4805 et
846 4769 896 4821 req.
