2798 5092
154 345 193 400 bt)
420 342 476 403 DE
498 274 744 403 ELEO'l'IONE
767 344 1080 407 Mtttts'rttotttttt.

192 499 284 578 neap.
306 501 423 578 Optime
444 500 642 560 animadvertit
663 503 696 561 S.
712 501 941 581 chrysostomus
963 505 1080 564 l’etrum
1101 507 1194 565 solum
1217 507 1349 584 potuisse

155 599 281 672 aliquem
296 598 445 676 designare
459 601 509 672 qui
523 599 554 657 iu
566 601 768 677 Apostolorum
785 601 939 678 collegium
953 602 1157 663 adscisceretur
1171 623 1179 673 3
1193 605 1246 662 sed
1258 604 1353 664 fideli·

154 697 207 756 bus
221 697 325 755 secisse
337 694 496 755 facultatem
507 696 619 769 aliquos
634 696 822 774 proponendi,
835 717 870 756 ne
886 699 1027 758 videretur
1037 702 1123 759 alicui
1134 702 1220 760 nimis
1235 702 1351 761 favere:

154 803 174 832 “
185 795 231 853 An
246 813 303 853 non
314 793 416 852 licebat
429 794 487 870 ipsi
500 795 586 853 Petro
601 795 726 871 eligeret
767 795 895 863 Licebat,
910 796 1068 869 etquidem
1084 799 1229 857 maxime:
1248 818 1351 858 verum

153 891 183 952 id
199 911 254 950 non
270 891 345 958 fecit,
360 909 397 949 ne
411 892 457 949 cui
472 891 614 950 videretur
627 891 824 969 gratificari.'’²
865 893 1010 952 Oaeterum
1035 896 1133 953 statuit
1143 896 1212 955 'eum
1228 897 1352 973 seligen-

154 990 221 1048 dum
242 1008 279 1047 cx
294 989 329 1046 iis
345 989 473 1061 quicum
497 989 644 1065 Apostolis
664 991 767 1048 versati
788 1002 867 1048 erant
881 1004 970 1051 totum
986 992 1054 1050 illud
1070 995 1208 1069 temporis
1223 994 1352 1070 spatium

153 1084 230 1159 quod
244 1105 260 1142 a
274 1085 441 1162 baptismate
455 1084 575 1142 Joannis
587 1085 621 1142 ad
632 1087 829 1145 ascensionem
843 1088 951 1146 Christi
965 1087 1134 1149 effluxerat..
1165 1090 1211 1148 Ea
1220 1092 1355 1168 apposita

155 1184 317 1243 conditione
333 1182 489 1261 pericnlum
505 1202 598 1260 pravae
613 1183 761 1242 electionis
776 1188 966 1253 amovebatur,
982 1206 1070 1260 quum
1085 1200 1218 1247 constans
1235 1203 1264 1248 et
1286 1189 1356 1249 fide·

156 1282 191 1339 lis
215 1282 373 1358 discipulus
388 1293 495 1339 tantum
516 1280 638 1356 proponi
654 1291 760 1357 posset.
803 1282 945 1340 Praeterea
960 1301 1048 1358 penes
1063 1285 1159 1360 ipsum
1175 1296 1235 1341 erat
1250 1286 1354 1361 populi

154 1381 299 1438 arbitrium
314 1379 492 1443 confirmare,
508 1376 583 1449 quod
600 1387 695 1434 tamen
711 1379 766 1435 Dei
781 1379 870 1455 ipsius
882 1379 1002 1456 judicio,
1019 1380 1141 1438 sortibus
1152 1381 1250 1458 jactis,
1266 1382 1353 1441 remi·

155 1479 202 1536 sit.
243 1477 277 1536 In
292 1488 350 1534 tota
364 1476 411 1533 illa
426 1493 455 1533 re
478 1475 643 1552 praclarum
666 1475 743 1533 dedit
764 1479 930 1551 exemplum
954 1479 1041 1535 animi
1063 1477 1280 1546 moderationis,
1298 1498 1356 1552 qua

153 1593 297 1633 summam
313 1583 480 1647 potestatem
495 1590 626 1629 exercere
641 1574 765 1648 oportuit
778 1594 786 1642 ;
807 1573 859 1631 sed
879 1575 949 1632 nibil
965 1574 1076 1650 dejure
1091 1593 1145 1633 suo
1158 1577 1288 1644 remittit,
1305 1577 1356 1650 qui

155 1672 218 1731 aliis
232 1669 369 1746 quasdam
386 1670 522 1746 permittit
536 1684 639 1744 partes,
655 1689 790 1745 supremo
802 1671 911 1747 judicio
926 1672 980 1729 sibi
996 1684 1149 1730 reservato.

194 1771 243 1826 89.
269 1765 336 1845 obj.
350 1773 379 1824 2.
422 1764 582 1823 Duodecim
598 1767 729 1841 Apostoli
755 1781 946 1826 convocarunt
968 1768 1178 1828 multitudinem
1201 1770 1358 1847 discipulo-

156 1884 230 1932 rum,
245 1877 276 1922 ut
289 1863 401 1922 diaconi
415 1863 586 1940 eligerentur
598 1881 606 1931 3
628 1875 657 1921 et
669 1863 703 1921 iis
718 1865 833 1937 reliquit
843 1864 961 1922 liberam
981 1866 1173 1926 electionem:
1201 1878 1221 1904 ‘⁶
1234 1867 1360 1927 Consid-

155 1974 231 2021 erate
246 1980 324 2038 ergo,
337 1960 446 2028 fratres,
463 1962 539 2019 viros
552 1980 589 2018 ex
604 1961 684 2018 vobis
701 1963 767 2019 boni
783 1963 938 2020 testimonii
953 1963 1115 2039 septem.”⁹
1156 1965 1270 2023 Eorum
1287 1968 1361 2026 arbi-

156 2061 240 2118 trium
254 2062 339 2117 etiam
351 2059 441 2117 secuti
455 2070 530 2125 sunt,
546 2078 610 2117 nam
627 2059 723 2116 clectis
739 2061 937 2136 imposuerunt
952 2080 1062 2119 manus.

195 2156 285 2235 Reep.
301 2155 424 2214 Occasio
433 2156 568 2214 diaconos
579 2155 743 2214 instituendi
757 2156 810 2214 suit
821 2157 964 2233 specialis,
977 2157 1086 2216 scilicet
1101 2168 1260 2218 “murmur
1273 2160 1356 2221 Grae·

156 2275 256 2315 corum
270 2255 405 2313 adversus
421 2253 571 2320 Hebraeos,
586 2272 621 2311 eo
637 2254 713 2326 quod
728 2253 941 2329 despicerentur
962 2256 993 2314 in
1014 2257 1172 2316 ministerio
1187 2259 1359 2331 quotidiano

157 2353 249 2411 viduae
278 2349 411 2412 eorum.”
455 2351 584 2409 Maxime
611 2351 717 2410 idcirco
746 2362 939 2429 opportunum
969 2367 1029 2412 erat
1055 2355 1226 2423 electionem
1256 2374 1359 2417 eorum

158 2448 262 2523 quibus
277 2448 464 2507 ministerium
481 2446 549 2504 illud
563 2447 797 2506 committendum
812 2449 893 2515 foret,
916 2450 987 2526 ipsis
1014 2451 1163 2529 discipulis
1178 2454 1357 2529 permittere,

158 2558 190 2605 ut
211 2547 305 2604 omnis
334 2544 528 2603 murmurandi
557 2555 709 2621 praetextus
737 2544 889 2604 tolleretur.
932 2545 1077 2606 Craterum
1109 2567 1167 2607 non
1195 2550 1362 2611 omiserunt

158 2646 291 2725 Apostoli
314 2644 379 2702 illos
395 2659 510 2700 monere
536 2643 633 2715 quales
659 2642 763 2719 eligere
786 2654 937 2719 oporteret,
960 2664 1063 2722 nempe
1089 2656 1108 2682 ‘⁶
1120 2647 1221 2724 plenos
1247 2649 1359 2727 Spiritu

160 2745 265 2802 Sancto
279 2753 308 2800 et
321 2737 495 2817 sapientia.''
535 2738 620 2804 Quod
635 2749 728 2796 autem
744 2739 840 2796 electis
856 2740 1045 2816 imposuerint
1059 2761 1171 2810 manns,
1188 2743 1297 2803 indicio
1314 2759 1360 2805 est

159 2860 210 2899 eos
225 2840 295 2898 tales
309 2839 387 2896 visos
408 2838 496 2896 fnisse
510 2836 581 2912 ipsis
602 2836 759 2913 Apostolis,
775 2838 905 2908 quamvis
933 2838 1069 2896 Nicolaus
1087 2839 1223 2917 deinceps
1247 2862 1263 2899 a
1279 2854 1358 2902 tanto

160 2939 316 2999 sanctitatis
330 2938 443 3014 fastigio
458 2935 591 3013 delapsus
604 2954 667 2992 esse
683 2935 854 2993 anonnullis
870 2949 1028 2995 censeatur.

201 3041 249 3098 90.
275 3035 341 3115 Otj.
357 3041 385 3094 3.
408 3035 514 3094 Paulus
529 3046 557 3091 et
571 3033 714 3090 Barnabas
729 3052 787 3090 non
806 3032 938 3091 dicuntur
962 3053 1015 3092 suo
1037 3036 1080 3093 usi
1101 3054 1166 3095 esse
1187 3037 1307 3096 arbitrio
1328 3040 1358 3099 in

160 3134 343 3214 designandis
364 3131 550 3210 preshyteris,
571 3130 622 3186 sed
643 3130 769 3188 innuitur
789 3148 839 3187 ecs
861 3130 952 3206 plebis
972 3130 1108 3209 suffragia
1127 3143 1242 3191 secutos
1264 3153 1356 3192 esse:

161 3230 383 3304 χεῳπονήσωτες.
422 3228 519 3304 Hujus
544 3226 623 3283 vocis
647 3228 689 3282 ris
711 3228 836 3285 innovo
866 3228 1054 3287 'l'estamento
1075 3241 1151 3306 patet
1172 3248 1209 3288 ex
1223 3230 1263 3291 ll.
1287 3232 1360 3292 Cor.

162 3334 222 3400 vill,
240 3335 287 3390 19.
302 3330 350 3388 ubl
367 3327 402 3385 de
417 3324 558 3401 dlsclptllo
573 3322 674 3381 dicitur
687 3322 881 3395 χειροτονήδειςε
906 3327 1080 3386 “ordinatus
1101 3340 1146 3387 ρει
1166 3329 1201 3386 ab
1223 3331 1360 3390 ecclesii,

164 3446 261 3486 comes
277 3421 512 3502 peregrinationis
527 3419 663 3478 nostrae.”

202 3523 292 3601 Reup.
313 3522 358 3580 De
373 3518 504 3577 fidelibus
519 3517 738 3596 suffragantibus
754 3520 823 3578 nihil
844 3509 961 3597 prorsus
984 3525 1076 3598 priore
1091 3523 1155 3581 loco
1170 3522 1284 3591 dicitnr,
1303 3544 1361 3585 vox

164 3623 252 3688 enim,
274 3635 462 3694 quaecumque
483 3616 521 3673 sit
534 3618 595 3692 ejus
611 3620 664 3682 via,
680 3617 714 3674 ad
731 3618 850 3676 Paulum
866 3632 894 3676 et
908 3619 1066 3677 Barnabam
1088 3619 1216 3678 refertur.
1259 3623 1361 3689 Quum

162 3723 249 3800 igitur
259 3721 358 3794 ,inepte
373 3715 513 3773 diceretur
527 3715 580 3771 hos
593 3713 736 3792 suffragiis
749 3716 808 3773 suis
822 3717 1003 3774 constituisse
1019 3717 1211 3794 presbyteros,
1228 3722 1363 3796 cogimur

162 3840 227 3895 eam
241 3818 276 3878 dc
291 3833 425 3875 manuum
441 3813 623 3890 impositione
638 3814 804 3890 intelligere,
820 3835 910 3888 quam.
921 3816 1027 3873 Paulus
1042 3816 1103 3891 ipse
1119 3827 1235 3874 testatur
1250 3837 1266 3874 a
1282 3838 1316 3876 se
1332 3820 1362 3879 in

163 3917 312 3979 Timothei
326 3908 502 3973 ordinatione
517 3910 680 3971 adhibitam.
725 3913 891 3972 Graecorum
913 3934 992 3979 usus,
1009 3915 1058 3987 qui
1079 3915 1180 3973 eadem
1195 3898 1267 3974 uoce
1282 3917 1361 3978 hanc

163 4019 324 4094 designant,
352 4027 500 4078 χειροτονια,
525 4010 674 4068 manifesto
701 4010 768 4069 huic
797 4012 1021 4087 interpretationi
1048 4011 1228 4090 suffragatur.
1272 4016 1363 4083 Quod

164 4127 258 4171 autem
273 4111 306 4169 ad
322 4111 439 4168 alterum
463 4107 557 4165 locum
575 4107 704 4182 pertinet,
720 4108 744 4164 si
760 4127 815 4163 vox
831 4106 863 4164 ad
880 4108 1047 4164 electionem
1063 4126 1114 4164 seu
1129 4106 1361 4186 designationem

165 4211 308 4277 reseratur,
324 4226 425 4266 sensus
440 4225 477 4263 ex
492 4205 631 4281 adjunctis
647 4206 714 4261 satis
730 4204 872 4271 definitur,
889 4205 998 4262 scilicet
1013 4205 1161 4280 elegerunt
1174 4225 1241 4264 eum
1256 4207 1363 4268 fideles

163 4316 195 4364 ut
208 4304 298 4366 Paulo
312 4306 384 4364 soret
398 4321 495 4361 comes
516 4302 715 4377 eleemosynas
736 4321 834 4360 eorum
859 4303 975 4359 nornine
989 4301 1222 4379 'Hierosolymas
1243 4303 1362 4376 ferenti,

165 4404 209 4461 rel
223 4402 298 4460 aliud
319 4401 488 4478 suscipienti
501 4400 554 4458 iter
574 4417 672 4458 eorum
694 4419 789 4458 causa.
832 4401 915 4476 Saepe
936 4400 1076 4476 contingit
1097 4418 1183 4459 voces
1209 4419 1299 4461 sensu
1315 4405 1368 4463 ali·

666 4557 709 4622 (1)
729 4556 760 4606 ln
773 4557 827 4606 Act.
837 4557 859 4606 l.

671 4645 713 4710 (2)
733 4643 789 4693 Act.
800 4642 832 4692 vi.
842 4644 865 4690 3.
959 4659 961 4664 ⁴
1321 4670 1378 4729 ..ze
