2798 5092
469 306 526 366 on
548 305 682 366 suono
703 303 940 365 omurnaru.
1013 263 1016 268 ’
1257 308 1297 363 ao

132 468 196 524 188.
223 462 296 543 obj.
312 467 343 523 8.
364 463 441 526 Gum
456 465 620 544 reipublice
640 475 669 523 et
682 464 823 523 Ecclesiae
844 462 1015 522 detrimento
1032 461 1202 541 predicatur
1215 463 1293 522 coeli·

94 562 168 621 batur
181 560 370 628 excellentia,
385 578 473 634 quum
488 580 623 620 uumerus
637 561 745 620 civium
759 561 798 618 ita
811 559 963 629 minuatur,
976 569 1005 618 et
1017 559 1175 619 imbellium
1191 570 1291 620 turmae

95 660 148 720 buc
161 655 230 719 issuc
244 669 468 737 congregentur.

129 759 215 837 Κεφ.
240 758 345 817 luania
358 769 425 816 sunt
439 777 502 832 quae
517 758 552 817 de
574 758 680 816 civium
704 757 892 816 diminutione
914 757 1097 834 objiciuntur,
1120 757 1290 834 plerumque

96 858 166 918 euim
181 867 268 916 aucto
284 855 316 915 in
331 856 505 914 immensum
520 874 639 915 numero
654 856 783 933 graviora
796 856 869 914 fiunt
882 873 969 915 onera
982 854 1156 932 reipublice.
1199 855 1292 914 (imte-

96 973 151 1013 mm
162 953 248 1030 louge
264 951 362 1030 magis
376 962 494 1029 augetur
507 970 653 1018 numems,
669 938 858 1010 sanctissimis
874 968 986 1011 momm
1001 951 1150 1027 preceptis
1165 955 1288 1010 servatis

94 1068 150 1124 que
172 1048 294 1108 coelibes
320 1047 432 1106 Christi
446 1048 609 1107 sacerdotes
637 1048 739 1107 sedulo
756 1046 880 1106 tradunt.
923 1049 987 1106 Nec
1007 1045 1137 1105 imbelles
1151 1044 1222 1102 fiunt
1241 1043 1292 1117 qui

95 1157 212 1207 ranetam
227 1148 308 1206 hanc
321 1146 457 1207 insistunt
477 1147 619 1216 semitam,
635 1146 685 1205 sed
710 1165 763 1226 pro
777 1146 823 1204 sui
843 1157 932 1205 status
946 1144 1109 1204 conditione
1124 1142 1289 1220 reipublice

95 1244 210 1304 student.

391 1789 417 1862 §.
438 1786 492 1847 111.
508 1787 556 1849 Du
571 1806 742 1851 curremus
757 1807 993 1849 couvunrnnrrs.

131 1984 349 2044 sanctissimam
364 1991 392 2041 et
405 1982 627 2042 vetustissimam
649 1984 794 2042 coelibatus
816 1970 999 2061 disciplinam
1020 1993 1120 2042 contra
1133 1992 1286 2043 novatores

100 2083 191 2160 nuptiis
213 2082 361 2141 inhiantes
377 2079 555 2138 vindicarunt
569 2090 663 2158 patres
678 2080 861 2139 Tridentini:
885 2081 950 2138 “Si
965 2080 1030 2155 quis
1045 2079 1151 2139 dixerit
1165 2081 1287 2140 clericos

101 2180 219 2241 brueris
233 2179 388 2239 ordinibus
401 2177 582 2248 constitutos,
597 2180 643 2237 vel
664 2183 808 2257 regulares
823 2180 982 2239 castitatem
1002 2179 1170 2238 solemniter
1180 2180 1290 2258 proles·

101 2295 151 2349 sor,
162 2296 247 2356 posse
261 2276 479 2337 matrimonium
491 2277 667 2344 contrahere,
690 2287 923 2352 contractumque
939 2277 1064 2337 validum
1077 2297 1154 2348 esse,
1168 2298 1226 2338 nou
1241 2280 1290 2338 ob·

101 2383 181 2434 route
195 2374 259 2452 lege
281 2373 490 2439 ecclesiastica,
506 2372 551 2430 vel
565 2382 643 2442 voto,
657 2384 687 2431 et
699 2375 863 2451 oppositum
880 2374 920 2432 nil
934 2374 1012 2433 alitid
1032 2393 1196 2449 essequam
1211 2373 1290 2436 dam·

100 2488 158 2530 mro
178 2469 414 2539 matrimonium
437 2486 582 2547 posseque
602 2489 704 2529 omnes
729 2470 895 2530 conuehere
919 2471 1144 2541 matrimonium,
1159 2471 1210 2546 qui
1231 2491 1288 2533 nou

99 2567 215 2629 cauum
227 2586 261 2626 se
286 2567 435 2635 castitatis,
451 2567 565 2624 etiamsi
579 2585 644 2626 eam
659 2568 800 2636 voverint,
822 2567 927 2626 habere
948 2566 1054 2627 donum
1070 2569 1221 2627 anatliema
1235 2568 1289 2638 sit-3

100 2681 155 2724 cum
168 2662 250 2725 Deus
264 2663 294 2723 id
309 2675 385 2725 recte
398 2663 563 2741 petentibus
577 2684 637 2723 uon
650 2663 783 2744 deneget,
797 2683 850 2725 uec
865 2664 986 2743 patiatur
1000 2683 1054 2727 uos
1068 2685 1156 2743 supra
1171 2666 1202 2724 id
1210 2664 1288 2741 quod

99 2778 243 2837 muamus
257 2760 407 2823 uomui.’'¹

599 2973 782 3015 ulturost'rm.

132 3145 330 3208 Saeuum
343 3155 385 3208 est
399 3145 551 3208 coelibutus
572 3146 740 3227 disciplina,
756 3155 783 3229 et
796 3147 890 3207 sacris
905 3147 1060 3207 ordinibus
1074 3148 1205 3208 memore
1219 3167 1284 3209 cou-

45 3240 47 3275 ³
98 3246 218 3307 ouum.

127 3341 320 3403 ProbaturI.
338 3361 374 3402 aa
389 3341 567 3422 Scripturis.

130 3442 194 3501 tus.
216 3441 249 3499 S.
265 3440 374 3500 Paulus
395 3439 430 3499 ad
445 3440 545 3501 Titum
560 3441 688 3499 scribens
709 3442 913 3503 continentiam
935 3442 1010 3501 inter
1033 3440 1114 3501 dotes
1138 3461 1284 3503 sacrorum

95 3533 285 3595 ministrorum
299 3548 449 3596 recenset:
467 3545 487 3573 ‘⁴
501 3536 623 3614 Oportet
636 3537 714 3598 euim
729 3540 898 3617 episcopum
914 3539 976 3598 sine
991 3538 1111 3597 crimine
1123 3557 1199 3608 esse,
1213 3542 1289 3600 sicut

96 3629 405 3710 Deidispeusatorem:
431 3676 439 3692 .
462 3675 470 3692 .
493 3675 501 3692 .
524 3676 532 3693 .
554 3635 692 3702 sobrium,
709 3636 832 3712 justum,
854 3646 994 3703 sanctum,
1016 3636 1211 3696 continentem
1224 3637 1285 3684 ”-

45 3746 47 3753 '
93 3718 343 3813 iiam-Hujus
358 3732 494 3813 rocislvis
509 3731 801 3813 obvialomnimodam
819 3734 975 3793 castitatem
988 3732 1104 3802 iudicat,
1116 3753 1173 3808 quo
1193 3754 1280 3794 seusu

97 3835 205 3895 terbum
217 3841 372 3911 usurpatur
384 3831 419 3913 ab
434 3829 574 3906 Apostolo
587 3849 595 3888 ε
617 3835 647 3885 Εἰ
659 3833 684 3884 δέ
697 3831 728 3886 i'x
736 3830 922 3901 tpxpeaesdovrm
933 3846 1119 3903 γαμησπωσαν,
1135 3842 1155 3870 “
1166 3832 1242 3906 quod
1258 3833 1283 3891 si

95 3948 145 3993 uon
167 3951 199 3993 se
222 3930 381 3996 confluent,
403 3927 530 3996 nubant,

96 4028 289 4088 mutiam
303 4023 596 4100 adstringebautur.’'⁸

130 4127 195 4184 1⁹⁰3
217 4125 309 4194 “Qui
324 4123 387 4181 eine
410 4139 500 4180 uxore
525 4131 579 4189 est,
599 4121 728 4180 solicitus
742 4131 786 4181 est
805 4141 868 4196 quae
895 4124 1014 4184 Douiiui
1033 4133 1112 4191 suut,
1133 4122 1278 4196 quomodo

98 4219 195 4296 pbrert
207 4222 282 4282 Deo.
327 4219 385 4289 Qui
399 4229 494 4278 sutem
514 4238 578 4277 cum
605 4238 694 4279 uxore
715 4231 768 4287 est,
783 4220 911 4281 solicitus
932 4230 985 4291 est,
1001 4238 1064 4294 quae
1079 4230 1145 4278 sunt
1165 4221 1275 4292 mundi,

449 4430 490 4490 (l)
510 4427 576 4477 Sera.
589 4429 660 4479 xxiv.-
671 4445 725 4480 cun·
736 4427 771 4477 ix.

453 4514 496 4579 (2)
514 4513 565 4563 Tit.
575 4513 592 4563 i.
602 4517 626 4563 7.

452 4597 495 4664 (3)
513 4599 525 4648 1
538 4598 595 4650 Gor.
608 4600 649 4650 rii.
663 4603 687 4649 9.

643 4691 661 4745 8
674 4689 690 4723 s
