2798 5092
483 361 540 423 DE
561 358 845 423 PURGATORIO.
1198 349 1261 420 265⁴

75 519 150 598 Ergo
162 519 264 580 tideles
279 519 400 580 Christo
419 521 565 598 conjuncti
585 520 692 580 nullam
707 539 854 599 poenarum
868 521 897 580 in
912 519 999 580 altera
1012 521 1069 580 vita
1082 539 1196 580 causam
1211 520 1259 578 ha·

75 617 146 687 beut,
160 617 213 677 scd
227 596 359 696 per⁹eum
378 617 458 676 omui
471 616 557 694 culpa
570 618 713 676 immunes
727 618 874 676 habentur.

108 715 198 796 Resp.
220 716 378 794 Apostolus
393 714 428 773 de
442 715 642 792 cupiditatibus
668 715 771 789 quibus
793 715 943 774 reluctatur
959 715 1088 774 voluutas
1110 727 1214 793 egerat,
1235 725 1265 774 et

74 811 170 873 meritd
185 813 272 872 infert
286 830 334 871 eas
355 811 427 871 nibil
451 811 552 870 afferre
572 811 730 889 praejudicii
752 810 885 871 fidelibus
899 812 1018 870 viriliter
1030 813 1262 890 repugnantibus.

74 909 185 971 Fatetur
198 912 228 970 iu
247 911 364 970 homine
379 910 533 977 christiano
547 929 661 970 manere
675 912 948 988 concupiscentiam,
960 910 1012 969 sed
1023 911 1084 970 uiro
1096 929 1149 970 suo
1161 911 1265 987 spolia·

75 1016 137 1067 tarn.
178 1006 250 1066 Inde
278 1018 374 1066 tamen
396 1007 495 1081 nequit
521 1007 618 1064 inierri
642 1007 737 1084 justus
762 1007 868 1066 nullam
890 1024 982 1084 poenae
1007 1024 1122 1065 causum
1148 1006 1262 1074 habere,

78 1120 160 1176 quum
175 1105 205 1163 in
220 1104 318 1164 multis
333 1103 479 1163 offendant
493 1121 603 1163 omnes.
1107 1110 1110 1115 '

108 1207 156 1261 50.
181 1200 249 1280 obj.
270 1207 300 1262 t.
323 1200 457 1259 Christus
477 1199 601 1276 parad-isi
621 1200 723 1278 gaudia
743 1201 844 1260 latroni
873 1201 1022 1278 poenitenti
1042 1200 1187 1278 pollicitus
1209 1210 1262 1267 est,

78 1294 135 1372 ipso
155 1317 215 1373 quo
235 1309 365 1357 mortuus
387 1309 431 1356 est
453 1297 521 1357 die:
544 1303 572 1356 at
593 1299 749 1376 purgatorii
763 1317 861 1376 poenas
875 1298 934 1368 hic,
959 1299 985 1356 si
1005 1298 1070 1372 quis
1088 1297 1170 1366 alius,
1185 1297 1263 1356 lucre

81 1392 198 1455 debuit.¹v

107 1492 197 1572 Rccp.
220 1492 365 1569 Supremo
378 1492 492 1551 arbitrio
518 1501 612 1569 potest
634 1491 769 1550 Christus
784 1510 882 1569 peenas
898 1492 1022 1569 peccatis
1036 1490 1146 1550 debitas
1170 1491 1265 1549 remit-

73 1596 147 1649 tere:
170 1589 248 1665 quod
271 1590 396 1648 maxime
421 1588 517 1648 decuit
534 1590 569 1648 iis
590 1591 619 1649 in
645 1608 739 1649 rerum
763 1589 914 1666 adjunctis,
936 1588 1005 1649 dum
1019 1607 1084 1648 eum
1105 1601 1266 1667 precaretur

68 1681 149 1754 latro,
163 1696 194 1746 et
207 1696 305 1746 contre
318 1686 437 1746 alterum
452 1688 496 1745 sui
511 1687 541 1746 iu
555 1685 706 1765 suppliciis
730 1695 891 1748 consortem
906 1686 1070 1745 vindicaret.
1112 1685 1161 1744 En
1175 1684 1266 1744 indul·

63 1785 164 1855 gentis
178 1802 195 1841 a
208 1781 327 1842 Christo
346 1801 495 1850 concessa,
513 1781 581 1843 dum
606 1782 770 1842 funderetur
794 1783 921 1860 sanguis,
941 1784 1040 1856 nequit
1054 1781 1150 1840 inferri
1164 1799 1265 1840 omnes

59 1891 235 1950 peccatores
250 1882 346 1938 statim
362 1899 394 1938 cc
408 1898 458 1937 eos
474 1880 639 1956 paenituerit
653 1880 730 1938 omni
743 1896 829 1955 poeua
843 1880 965 1937 liberari.

104 1981 157 2037 ot.-
183 1975 251 2056 obj.
267 1980 296 2036 8.
319 1977 386 2036 Duo
400 1984 507 2036 uotum
533 1987 716 2036 recensentur
738 1975 853 2035 ordines
870 1974 1110 2052 judicandorum:
1132 1973 1189 2034 duo
1202 1975 1265 2034 loca

54 2081 182 2144 aetema,
198 2075 255 2134 Dei
269 2093 399 2152 reguum,
414 2085 442 2133 et
457 2074 531 2152 iguis
544 2079 692 2132 eternus.⁵⁸

101 2170 197 2250 Bcsp.
220 2170 330 2244 Utique
344 2173 374 2229 in
398 2168 444 2228 die
467 2169 570 2247 judicii
584 2171 704 2227 extremi
719 2168 776 2227 duo
795 2178 902 2227 tantum
916 2176 1000 2226 erunt
1025 2167 1150 2234 ordines,
1166 2176 1194 2224 et
1207 2167 1264 2226 duo

53 2258 207 2345 deinceps
220 2268 305 2326 locat
327 2266 378 2325 sed
392 2276 473 2326 antea
482 2267 555 2344 justi
569 2268 618 2339 qui
643 2267 797 2325 levioribus
815 2266 933 2324 maculis
948 2265 1086 2338 inquinati
1102 2263 1263 2333 discedunt,

57 2356 249 2441 aliquamdiu
263 2364 425 2423 detinentur
438 2384 454 2422 a
468 2364 536 2423 Deo·
548 2364 680 2422 videndo.
1254 2378 1263 2411 t

112 2468 163 2523 et.
181 2461 249 2541 ouj.
264 2465 294 2521 9.
316 2462 474 2539 Apostolus
496 2461 623 2521 excludit
636 2480 721 2539 opem
736 2463 771 2520 ab
796 2462 915 2520 aliorum
930 2461 1102 2520 orationibus
1118 2461 1164 2520 vel
1182 2462 1270 2520 bonis-

48 2560 203 2632 ,operibus
213 2557 415 2618 derivandam:
439 2557 580 2616 “Omnes
595 2559 670 2617 enim
686 2577 739 2616 nos
755 2557 928 2617 manifestari
942 2569 1054 2634 oportet
1062 2561 1127 2617 ante
1143 2559 1265 2617 tribunal

61 2645 189 2724 Obstru,
204 2667 236 2714 ut
249 2654 351 2713 referat
364 2654 564 2728 uuusquisque
578 2655 693 2730 propria
712 2655 840 2730 corporis
854 2664 938 2729 prout
951 2654 1051 2729 gessit,
1066 2655 1129 2712 sive
1145 2655 1263 2722 bonum,

64 2746 131 2813 sive
145 2750 302 2813 mucmt‘t
343 2749 582 2823 “Unusquisque
596 2769 668 2809 onus
683 2769 766 2807 suurn
782 2747 949 2826 portabit”⁴

107 2848 198 2928 Resp.
220 2847 325 2907 Verbis
337 2847 369 2905 S.
387 2847 561 2924 Augustini:
584 2856 604 2883 ‘⁴
619 2847 677 2904 Hic
690 2864 775 2904 omne
788 2847 918 2904 meritum
929 2856 1118 2922 comparatur,
1129 2865 1187 2919 quo
1198 2865 1264 2924 pos·

68 2943 107 3003 sit
120 2946 272 3029 posthanc
288 2946 375 3004 vitam
390 2945 509 3003 relevari
531 2945 686 3021 quispiam,
703 2943 747 3001 vcl
768 2944 889 3020 gravari.
932 2942 1029 3002 Nemo
1044 2954 1136 3002 autem
1154 2963 1186 3002 se
1200 2962 1265 3020 spe·

69 3053 123 3114 ret,
137 3043 214 3120 quod
228 3043 277 3101 hic
291 3042 458 3119 neglexerit,
473 3059 538 3101 cum
550 3041 661 3108 obierit,
677 3039 752 3117 apud
768 3038 864 3097 Deum
886 3040 1052 3116 promereri.
1095 3040 1163 3099 Non
1179 3042 1264 3117 igitur

71 3135 135 3212 ista,
149 3160 214 3217 quie
228 3159 282 3218 pro
295 3138 437 3198 defunctis
452 3137 685 3199 commendandis
701 3136 859 3211 frequentat
873 3135 1016 3212 Ecclesia,
1031 3135 1072 3195 illi
1088 3136 1263 3213 Apostolicae

72 3246 138 3298 sunt
160 3238 280 3298 adversa
304 3237 464 3305 sententie,
489 3254 545 3309 qua
569 3237 676 3295 dictum
702 3245 761 3292 est:
784 3234 893 3293 Omnes
918 3234 995 3292 enirn
1010 3232 1182 3292 adstabimus
1198 3243 1263 3291 ante

75 3331 194 3410 tribunal
210 3332 332 3401 curisti,
349 3342 382 3391 ut
394 3331 497 3390 reserat
510 3332 708 3406 uuusquisque
723 3331 880 3391 secuudum
895 3349 929 3389 ce
942 3349 1004 3404 quae
1019 3348 1186 3408 percorpus
1201 3347 1263 3407 ges·

76 3429 121 3501 sit,
135 3434 194 3493 eise
208 3433 328 3500 bonum,
344 3431 406 3489 sive
431 3431 557 3490 malum:
581 3433 648 3505 quia
660 3432 747 3488 ctiam
761 3430 817 3489 hoc
832 3430 963 3488 meritum
973 3429 1029 3487 sibi
1044 3429 1176 3502 quisque,
1197 3446 1264 3486 cum

76 3523 233 3610 incorpore
256 3530 374 3597 viveret,
386 3530 573 3606 comparavit,
595 3541 626 3587 ut
650 3529 677 3587 ei
702 3537 821 3604 possent
844 3528 899 3585 ista
917 3526 1063 3604 prodesse.
1106 3527 1174 3585 Non
1187 3528 1264 3586 enim

10 3696 13 3705 Ι
81 3628 203 3688 omuibus
219 3638 348 3705 prosunt.
390 3626 430 3685 Et
444 3645 530 3700 quere
545 3645 602 3685 nou
620 3627 752 3685 omnibus
775 3636 904 3702 prosunt,
919 3624 975 3682 nisi
996 3634 1111 3701 propter
1133 3623 1265 3684 differen-

82 3719 143 3784 tiam
156 3726 219 3796 ritae
233 3742 319 3800 quarn
333 3723 561 3800 quisque'gessit
584 3723 615 3783 in
640 3742 757 3801 corpore
771 3721 819 3780 l'’⁵
860 3722 901 3781 Et
920 3721 1008 3780 alias:
1031 3721 1266 3796 “Unusquisque

87 3825 221 3900 proprium
236 3841 310 3882 onus
328 3824 460 3899 portabit,
474 3841 548 3881 onus
562 3821 694 3881 videlicet
707 3820 857 3881 reddeudoe
872 3821 988 3879 rationis
1003 3834 1010 3879 t
1033 3821 1100 3893 quia
1114 3821 1266 3894 unusquis·

87 3929 135 3984 lue
145 3931 271 3979 nostrum
287 3937 338 3996 pro
351 3936 384 3977 se
400 3920 538 3977 rationem
553 3917 661 3978 reddet.
703 3919 773 3977 Non
787 3918 881 3992 itaque
899 3917 1024 3994 ,amplius
1050 3917 1171 3975 invicem
1189 3915 1265 3992 judi·

91 4027 187 4075 temus.
230 4016 307 4074 Num
322 4026 458 4088 quantum
481 4015 580 4074 attinet
600 4015 636 4074 ed
657 4034 743 4075 onera
756 4022 861 4073 mutue
873 4014 1026 4084 charitatis,
1042 4014 1163 4074 invicem
1178 4030 1265 4073 onera

90 4118 168 4170 Vestra
180 4121 299 4192 portate,
314 4110 398 4170 etsie
413 4111 605 4189 adimplebitis
619 4113 712 4190 legem
726 4109 884 4188 curiatio

438 4270 481 4338 (1)
500 4267 564 4320 Luc.
574 4267 694 4320 xxiitts

444 4357 482 4416 (2)
500 4354 571 4405 Matt.
582 4355 691 4422 11quAE

441 4443 478 4502 (3)
497 4441 530 4492 11.
543 4441 601 4491 Cor.
613 4457 635 4491 s.
650 4443 689 4491 10.

441 4527 483 4592 (4)
503 4527 560 4577 Gal.
572 4527 605 4576 vir
614 4529 639 4576 5.

445 4613 485 4678 (5)
504 4611 606 4683 Enchip.
618 4619 688 4663 ccx»

441 4697 483 4764 (t)
503 4695 533 4748 L.
544 4696 579 4749 itt
589 4686 673 4749 conus
681 4697 717 4751 lit.
728 4689 799 4749 Petil.
810 4694 900 4749 Donat.
911 4710 933 4746 c.
941 4711 966 4748 r.

157 4757 228 4828 Vos.
242 4763 377 4827 lit-aa
