2798 5092
345 320 402 382 DE
425 320 732 382 ORDINATIONlS
755 319 1028 386 EFFEOTIBUS.
1252 326 1291 384 09

132 485 197 538 215.
222 479 265 538 Hi
281 480 399 539 effectus
415 480 574 539 tribuuntur
586 481 775 560 episcopatui,
790 483 959 552 sacerdotio,
974 496 1003 543 et
1016 484 1187 552 diaconatui,
1202 503 1291 558 quum

97 577 243 650 unicuique
259 579 428 636 sacramenti
444 579 515 636 ratio
531 579 658 638 videatur
672 593 844 656 competere.
888 582 1020 639 Minores
1043 581 1158 640 ordines
1180 594 1208 638 et
1222 581 1292 639 sub·

96 671 256 731 diaconatus
286 674 405 733 eosdem
434 675 537 734 habere
566 676 688 735 effectus
708 689 862 736 censentur
883 680 916 735 ab
946 679 979 735 iis
1011 679 1164 756 theologis,
1186 679 1236 751 qui
1258 697 1293 736 ea

95 785 266 830 sacramenta
280 785 407 832 censent.
451 773 557 832 Caeteri
572 775 738 833 existimant
752 776 872 852 gratiam
889 777 918 832 in
932 776 965 846 iis
979 775 1172 852 suscipiendis
1184 776 1290 844 datam,

96 883 175 927 totam
191 870 319 947 pendere
333 891 371 929 ex
386 870 527 930 Ecclesiae
543 873 686 949 precibus,
702 886 730 930 et
744 873 792 950 pia
806 873 1026 949 suscipientium
1042 873 1205 931 voluntate:
1230 871 1292 930 nul·

95 967 149 1025 lum
171 987 256 1044 porro
285 969 412 1046 imprimi
441 970 644 1039 characterem,
666 970 789 1044 ideoque
812 991 897 1048 posse
926 972 1034 1045 absque
1056 971 1140 1048 culpa
1164 988 1230 1028 eum
1257 967 1292 1028 ad

95 1066 226 1123 saeculurn
243 1067 345 1133 redire,
362 1069 411 1141 qui
427 1069 553 1125 minores
569 1078 676 1126 tantum
691 1070 806 1127 ordines
821 1071 1000 1146 susceperit:
1021 1089 1079 1127 uon
1095 1070 1162 1126 item
1177 1067 1291 1126 subdia·

95 1181 204 1229 conum,
215 1165 278 1241 jam
294 1166 371 1223 euim
386 1166 449 1242 lege
462 1166 609 1224 coelibatus
619 1177 648 1224 et
659 1167 790 1244 perpetui
803 1167 953 1226 ministerii
966 1177 1086 1232 tenetur,
1098 1176 1181 1243 prout
1192 1175 1293 1224 monet

98 1257 270 1318 l'untificals.

129 1359 196 1413 216.
220 1356 318 1415 Onera
339 1358 487 1416 ordinibus
504 1359 684 1418 inferioribus
705 1370 734 1417 et
748 1373 871 1417 tonsure
887 1378 999 1418 annexa
1014 1360 1092 1417 nulla
1106 1372 1192 1427 suut;
1214 1358 1293 1417 habi·

96 1463 148 1510 tum
174 1466 269 1512 tamen
295 1456 533 1524 ecclesiasticum,
562 1457 678 1515 talarem
693 1457 804 1515 scilicet
824 1472 943 1525 vestem,
968 1467 998 1515 et
1017 1468 1163 1516 tonsuram
1178 1456 1290 1515 deferre

96 1549 202 1621 debent,
219 1555 267 1627 qui
284 1554 442 1632 privilegiis
458 1556 627 1614 clericorum
643 1555 698 1613 lrui
716 1554 813 1613 veiint.
856 1557 905 1614 Sic
922 1555 1035 1614 indutos
1051 1575 1175 1614 canones
1187 1557 1291 1633 jubent

96 1651 279 1711 subdiaconos
301 1666 330 1712 et
347 1655 473 1731 *majores
502 1645 603 1712 omncs
630 1656 750 1713 clericos
779 1655 936 1723 incedere,¹
957 1669 986 1714 et
1007 1655 1135 1714 divinum
1164 1654 1292 1729 quotidie

97 1749 207 1808 recitare
221 1751 376 1819 officinm,⁹
389 1764 418 1810 et
438 1753 573 1811 illibatam
589 1751 701 1811 servare
725 1753 894 1812 castitatem.
936 1753 1033 1820 Quum
1048 1753 1097 1811 lex
1113 1753 1190 1812 irrita
1202 1752 1295 1813 decla·

97 1866 154 1906 rans
166 1848 336 1927 hujusmodi
349 1852 531 1909 matrimonia
544 1871 560 1908 a
575 1851 696 1910 summis
712 1851 895 1926 pontificibus
910 1852 975 1919 lata,
991 1866 1019 1909 et
1033 1851 1162 1927 pluribus
1178 1852 1207 1909 in
1224 1869 1292 1910 con·

98 1945 162 2003 ciliis
177 1949 363 2007 oecumenicis
376 1949 492 2024 probata
505 1947 718 2016 sit-concilio
730 1948 842 2006 scilicet
857 1950 950 2024 primo
962 1959 990 2005 et
1011 1948 1138 2006 secundo
1152 1948 1288 2007 Laterna-
1340 2013 1342 2016 Α

99 2046 171 2103 aeusi
191 2066 267 2104 anno
292 2051 423 2135 1123⁸pt
437 2066 512 2105 anno
536 2044 769 2119 1139⁴-,liquet
789 2045 943 2103 concilium
958 2044 1162 2103 'l'ridentinum
1180 2046 1291 2122 optimo

97 2140 151 2216 jure
164 2146 344 2201 anathemate
357 2145 534 2220 percussisse
545 2162 610 2201 eum
624 2143 673 2216 qui
689 2143 795 2201 diceret
816 2142 978 2209 carralem,
995 2161 1051 2199 non
1073 2143 1203 2202 obstante
1228 2141 1292 2219 lege

99 2239 295 2298 ecclesiastica.
338 2241 483 2314 Equidem
499 2254 611 2299 constat
626 2259 663 2298 ex
686 2239 797 2297 Christi
813 2239 906 2298 verbis
922 2251 981 2319 rata
1002 2237 1061 2296 lore
1077 2239 1106 2296 in
1122 2238 1205 2296 coelis
1227 2257 1292 2312 quae

100 2337 219 2398 Ecclesia
242 2341 272 2398 in
297 2343 377 2398 terris
398 2341 485 2399 solvit
505 2351 534 2398 et
546 2339 624 2417 ligat,
647 2339 770 2412 ideoque
797 2338 902 2397 nullius
929 2339 1046 2414 prorsus
1071 2338 1112 2395 vis
1136 2351 1292 2412 suntquis

99 2437 150 2513 c'jus
163 2438 276 2516 legibus
292 2438 397 2514 spretis
408 2448 598 2497 attentantur.
641 2436 843 2516 Obedientiam
857 2449 885 2494 et
896 2436 1084 2495 reverentiam
1096 2435 1180 2494 etiarn
1193 2447 1292 2495 sancte

99 2535 234 2608 pollicetur
248 2536 385 2594 sacerdos
400 2538 549 2614 episcopo,
565 2552 629 2609 quae
645 2536 674 2594 iu
698 2553 816 2594 munere
845 2533 1035 2611 adimplendo
1052 2534 1136 2610 juxta
1151 2535 1292 2593 Ecclesiae

98 2635 256 2702 sanctiones,
272 2645 303 2692 et
317 2635 347 2692 in
361 2632 500 2692 mandatis
512 2651 577 2692 eum
599 2634 629 2692 in
644 2633 730 2691 finem
746 2631 860 2707 directis
875 2631 1055 2710 excipiendis
1068 2643 1096 2690 et
1110 2631 1290 2706 exequendis

100 2735 226 2812 precipue
238 2729 404 2790 exercenda
417 2743 471 2789 est.
514 2729 588 2788 Haec
599 2729 635 2788 de
649 2728 750 2787 ordine
764 2738 846 2787 sacro
861 2728 984 2787 breviter
997 2727 1107 2788 dixisse
1126 2728 1258 2788 sufficiat.
