2798 5092
99 361 156 418 lus
345 354 402 416 DE
423 356 629 416 MlNlSTRO
651 355 1047 417 SAORAMENTORUM.

94 527 178 584 tutes,
194 524 223 574 et
243 515 360 574 dicteria
372 516 403 574 in
417 534 514 574 sacros
529 515 687 584 ministros,
703 534 739 574 ne
756 516 897 593 Apostolo
912 516 1028 591 quidem
1045 527 1181 594 excepto,
1196 515 1311 575 sunde-

94 625 207 681 rsntnr;
231 614 377 672 hominum
400 614 527 690 ipsorum
550 614 656 672 nullam
680 614 819 672 rationem
841 613 999 673 faciendam
1021 631 1086 672 esse
1107 614 1218 684 docuit,
1241 613 1304 673 sed

94 711 151 771 Dei
165 712 247 788 cujus
270 711 431 769 auctoritate
454 710 658 788 fungebantur:
689 709 800 780 “Quid
821 711 906 788 igitur
919 723 964 769 est
977 712 1103 788 Apollo!
1126 711 1199 787 quid
1222 711 1293 772 vend

95 809 224 868 Paulusl
258 808 385 867 Ministri
398 809 470 885 ejus,
486 810 532 866 cui
546 807 717 868 credidistis.
740 851 749 868 .
772 851 780 868 .
805 851 813 868 .
836 808 893 867 Dei
908 810 985 869 enim
1006 828 1107 868 sumus
1122 808 1295 889 adjutores:

94 907 151 966 Dei
165 907 332 984 agricultura
344 907 424 974 estis,
439 906 496 964 Dei
510 906 658 966 edificatio
669 908 749 967 estis.
768 948 777 965 .
801 948 809 965 .
833 948 841 966 .
864 908 913 965 Sic
925 926 979 966 nos
994 909 1140 967 existimet
1153 909 1246 968 homo
1261 918 1298 968 nt

97 1006 242 1067 ministros
257 1004 377 1073 Christi,
392 1017 421 1062 et
440 1005 650 1081 dispensatores
672 1006 873 1083 mysteriorum
895 1004 961 1064 Dei.
1004 1006 1062 1066 Hic
1080 1009 1141 1084 jam
1158 1008 1303 1080 quaeritur

96 1104 169 1162 iuter
196 1100 417 1179 dispensatores,
439 1111 469 1159 ut
495 1100 589 1164 tidelis
618 1103 683 1175 quis
710 1103 879 1160 invenietur.
903 1142 911 1160 .
933 1142 941 1159 .
965 1143 973 1160 .
995 1101 1095 1176 ltaque
1116 1102 1207 1161 nolite
1231 1114 1301 1162 aute

95 1211 206 1278 tempus
223 1199 399 1277 judicare.’'²
437 1200 593 1276 Apostolus
607 1200 691 1276 plane
705 1201 735 1258 in
759 1201 922 1259 auctoritate
945 1218 999 1257 sua
1021 1200 1161 1267 innititur,
1184 1199 1220 1258 de
1245 1218 1301 1259 sua

94 1296 228 1376 dignitate
242 1308 271 1356 et
285 1300 385 1357 morito
399 1297 435 1355 ad
456 1297 551 1356 Deum
573 1296 720 1356 referendo
737 1297 889 1374 judicium.
931 1297 1021 1374 Igitur
1035 1295 1070 1354 sd
1091 1296 1295 1356 auctoritatem

93 1395 216 1456 divinam
231 1394 441 1472 respiciendum
456 1405 509 1462 est,
524 1394 559 1452 de
574 1395 692 1453 occultis
707 1394 835 1454 cordium
850 1396 971 1463 arcanis,
987 1393 1064 1453 etde
1085 1395 1223 1453 omnibus
1239 1395 1294 1454 mi·

94 1496 245 1553 sistrorum
261 1495 369 1552 meritis
383 1503 495 1551 servato
512 1492 623 1569 judicio
640 1492 714 1552 Deo.

132 1591 284 1650 Probatur
298 1589 342 1648 II.
357 1597 526 1667 sopatrum
539 1591 689 1649 constanti
710 1589 864 1650 doctrina..

133 1692 182 1746 40.
205 1688 237 1752 S.
251 1679 424 1745 Gitaooums
436 1686 653 1745 stmuzanus
665 1686 733 1745 dicit
745 1707 753 1745 ε
777 1697 796 1724 “
808 1686 918 1745 Omnes
933 1689 983 1762 qui
994 1686 1160 1767 baptizandi
1171 1703 1290 1746 munere

93 1785 257 1861 funguutur,
272 1783 367 1840 idonei
382 1783 537 1850 habentur;
560 1783 690 1855 quamvis
713 1783 790 1841 enirn
815 1783 887 1841 alius
908 1783 956 1842 alii
976 1784 1115 1860 probitate
1130 1782 1197 1840 ritae
1211 1794 1289 1841 ante·

93 1881 185 1949 cellat,
210 1879 308 1939 eadem
330 1891 424 1938 umen
447 1880 581 1957 baptismi
608 1880 651 1937 ris
675 1879 765 1937 est.’'⁹
805 1879 838 1937 S.
861 1879 999 1938 Joauuss
1029 1880 1291 1939 Gnarsos'rortus:

94 1992 114 2021 “
127 1982 277 2058 Contingit
290 1980 405 2053 quidem
418 1980 507 2038 laicos
523 1981 570 2056 pie
586 1981 671 2039 vitam
686 1997 780 2057 agere,
796 1980 869 2038 male
891 1972 985 2038 autem
1005 1988 1034 2038 et
1053 1980 1186 2056 improbe
1200 1994 1293 2036 sacer·

92 2080 191 2148 dotes3
214 2076 287 2137 unde
302 2097 394 2151 neque
410 2077 532 2136 loturum
554 2088 630 2135 esset
651 2078 801 2155 baptisma,
820 2096 873 2135 nec
898 2095 1002 2153 corpus
1025 2076 1147 2144 Christi,
1169 2092 1225 2134 nec
1240 2074 1289 2132 ob·

91 2179 158 2238 lotio
184 2195 234 2255 per
257 2177 332 2245 illos,
353 2177 379 2233 si
402 2176 507 2249 ubique
532 2175 698 2253 dignitatem
720 2195 752 2234 ac
773 2177 873 2234 merita
894 2176 1049 2248 requireret
1074 2175 1182 2252 gratia:
1213 2173 1294 2248 atqui

92 2277 178 2335 etiam
192 2293 243 2352 per
256 2273 388 2351 indiguos
401 2272 483 2331 'Dens
497 2272 571 2332 solet
584 2274 706 2351 operari,
720 2292 814 2347 neque
828 2273 1007 2349 baptismatis
1030 2273 1119 2350 gratia
1133 2271 1293 2347 quidquam

92 2373 203 2434 inditur
226 2373 284 2430 vita
305 2370 503 2429 sacerdotis.”³
543 2373 575 2430 S.
591 2374 782 2432 Anonsrmus
808 2371 944 2432 vindicias
966 2372 1108 2430 Ecclesiae
1130 2371 1184 2433 hoo
1204 2371 1236 2428 in
1259 2388 1291 2428 re

94 2478 191 2531 contra
206 2469 369 2527 Donatistas
392 2478 505 2526 strenue
531 2469 598 2544 egit,
614 2467 684 2526 adeo
705 2479 736 2526 ut
756 2486 999 2544 supervacaneum
1021 2469 1059 2526 sit
1078 2486 1145 2526 eum
1158 2464 1289 2527 laudare.

94 2568 193 2627 Unum
209 2577 302 2625 tamen
318 2577 365 2624 aut
387 2567 505 2625 alterum
529 2566 625 2624 locum
640 2565 807 2643 speciminis
822 2566 911 2642 gratia
925 2565 1045 2625 damus:
1071 2575 1090 2603 ‘⁴
1102 2565 1173 2641 Non
1186 2565 1294 2624 exhor·

92 2674 152 2723 reat
165 2664 296 2723 columba
310 2663 501 2722 ministerium
515 2663 656 2722 malorum
669 2683 679 2735 3
702 2661 969 2740 rcspiciatDomini
990 2646 1171 2740 potestatem.
1212 2661 1293 2730 Quid

93 2762 143 2821 tibi
157 2761 224 2820 lacit
238 2762 327 2821 malus
339 2762 479 2830 minister,
495 2761 545 2820 ubi
558 2761 651 2820 bonus
667 2772 710 2819 est
724 2759 891 2819 Dominusl
935 2760 1005 2820 Non
1019 2761 1106 2820 timeo
1121 2759 1293 2830 adulterum,

93 2877 151 2917 non
165 2859 318 2927 ebriosum,
333 2878 391 2918 non
416 2858 610 2919 homicidam:
633 2858 702 2932 quia
727 2858 888 2917 columbam
911 2857 1034 2926 attendo,
1050 2876 1203 2935 perquam
1217 2857 1293 2916 mihi

93 2957 212 3016 dicitur:
235 2959 313 3016 ‘Hic
326 2972 369 3017 est
386 2960 435 3033 qui
456 2958 602 3036 baptizat!
613 2959 648 2992 ”⁴
688 2956 856 3036 congruum
879 2976 965 3035 porro
989 2957 1092 3016 divinre
1120 2956 1231 3015 Christi
1245 2974 1291 3014 sa·

91 3054 207 3132 pientiae
222 3065 281 3113 erat
294 3067 469 3115 sacramenta
482 3057 521 3115 ita
545 3056 703 3124 instituere,
719 3065 750 3114 ut
764 3075 781 3113 a
794 3055 989 3114 ministrorum
1003 3055 1112 3113 meritis
1127 3054 1292 3113 nullatenus

91 3152 258 3230 penderent,
272 3154 342 3212 adeo
357 3165 387 3212 ut
401 3154 618 3230 suscipientium
633 3152 704 3211 fides
725 3163 785 3211 tota
804 3153 913 3230 inipso
934 3153 1113 3218 consisteret,
1132 3170 1187 3211 nec
1201 3151 1292 3210 animi

92 3252 272 3311 solicitudine
287 3253 321 3310 de
336 3253 531 3309 ministrorum
545 3250 681 3326 dignitate
704 3261 910 3325 torquerentur.
952 3251 1002 3309 Sic
1015 3269 1076 3310 suae
1086 3250 1185 3328 glorier
1196 3251 1291 3328 magis

92 3351 245 3417 consuluit,
261 3350 391 3406 virtutem
408 3347 591 3405 sacramentis
614 3348 751 3416 tribuens,
766 3358 795 3407 et
808 3366 909 3407 omnes
930 3347 1011 3406 adse
1032 3346 1120 3406 veluti
1140 3365 1291 3406 revocans.

91 3445 237 3506 Fidelibus
252 3447 336 3505 etiam
351 3447 472 3522 benigne
485 3445 636 3513 consuluit,
649 3444 774 3519 alioquin
787 3464 901 3523 semper
915 3446 1055 3505 haesituris
1073 3444 1110 3502 de
1127 3463 1291 3504 sacramen·

94 3551 183 3601 torum
199 3545 303 3611 valore,
319 3562 407 3616 quum
420 3543 487 3601 vitia
500 3543 650 3601 hominum
664 3543 832 3619 plerumque
848 3543 905 3600 sint
920 3543 1024 3601 oculta.

484 3776 684 3817 omculouss
704 3776 887 3818 SOLVUNTUR.

131 3920 179 3975 41.
205 3913 271 3993 Obj.
291 3919 315 3970 l.
339 3915 484 3974 “Scimus
508 3917 575 3990 quia
594 3925 757 3995 peccatores
780 3917 860 3976 Deus
883 3936 941 3977 nou
962 3913 1087 3974 audit.”³
1129 3917 1214 3996 Ergo
1229 3936 1289 3977 nou

92 4015 185 4074 valent
198 4019 374 4072 sacramenta
388 4014 422 4071 ab
437 4015 472 4072 iis
487 4015 598 4075 collata.

129 4111 218 4192 Resp.
240 4111 271 4171 N
273 4129 309 4170 on
325 4109 402 4168 audit
416 4110 495 4170 Deus
510 4113 672 4171 ministrum
687 4131 817 4189 pravum,
833 4131 886 4172 suo
909 4113 1025 4173 nomine
1039 4123 1221 4189 precantem,
1236 4113 1291 4173 sed

445 4350 447 4355 ·
486 4324 527 4389 (l)
546 4323 566 4372 1.
580 4322 637 4395 Gor.
649 4322 683 4373 iit
694 4327 718 4374 4.
728 4327 752 4375 9.
761 4340 785 4372 v.
797 4324 812 4373 i.

489 4410 530 4474 (2)
551 4409 618 4458 Orat.
629 4409 664 4458 xi.
675 4408 702 4460 irr
713 4409 741 4459 S.
753 4409 823 4475 Bapt-

489 4495 530 4561 (3)
552 4496 625 4545 Hom.
638 4494 725 4545 vittis
738 4498 749 4546 l
766 4495 797 4545 ad
809 4493 866 4544 Gor.

485 4582 527 4645 (4)
547 4580 628 4630 Tract
640 4596 664 4629 r.
675 4581 702 4630 in
713 4580 784 4631 Joan.

493 4664 536 4732 (5)
555 4666 630 4717 Joau.
638 4664 674 4716 ix.
685 4667 726 4715 ³1.
