2798 5092
90 327 151 387 2⁰4
349 324 406 386 DE
428 325 691 387 SANO'I'ORUM
711 323 1020 391 luvocuutortu.

92 504 198 564 magno
211 486 375 545 reverentie
390 504 477 544 seusu
491 503 542 544 eos
557 486 736 555 invocemus,
749 505 897 559 saeorum
913 487 1034 548 feliciori
1047 488 1213 549 conditione
1228 506 1291 566 pro·

93 583 181 649 venit,
191 581 252 658 jam
267 581 344 640 enim
358 595 477 658 regnant
489 600 556 641 cum
571 580 700 650 Christo,
716 582 814 659 glorie
829 584 905 643 illius
929 583 994 644 facti
1016 586 1184 664 participes.
1228 585 1291 645 Uti·

93 700 149 757 quc
162 681 245 740 nobis
270 697 438 756 persuasum
459 690 503 737 est
521 697 570 738 eos
588 679 742 756 plurimum
757 699 843 758 posse
857 682 933 760 apud
949 682 1056 751 Deum,
1071 702 1162 758 quum
1176 683 1237 741 sint
1248 682 1290 743 illi

94 777 296 855 acceptissimi,
311 775 432 848 quinon
447 775 596 833 consuevit
608 793 707 850 preces
722 794 868 835 servorum
878 796 995 837 suorum
1008 779 1144 856 rejicere:
1168 787 1188 815 ‘⁶
1203 778 1290 837 Oculi

94 878 213 938 Domini
226 893 313 952 super
322 875 428 951 justos,
443 882 472 930 et
482 891 564 931 aures
577 873 639 950 ejus
654 873 683 931 iu
698 891 797 950 preces
811 873 956 933 eornm.’'¹
996 875 1105 949 Siquis
1120 894 1153 934 se
1169 876 1291 953 alicujus

94 974 192 1034 Sancti
206 972 341 1031 devotum
355 969 520 1048 profiteatur
532 969 682 1038 famulum,
696 970 863 1048 intelligitur
876 973 1038 1050 significare
1055 972 1140 1031 altam
1155 973 1292 1032 virtutum

94 1071 321 1135 estimationem,
335 1078 364 1125 et
385 1065 597 1125 venerationem
618 1085 705 1140 quam
725 1068 821 1128 animo
843 1069 939 1138 sovett
961 1088 1019 1129 non
1041 1080 1137 1129 tamen
1152 1071 1293 1145 obsequio

94 1189 152 1245 quc
166 1169 262 1228 Deum
277 1165 345 1224 colit
358 1162 465 1237 aliquid
479 1163 638 1222 detrahere.

133 1271 183 1327 67.
208 1263 275 1343 obj.
291 1268 319 1321 5.
342 1258 440 1320 Sancti
454 1261 557 1319 frustra
577 1262 753 1330 invocantur,
775 1281 841 1322 nam
862 1274 963 1341 preces
984 1283 1042 1323 uon
1062 1274 1189 1324 noruntt
1207 1265 1293 1342 juxta

93 1364 164 1427 illud
178 1361 384 1424 Ecclesiastis:
408 1359 577 1418 “Viventes
591 1359 686 1417 sciunt
699 1377 731 1417 se
746 1361 910 1430 morituros,
921 1362 1025 1421 mortui
1040 1380 1108 1421 vero
1118 1361 1193 1420 nihil
1208 1378 1295 1420 nove·

94 1471 161 1525 runt
174 1457 346 1537 amplius.”⁹

133 1559 223 1635 Resp.
244 1556 313 1614 Non
328 1572 442 1612 ornnem
467 1571 583 1630 prorsus
605 1554 798 1630 coguitionem
813 1556 932 1615 mortuis
947 1555 1069 1635 denegat
1081 1555 1290 1625 Ecclesiastes,

95 1656 223 1716 sedeam
239 1670 333 1711 rerum
347 1651 533 1708 humanarum
549 1649 688 1718 notitiam,
704 1669 767 1724 que
783 1653 960 1711 versantibus
976 1654 1134 1731 incorpore
1146 1654 1294 1713 convenit.

95 1754 238 1813 Gaeterum
255 1751 374 1808 Sanctos
389 1748 419 1805 in
433 1747 498 1806 Deo
513 1746 635 1823 plurima
649 1765 735 1806 nosse
749 1746 784 1806 de
799 1748 965 1808 homiuibus
979 1750 1092 1809 interra
1102 1744 1294 1818 versantibus,

17 1904 27 1917 .
94 1872 131 1912 ex
153 1870 188 1911 co
212 1849 353 1926 colligitur
377 1844 453 1920 quod
474 1854 503 1903 et
527 1845 621 1921 angeli
642 1847 797 1922 peccatoris
814 1847 980 1924 poeniteutia
1000 1847 1154 1926 gaudeant,
1170 1850 1292 1911 Christo

189 1956 226 2005 te.

96 1957 187 2104 ¹⁸⁸3
210 2041 276 2121 ooj.
293 2044 321 2099 6.
364 2037 419 2096 Vel
441 2037 537 2096 Sancti
552 2049 704 2096 censentur
718 2056 805 2096 nosse
825 2026 924 2115 preces
945 2039 979 2098 in
993 2057 1033 2109 se,
1049 2052 1077 2099 et
1096 2041 1211 2099 infinita
1226 2060 1295 2116 qus·

93 2143 157 2217 dem
173 2139 292 2200 scientia
305 2136 362 2195 Dei
376 2137 474 2201 instar,
490 2132 599 2210 praediti
619 2133 797 2202 videbuntur,
820 2153 886 2194 nam
908 2155 1008 2213 preces
1030 2138 1136 2212 ubique
1152 2152 1293 2198 terrarum

95 2243 130 2302 ab
145 2237 308 2300 hominibus
321 2233 478 2299 innumeris
492 2230 667 2300 funduntur3
690 2231 734 2290 vel
759 2231 824 2291 Deo
846 2234 999 2302 revelante,
1013 2234 1091 2309 quod
1112 2236 1293 2313 superfluum

95 2353 125 2400 et
139 2341 221 2399 inane
236 2345 289 2402 est,
304 2333 412 2408 quippe
437 2330 544 2388 revelat
566 2330 679 2389 Sanctis
701 2349 801 2408 preces
816 2330 851 2390 ad
865 2349 915 2392 eos
930 2312 1020 2402 fusas}
1035 2344 1067 2392 ut
1080 2334 1137 2412 ipsi
1153 2334 1296 2414 deinceps

95 2448 180 2498 orent
193 2453 270 2494 eum.

137 2532 226 2610 Resp.
248 2528 402 2609 Sciendum
418 2546 474 2600 qua
489 2524 596 2603 pollent
610 2526 709 2585 Sancti
721 2546 853 2606 magnam
865 2547 931 2587 esse
945 2548 1003 2589 non
1018 2529 1192 2599 dubitamus,
1205 2551 1295 2607 quum

98 2631 197 2692 divino
216 2628 323 2687 lumine
345 2624 568 2704 perfundantur:
591 2625 729 2684 limitibus
751 2638 844 2686 tamen
865 2646 928 2686 eam
950 2630 1146 2689 circumscribi
1162 2630 1294 2700 fatemur,

98 2747 164 2790 narn
178 2737 303 2787 creatura
317 2723 434 2782 infinitae
457 2722 640 2800 perfectionis
665 2742 756 2800 capax
777 2742 836 2793 nou
856 2735 910 2784 est.
953 2727 1049 2794 Quum
1064 2745 1187 2805 corpore
1202 2729 1312 2788 adhuc·

99 2827 209 2888 inclusa
231 2824 326 2882 anima
345 2830 421 2880 tanta
448 2820 554 2897 polleat
580 2820 754 2898 cognitione,
783 2833 888 2881 temere
916 2824 986 2882 certi
1015 2835 1161 2901 ponuntur
1189 2827 1297 2886 limites

99 2926 226 2985 scientiae
241 2941 327 2996 quam
342 2920 427 2978 habet
439 2938 558 2996 corpore
573 2919 675 2988 soluta,
690 2929 720 2978 et
730 2920 787 2979 Dei
798 2921 888 2997 gloria
902 2921 1049 2980 illustrata.
1092 2924 1226 2984 Necesse
1237 2942 1297 2985 non

101 3035 196 3084 estut
216 3021 385 3080 definiamus
411 3019 550 3077 rationem
572 3036 629 3091 qua
653 3018 766 3096 singula
791 3032 928 3088 noscant;
950 3019 1002 3079 sed
1025 3039 1083 3080 nou
1104 3035 1247 3101 repugnat
1267 3033 1298 3083 ut

101 3120 274 3182 revelatione
288 3116 510 3192 contingatque
524 3124 620 3173 tamen
645 3115 861 3192 simplicissima
881 3118 928 3186 sit,
943 3128 972 3176 et
985 3117 1063 3177 nulla
1077 3131 1193 3180 actuum
1209 3121 1297 3188 serie,

103 3218 215 3295 qualern
242 3214 406 3274 describunt
425 3212 589 3280 adversarii,
613 3213 766 3290 implicata.
808 3214 967 3292 spirituum
989 3216 1149 3277 coelestium
1164 3218 1249 3279 dotes
1270 3232 1297 3279 et

99 3315 292 3395 coguitionem
315 3329 493 3384 nequaquam
520 3321 614 3368 mente
637 3313 752 3384 assequi
774 3312 913 3380 valemus,
934 3312 1057 3388 ideoque
1079 3327 1195 3392 prestat
1209 3319 1294 3392 sequi

102 3425 229 3474 veterum
244 3410 342 3478 fidem,
357 3408 407 3482 qui
422 3407 534 3475 Sanctis
551 3425 667 3484 precum
683 3409 812 3468 notitiam
827 3429 884 3469 non
899 3409 1050 3488 denegant,
1065 3413 1136 3486 quin
1150 3414 1297 3491 explicare

103 3512 300 3590 aggrediantur
313 3505 458 3584 quomodo
472 3513 675 3584 comparetur.¹
716 3507 748 3567 Id
764 3507 890 3586 profectis
904 3496 1016 3568 constat
1029 3510 1065 3569 de
1080 3511 1192 3570 infinita
1207 3515 1299 3574 scien·

140 3768 183 3836 (l)
203 3767 244 3816 Ps.
255 3765 343 3816 xxxiii.
356 3767 395 3816 16.

138 3857 178 3922 (2)
197 3852 266 3904 Eccl.
278 3853 310 3902 ix.
322 3855 345 3906 5.
687 3920 689 3926 Ι

140 3940 182 4009 (2)
201 3947 215 3973 ¹⁴
225 3939 309 3988 When
320 3936 372 3988 itis
392 3935 444 3986 said
461 3935 514 3986 that
531 3936 572 3987 the
589 3933 666 3987 saints
683 3936 843 3987 cauuothear
854 3952 899 3988 our
915 3952 1023 4004 prayers,
1042 3937 1127 3990 unless
1147 3935 1206 3990 God
1223 3944 1304 3993 reveal

103 4029 171 4080 them
182 4034 208 4078 to
227 4025 311 4082 themt
329 4038 356 4072 so
373 4021 427 4072 that
442 4022 570 4087 Almighty
588 4023 652 4083 God,
671 4038 738 4088 upcu
755 4023 797 4073 the
808 4023 905 4075 Roman
926 4024 1020 4091 theory,
1029 4041 1136 4090 convsys
1152 4026 1217 4077 from
1237 4044 1269 4078 us
1280 4037 1305 4080 to

103 4115 172 4166 them
181 4114 251 4164 those
261 4116 372 4174 requests
383 4108 465 4158 which
476 4109 534 4173 they
546 4125 587 4158 ure
599 4117 624 4159 to
635 4109 679 4159 ask
696 4110 758 4160 bach
774 4110 846 4172 again
858 4111 887 4161 oi
901 4110 963 4162 Him
978 4113 1017 4162 sor
1027 4128 1065 4173 us,
1082 4124 1120 4162 we
1132 4128 1173 4162 are
1184 4116 1304 4180 certainly

104 4199 178 4262 using
189 4215 222 4248 an
239 4196 332 4255 unreul,
344 4195 447 4244 because
464 4211 496 4243 sn
514 4195 677 4260 unscriptural
688 4203 824 4257 argument,
835 4196 919 4246 Mores
930 4213 962 4247 on
982 4198 1024 4248 the
1044 4198 1135 4248 Mount
1151 4197 1247 4264 having
1263 4202 1305 4253 the

104 4284 144 4334 siu
154 4282 183 4332 of
195 4282 234 4332 his
245 4283 331 4349 people
341 4279 394 4330 first
401 4279 511 4330 revesled
522 4287 547 4329 to
559 4280 611 4329 him
621 4281 653 4343 by
665 4279 728 4337 God,
738 4280 791 4330 that
801 4281 832 4330 he
843 4281 870 4331 iu
881 4289 938 4332 turn
950 4282 1029 4345 might
1039 4283 1161 4334 intercede
1173 4286 1236 4337 with
1249 4288 1306 4340 God

102 4371 140 4420 for
150 4369 226 4420 mem.
259 4370 357 4426 indeed,
368 4369 388 4418 it
399 4368 420 4418 is
430 4367 536 4429 through
548 4367 608 4416 Him
619 4373 625 4398 ‘
635 4367 662 4424 irr
673 4367 755 4418 whom
763 4383 801 4417 we
811 4368 866 4428 live,
879 4370 927 4419 aud
936 4385 1015 4429 move,
1023 4368 1071 4420 sud
1083 4369 1146 4422 heve
1157 4389 1203 4425 our
1214 4377 1306 4440 being,’

104 4457 159 4508 that
170 4471 208 4504 we
218 4472 257 4505 are
269 4459 321 4506 able
333 4458 360 4506 in
371 4455 422 4508 this
438 4455 478 4505 life
490 4465 515 4504 to
535 4454 593 4504 hear
614 4453 656 4504 the
667 4463 776 4518 requests
792 4455 822 4503 oi
834 4455 895 4505 each
912 4456 982 4506 other
992 4457 1040 4506 and
1052 4465 1077 4508 tc
1088 4471 1187 4524 present
1199 4462 1268 4516 them
1281 4475 1306 4516 to

104 4542 167 4594 Him
178 4540 206 4590 in
216 4556 308 4604 prayer.
344 4541 412 4592 Such
424 4557 455 4590 au
473 4548 600 4601 argument
612 4539 681 4598 then,
691 4541 763 4590 while
774 4540 894 4602 shocking
903 4540 951 4591 and
962 4542 1062 4607 profane
1074 4550 1099 4593 tc
1111 4545 1153 4595 the
1164 4547 1271 4613 feelings
1282 4552 1311 4601 os

106 4624 268 4685 allcmuuist,
276 4627 298 4676 is
309 4625 409 4676 shallow
421 4642 481 4676 even
493 4625 519 4674 in
531 4624 572 4674 the
580 4625 710 4690 judgmeut
721 4627 750 4678 ot*
763 4624 967 4692 uphilosopher.’'
1001 4626 1077 4679 Tmct
1088 4629 1139 4681 No.
1152 4633 1193 4682 vl.
