2798 5092
379 900 818 990 TRAOTATUS
866 911 1044 991 XVII.

209 1162 337 1283 DE
431 1169 1187 1308 SAORAMENTIS

445 1461 508 1525 IN
553 1465 950 1541 UNIVERSUM.

534 1794 836 1813 —————-

553 2039 824 2096 PRAENOTANDA.

143 2275 164 2329 l.
183 2274 275 2350 Quum
291 2275 327 2334 de
339 2270 460 2350 singulis
475 2270 618 2348 egerimus
629 2271 825 2341 sacramentis,
843 2273 906 2351 jam
921 2292 984 2347 quc
998 2273 1034 2334 ad
1047 2277 1144 2336 omnia
1156 2285 1285 2356 spectant

109 2365 222 2432 inunum
236 2369 398 2450 colligenda
412 2376 488 2436 sunt,
503 2378 532 2426 et
552 2385 585 2425 aa
606 2367 754 2426 statuentia
780 2369 921 2448 principia
942 2390 1008 2446 quae
1028 2374 1161 2433 omnibus
1183 2393 1284 2434 conre-

105 2465 179 2528 aiunt.
218 2471 296 2530 Vera
310 2465 481 2528 sacramenti
495 2484 576 2524 novae
599 2464 671 2544 legis
695 2467 775 2526 notio
799 2477 845 2527 est
859 2488 945 2543 quam
959 2470 993 2530 ab
1007 2471 1090 2532 initio
1105 2472 1284 2543 tradidimus,

102 2563 158 2624 ritus
171 2566 310 2627 sciliceta
333 2566 451 2624 Christo
468 2563 624 2632 institutus,
648 2563 752 2641 pignus
777 2574 806 2624 et
829 2566 1049 2629 instrumentum
1069 2571 1176 2648 graba,
1198 2571 1284 2630 habet

101 2663 164 2724 cuim
177 2684 215 2725 ex
234 2665 331 2724 divina
345 2662 521 2723 institutione
536 2662 595 2720 vim
609 2662 664 2720 sibi
678 2662 793 2720 insitam
814 2663 957 2724 efficiendi
970 2668 1147 2728 sanctitatem
1162 2678 1191 2727 et
1199 2669 1285 2747 Justi·

100 2761 155 2823 tiam
165 2782 250 2838 quarn
265 2764 417 2841 significat,
431 2762 472 2821 rrti
486 2768 562 2820 recte
577 2758 661 2819 docet
673 2759 874 2820 catechismus
886 2762 1046 2825 Romanus.
1087 2767 1182 2834 Quam
1195 2768 1280 2846 longe

96 2872 198 2937 prestet
211 2865 317 2922 veteris
331 2861 404 2940 legis
419 2860 529 2929 ritibus,
544 2860 594 2934 qni
615 2877 830 2932 nonnumquam
853 2873 1029 2924 sacramenta
1048 2876 1195 2935 vocantur.
1212 2867 1279 2928 inde

95 2957 183 3035 liquet,
197 2980 264 3022 nam
288 2961 347 3019 vim
361 2958 469 3019 nuliam
483 2959 665 3018 intrinsecam
680 2957 830 3026 habebant,
845 2957 896 3017 sed
910 2961 1088 3036 pertinebant
1101 2964 1137 3023 ad
1151 2964 1207 3025 Dei
1222 2967 1279 3026 cul-

95 3064 154 3125 tum,
175 3068 204 3116 et
224 3058 485 3117 commemorabant
504 3072 719 3126 nonnumquam
741 3053 877 3113 divinitus
897 3054 999 3116 collata
1018 3057 1167 3130 beneficia,
1190 3063 1276 3122 simul

93 3153 235 3215 indicantia
256 3155 382 3215 futurum
403 3153 643 3231 Redemptorem:
669 3161 688 3189 ‘⁸
701 3153 767 3211 finis
789 3155 866 3214 enirn
887 3154 970 3233 legis,
986 3154 1131 3228 Christus,
1146 3159 1181 3218 ad
1191 3161 1275 3236 justi·

93 3250 150 3311 tan
169 3251 450 3312 omni-credenti.”²
492 3249 685 3309 Circumcisio
714 3250 835 3310 Abrahae
857 3252 985 3329 injuncta
1009 3255 1146 3333 populum
1174 3256 1231 3315 Dei
1258 3278 1282 3327 a¹

93 3348 189 3406 cacus
211 3348 392 3407 discernebat
412 3347 555 3426 gentibus,
577 3356 606 3405 et
632 3365 714 3424 spem
737 3346 938 3428 Redemptoris
960 3368 1121 3430 exgenere
1149 3353 1270 3414 Abrahae

92 3439 202 3514 fovebat,
215 3464 283 3504 nam
297 3445 327 3503 in
340 3444 451 3503 semine
465 3443 585 3503 Abrabae
596 3443 799 3503 benedicenda
811 3455 891 3504 erant
904 3465 1004 3505 omnes
1015 3457 1125 3526 gentes,
1138 3459 1270 3512 caeterum

93 3537 196 3609 nullam,
218 3551 250 3600 ut
272 3539 394 3606 videtur,
421 3541 634 3618 impertiebatur
652 3541 804 3616 justitiam.
846 3542 875 3601 B
895 3554 992 3605 contra
1012 3544 1170 3623 baptismus
1184 3548 1272 3608 abluit

93 3644 202 3708 peccata,
214 3654 378 3710 novamque
394 3636 489 3698 tribuit
501 3638 532 3697 in
547 3636 665 3696 Christo
679 3637 776 3696 vitam.

575 3813 617 3879 (l)
637 3813 708 3866 Rom.
719 3816 781 3867 nt.
