2798 5092
182 6 415 241 “ff
583 0 1098 151 affigo]
1290 19 1317 95 ι

83 213 257 432 sl
720 158 1331 439 dl·s6sst

354 432 390 511 a
539 378 838 531 nauffinna.

742 491 753 519 Ι

77 558 86 701 p
164 539 214 596 83.
235 536 438 607 Jomnasv,
454 538 567 599 natione
503 429 684 616 waimis
698 539 847 598 successit.
888 537 969 597 Obiit
988 538 1144 617 2Augusti
1164 542 1231 608 686,
1253 546 1318 616 post

127 650 247 711 regnum
261 637 347 695 unius
362 637 440 706 anni,
450 646 479 695 et
491 636 624 705 undecim
639 635 760 695 diemm.

164 734 214 790 st.
230 732 340 792 Conon
351 752 368 790 a
379 739 415 792 21
430 733 562 799 Octobris
578 738 636 793 686
647 733 681 792 66
690 739 726 792 21
739 732 915 810 Septembris
925 737 982 793 687
994 733 1092 812 (juxta
1102 733 1174 792 alios
1187 737 1222 792 1³
1232 733 1318 794 Octo·

87 868 90 873 -
125 825 194 905 bris)
209 828 377 906 gubernavit
391 829 601 889 EcclesiamS.
616 829 776 900 Kilianum,
792 829 963 888 monachum
975 829 1135 889 Hibernum
1138 829 1315 908 ,episcopali

126 934 242 985 auctum
256 925 404 1004 dignitate,
419 926 453 985 ad
468 927 692 987 Franconiorum
707 928 923 986 conversionem
938 929 1026 987 misit.

162 1026 215 1081 86.
229 1023 261 1082 S.
277 1024 409 1085 Seuerus
423 1024 460 1093 1.,
474 1043 560 1102 syrus
573 1025 698 1093 natione,
707 1036 774 1103 post
787 1025 905 1084 dissidia
919 1043 970 1102 per
985 1025 1056 1085 duos
1071 1042 1195 1093 menses,
1211 1025 1319 1102 populo

123 1118 154 1177 in
169 1116 242 1177 duas
256 1120 350 1179 scisso
371 1120 519 1188 factiones,
534 1139 654 1194 quarum
675 1139 731 1180 una
751 1120 907 1181 Theodoro
918 1121 1128 1189 archidiacono,
1142 1121 1230 1179 altera
1250 1120 1320 1179 Pas·

124 1215 202 1275 cheli
222 1215 344 1276 diacono
364 1217 484 1286 favebat,
500 1217 608 1276 electus
628 1228 682 1276 est.
725 1217 823 1277 Cessit
837 1218 1009 1278 Theodorus
1024 1238 1076 1277 sua
1089 1227 1190 1295 sponte
1206 1217 1318 1295 Sergio,

124 1311 275 1372 Pa'scbalis
290 1314 407 1372 invitus.
448 1315 474 1372 A
489 1317 524 1371 15
539 1314 707 1373 Decembris
720 1318 778 1375 687
793 1314 839 1374 dIe
852 1333 945 1388 usque
967 1314 1001 1373 ad
1020 1322 1039 1376 7
1061 1315 1238 1392 Septembris
1259 1319 1316 1374 701

128 1409 213 1470 sedit.
255 1408 452 1479 Oeaduallam,
467 1410 694 1472 Occidentalium
718 1413 867 1472 Saxonum
888 1431 996 1492 regem,
1012 1413 1061 1487 qui
1081 1430 1170 1491 regno
1185 1412 1318 1472 nuntium

124 1508 250 1574 miserat,
266 1507 328 1565 suis
342 1509 473 1566 manibus
496 1509 598 1567 Rome
618 1509 781 1585 baptizarit,
797 1509 876 1568 Petri
898 1511 1014 1568 nomine
1035 1509 1063 1567 ei
1084 1510 1247 1588 imposito.¹
1287 1509 1320 1587 S.

125 1603 328 1674 Willebrordo,
343 1623 430 1678 quem
440 1606 609 1684 episcopum
622 1607 809 1676 consecravit,
824 1617 852 1666 et
867 1609 954 1666 sociis
969 1609 1033 1686 ejus
1048 1626 1151 1666 munus
1165 1583 1320 1665 demanda·

128 1703 169 1762 vit
182 1702 355 1780 predicandi
369 1704 562 1781 Evangelium
577 1705 652 1781 apud
674 1705 847 1775 Germanos,
868 1706 1014 1776 Frisoues,
1032 1705 1155 1765 1166661
1210 1704 1323 1783 Synsdi

127 1799 273 1860 Trullanae
286 1819 411 1859 canones
426 1803 535 1878 rejecit.
570 1802 666 1870 Quum
682 1802 1039 1879 Zacharias,'1mperat0ris
1054 1803 1318 1880 Protospatbarius,

127 1917 191 1960 eum
205 1899 291 1958 vellet
305 1900 333 1957 vi
348 1900 485 1958 abducere
501 1899 794 1978 Constantinopolim,
810 1920 827 1959 a
840 1900 940 1958 militia
954 1900 1042 1960 Italiae
1057 1900 1186 1977 pontifex
1201 1913 1248 1960 661
1270 1920 1319 1979 pe·

77 2042 81 2087 3
126 1996 213 2055 riculo
236 1995 380 2064 liberatus,
407 1997 499 2069 quiet
521 1996 666 2055 Zachariae
690 1996 878 2056 Incolumitati
903 1996 1069 2055 consuluit.⁸
1112 1996 1217 2054 Statuit
1236 2005 1268 2054 ut
1289 1971 1339 2087 161
1371 2023 1390 2081 Ι·

126 2094 237 2154 Missa:
261 2095 393 2172 “Agnus
405 2094 472 2161 Dei,
486 2095 535 2168 qui
549 2095 625 2154 tollis
637 2107 754 2172 peccata
767 2092 878 2163 mundi,
891 2095 1026 2153 miserere
1036 2093 1153 2163 nobis,’'
1166 2090 1340 2185 1616616161
1371 2100 1384 2162 j

127 2189 286 2268 61666616,
302 2189 370 2248 dum
390 2190 484 2248 hostia
504 2190 688 2268 frangeretur,
710 2191 914 2249 decantaretur.
956 2190 1062 2249 Postea
1081 2191 1118 2248 ob
1138 2190 1315 2249 calamitates
1350 2176 1367 2231 '²0

123 2287 263 2347 bellorum
278 2288 396 2364 contigit
410 2299 459 2346 ut:
481 2285 560 2347 dona
573 2287 659 2347 nobis
674 2305 781 2366 pacem
796 2288 877 2348 tertia
891 2287 954 2346 6166
969 2286 1134 2347 6166661661

598 2477 726 2537 866666
748 2477 835 2537 VIII.

161 2639 211 2694 86.
233 2635 370 2695 Jouuuus
385 2634 449 2703 VL,
467 2636 579 2696 natione
594 2642 714 2716 grecus,
729 2641 771 2695 28
792 2636 925 2696 Octobris
946 2642 1003 2698 761
1020 2638 1128 2698 6166166
1142 2637 1215 2698 sedit
1229 2656 1320 2713 usque

117 2735 157 2795 ad
173 2738 192 2793 9
205 2734 333 2794 Jauuarii
348 2739 418 2794 765.
460 2733 595 2793 Tiberius
610 2736 764 2812 imperator
786 2735 1041 2811 Theopbylactum
1056 2737 1208 2795 exarcham
1230 2737 1319 2804 misit,

117 2832 253 2910 pontifici
268 2832 428 2890 molestiam
443 2841 599 2899 creaturus,
614 2832 666 2889 sed
680 2831 823 2890 exercitus
846 2832 958 2900 restitit,
974 2832 1128 2903 exarcham
1144 2833 1317 2901 sublaturus,

118 2930 180 2989 nisi
193 2929 404 2987 intercessisset
414 2926 553 2985 1666666.
576 2925 814 3004 06611666,6666
831 2927 1013 3004 Guisulphus
1029 2928 1088 2986 dux
1102 2928 1322 2988 Beneventanus

115 3028 153 3087 in
180 3025 370 3103 Campaniam
399 3026 547 3083 incursans
570 3025 684 3093 fecerat,
705 3023 826 3085 redemit
848 3024 978 3102 pontifex
1002 3025 1241 3085 humanissimus.
1282 3026 1322 3085 Ei

119 3124 330 3204 patrimonium
341 3124 458 3200 Alpium
472 3123 630 3182 Cottiarum
643 3123 719 3182 dono
733 3122 811 3182 dedit
821 3125 986 3200 acepertus,
997 3123 1249 3202 Longobardorum
1260 3143 1323 3191 rex,

122 3234 156 3282 ut
170 3221 296 3281 referunt
309 3216 399 3288 Beda,
414 3219 479 3280 Ado
496 3220 680 3290 Viennensis,
701 3221 870 3279 Anastasius
891 3219 1141 3290 Bibliotheearius,
1163 3231 1192 3279 et
1211 3220 1320 3280 Paulus

120 3319 286 3378 Diaconos.
640 3389 642 3392 ⁸
1003 3378 1006 3382 .

163 3419 214 3475 87.
235 3414 372 3474 Jonuuns
388 3413 467 3482 vll,
482 3433 592 3491 graecus
608 3422 703 3492 gente,
722 3419 735 3472 1
753 3412 799 3472 die
815 3414 912 3474 Martii
928 3415 1078 3474 successit.
1114 3415 1158 3474 Ad
1174 3435 1239 3475 eum
1258 3417 1324 3476 Jus-

122 3514 252 3574 tinianus
267 3496 471 3571 Rbiuotmetus
486 3513 639 3590 imperator
653 3513 732 3571 misit
750 3513 859 3592 legatos
873 3512 908 3571 ad
923 3513 1150 3590 componendam
1163 3526 1325 3576 controver·
1382 3560 1389 3595 ,

126 3613 202 3670 siam
217 3610 252 3669 de
267 3611 424 3669 canonibus
439 3611 554 3669 concilii
569 3610 710 3679 Trullani,
726 3628 841 3688 rogans,
857 3620 897 3679 ut,
913 3610 1009 3670 habita
1023 3611 1146 3689 synodo,
1162 3631 1235 3687 quos
1260 3633 1325 3692 pro·
1383 3596 1395 3683 1

126 3709 238 3769 bandos
264 3719 404 3777 censeret,
426 3727 499 3782 quos
520 3727 588 3767 vero
610 3708 793 3787 rejiciendos,
814 3709 985 3768 declararet:
1015 3710 1067 3768 sed
1094 3711 1187 3771 noluit
1214 3713 1322 3785 aliquid
1390 3690 1398 3793 ἶ,

121 3808 287 3875 decernere,
302 3808 480 3883 imperatoris
493 3807 620 3866 animum
635 3808 742 3885 optime
754 3825 887 3866 noscens.
930 3808 962 3866 S.
974 3806 1150 3878 Wilfridum,
1166 3811 1324 3888 archiepis-

125 3923 234 3984 copum
250 3904 463 3963 Eboracensem
478 3903 614 3962 sedisuae
629 3902 832 3964 restituendum
843 3905 955 3982 jussit.⁶
995 3905 1076 3966 Obiit
1095 3912 1131 3968 17
1147 3908 1322 3986 Septembris
1377 3902 1394 3989 ,⁵

123 4001 275 4078 (Octobris
289 4002 373 4077 juxta
386 3999 474 4076 alios)
489 4019 566 4059 anno
583 4007 653 4063 767.
681 4042 684 4047 -

165 4103 218 4159 88.
241 4098 406 4163 Slsmurns,
422 4115 506 4174 syrus
521 4096 646 4166 6611666,
661 4117 678 4155 6
694 4097 1012 4168 1816666111616708,
1028 4099 1089 4158 dies
1101 4108 1208 4158 tautum
1223 4099 1323 4179 viginti

313 4380 316 4385 ⁴
392 4325 432 4390 (1)
452 4323 522 4375 Beda
534 4324 550 4375 l.
562 4340 586 4375 ι.
596 4323 653 4375 unt
666 4323 824 4386 1166166666
835 4323 1005 4388 6661616166.
1016 4327 1040 4374 7.

393 4412 434 4477 (2)
455 4411 549 4462 ibidem
560 4427 582 4462 6.
592 4411 643 4462 xiv.

395 4497 438 4563 (3)
458 4497 606 4565 Anastasius
615 4496 793 4550 Bibliothec.in
804 4496 855 4548 vite
867 4497 948 4563 Sergii
957 4497 974 4548 i.

394 4581 435 4646 (4)
453 4583 540 4635 16666.
551 4583 610 4635 1111.
621 4583 693 4635 vide
701 4583 824 4649 mysterii·
835 4583 918 4636 Misere
929 4601 950 4638 6.
963 4583 996 4637 vi.

397 4667 426 4732 (6
428 4679 439 4734 r
459 4668 529 4720 Beda
539 4668 596 4722 bist.
608 4668 677 4722 1¹]ch
687 4668 764 4732 Augl.
775 4668 859 4722 166.
868 4685 909 4722 xc

691 4757 756 4816 32*
