2798 5092
89 319 146 376 lm
323 312 380 375 DE
401 310 784 376 SAORAMENTORUM
805 313 999 377 NUMERO.

592 1003 732 1102 carun
753 1043 777 1102 1.
832 1103 834 1106 Α

315 1300 371 1352 DE
406 1296 828 1354 SAURAMENTORUM
862 1296 1063 1350 NUMERO.

132 1531 162 1583 2.
184 1525 302 1602 Septem
317 1517 478 1587 esse'novae
499 1527 572 1605 legis
588 1527 771 1586 Sacramenta
784 1544 821 1585 ex
845 1525 1009 1587 Tridentini
1034 1525 1151 1586 concilii
1168 1527 1290 1601 auctori·

93 1630 148 1679 tate
176 1621 351 1693 tradidimus,
373 1634 403 1683 et
429 1624 552 1709 singula,
582 1625 728 1701 Scriptura
753 1632 782 1681 et
809 1623 958 1683 traditione
986 1622 1058 1691 nixi,
1088 1623 1289 1699 probavimus.

92 1716 180 1776 Juvat
195 1737 262 1778 vero
286 1721 376 1798 ipsam
403 1721 597 1781 definitionem
613 1719 813 1780 Tridentinam
833 1721 960 1789 recitare,
975 1728 1003 1779 et
1023 1719 1204 1797 generalibus
1227 1721 1290 1795 qui·

93 1814 213 1875 busdam
225 1819 398 1896 argumentis
408 1820 586 1886 confirmare,
600 1827 630 1876 ut
643 1836 701 1876 uno
716 1816 803 1876 veluti
814 1817 916 1875 intuitu
931 1816 1292 1877 omniahabeautlectores

94 1925 253 1992 perspecta.
298 1917 442 1992 “Siquis
457 1916 592 1985 dixerit,”
614 1916 747 1990 inquiunt
767 1926 861 1992 patres
882 1914 1054 1983 Tridentini,
1077 1915 1296 1976 “Sacramenta

92 2030 175 2071 nove
188 2013 260 2092 legis
275 2033 334 2074 non
346 2015 436 2074 fuisse
450 2016 548 2075 omnia
566 2034 583 2073 a
602 2013 672 2073 Jesu
689 2013 807 2072 christo
826 2013 953 2072 Domino
968 2021 1066 2071 nostro
1079 2013 1220 2083 instituta,
1242 2024 1292 2074 aut

92 2129 158 2170 esse
181 2112 262 2190 plura
283 2114 329 2172 vel
352 2107 497 2191 pauciora,
513 2132 598 2187 qnam
625 2119 746 2188 septam,
769 2109 912 2178 videlieet,
933 2109 1119 2186 baptismum,
1141 2112 1297 2170 confirma·

94 2210 214 2280 tionem,
239 2211 448 2280 eucharistiam,
473 2211 681 2288 poenitentiam,
711 2217 868 2267 extremam
895 2208 1072 2276 unctionem,
1100 2208 1244 2279 ordinem,
1265 2221 1295 2270 et

39 2326 43 2331 ·
92 2309 315 2376 matrimonium,
331 2308 476 2367 autetiam
496 2306 613 2381 aliquod
624 2307 727 2365 horum
742 2313 854 2383 septem
874 2322 932 2365 nou
953 2322 1018 2365 esse
1039 2323 1106 2367 vere
1126 2316 1157 2375 et
1176 2308 1307 2397 proprie¹

93 2404 328 2478 Sacramentum
351 2403 503 2463 anathema
514 2403 599 2463 sit”²

599 2596 783 2638 Paoeosturo.

143 2737 260 2816 Septem
273 2745 346 2799 sunt
358 2756 441 2800 nevae
454 2737 531 2819 legis
540 2735 753 2806 ''Sacramentm
767 2755 820 2796 nee
829 2735 933 2816 pluro,
942 2734 999 2799 hee
1007 2737 1165 2818 pauciora.
1271 2736 1274 2743 ’

134 2835 327 2896 Probaturl.
343 2856 379 2898 ee
396 2835 571 2916 Scripturas.

135 2941 164 2995 3.
187 2937 368 3014 Baptismum
382 2936 472 2996 fuisse
487 2957 504 2994 a
516 2936 535 2996 J
538 2931 588 2995 esu
602 2934 719 2994 christo
731 2934 889 2997 institutum
904 2936 994 3020 liquet
1007 2954 1044 2995 ex
1058 2935 1191 2997 mandato
1200 2939 1298 3017 Apos-

95 3032 160 3093 tolis
186 3033 272 3103 dato:
295 3035 439 3096 “Euntes
463 3034 563 3096 docete
589 3053 689 3094 omnes
715 3043 826 3112 gentes,
848 3035 1027 3113 baptizantes
1048 3052 1098 3094 eos
1122 3035 1153 3094 in
1176 3032 1296 3097 nomine

95 3132 201 3201 Patris,
216 3141 244 3190 et
258 3132 327 3197 Filii
340 3142 369 3191 et
381 3132 505 3209 Spiritus
527 3128 672 3191 Sancti.'’²
809 3119 811 3123 ¹

104 3221 109 3226 ¹
134 3233 163 3289 t.
186 3229 444 3291 confirmationem
459 3228 607 3288 Christum
618 3227 723 3286 habere
737 3237 891 3296 auctorem,
902 3227 1045 3306 colligitur
1058 3246 1095 3288 ex
1108 3228 1189 3287 Actis
1198 3228 1296 3323 Apop-

94 3329 229 3401 tolorum,
242 3328 271 3385 in
287 3326 390 3400 quibus
406 3325 509 3403 legitur
523 3324 678 3401 Apostolos
696 3323 827 3384 fidelibus
848 3325 1000 3403 baptizatis
1021 3344 1159 3386 manuum
1173 3325 1297 3407 imposi-

97 3424 205 3483 tionem
221 3422 335 3481 dedisse
350 3421 489 3500 Spiritum
505 3421 660 3480 Sanctum:
684 3420 831 3494 quodnisi
852 3421 970 3482 Christo
991 3408 1106 3480 auctore
1127 3421 1223 3483 faeere
1237 3442 1298 3485 non

96 3528 246 3595 poteraut:
270 3529 289 3557 ‘⁴
301 3518 491 3597 imponebant
503 3536 605 3578 manus
620 3536 707 3597 super
721 3518 796 3586 illos,
811 3527 839 3577 et
853 3507 1031 3598 accipiebant
1044 3519 1183 3597 Spiritum
1204 3521 1296 3582 Sanc·

97 3615 203 3674 tum.”⁸
540 3626 544 3640 ¹
862 3608 865 3613 ⁴

137 3716 165 3770 5.
188 3711 400 3771 Ericharistiam
416 3711 538 3770 instituit
553 3710 687 3769 Christus
703 3723 768 3789 post
782 3698 893 3770 coenam
914 3712 1089 3790 paschalem,
1111 3730 1201 3787 quum
1217 3717 1301 3778 enim-

97 3827 202 3886 panem
215 3808 245 3865 iu
261 3825 366 3865 manus
381 3808 563 3884 sumpsisset,
578 3818 607 3866 et
620 3808 762 3887 fregisset,
786 3808 983 3868 benedicendo
1003 3808 1085 3867 dixit.
1129 3818 1149 3847 “
1162 3811 1231 3871 Hoc
1254 3826 1300 3881 est

98 3926 203 3984 eorpus
219 3924 330 3973 meum,
344 3904 424 3978 ¹quod
446 3925 498 3982 pro
522 3907 604 3964 vobis
619 3905 700 3964 datur
712 3907 799 3966 :hoa
823 3907 906 3965 facite
926 3907 957 3965 in
978 3925 1071 3965 meam
1092 3927 1301 3972 commemora·

97 4001 237 4063 tionem.”
280 4001 421 4060 Pacuium
443 4001 579 4078 deinceps
602 4021 687 4060 manu
711 4001 892 4080 prehendens
913 4000 1005 4060 dixit:
1029 4011 1048 4038 “
1062 4002 1122 4063 Hic
1149 4015 1195 4065 est
1220 4009 1298 4070 calix

99 4116 204 4164 novum
221 4099 439 4157 Testamentum
454 4099 484 4156 in
499 4099 638 4176 sanguine
652 4117 729 4167 meo,
745 4100 795 4172 qui
809 4098 957 4175 provehis
972 4097 1153 4158 fundetur.”⁴

149 4201 176 4253 5.
199 4194 377 4255 Poeniteutiae
391 4195 514 4254 instituit
526 4207 744 4263 sacramentum
763 4203 901 4274 potestate
916 4192 1076 4253 remittendi
1090 4196 1137 4256 vel
1158 4202 1302 4266 retinendi

430 4390 470 4454 (l)
490 4388 556 4439 Sese.
567 4388 608 4438 vii.
620 4389 651 4438 ds
662 4389 717 4440 Sao.
728 4405 782 4440 oen.
793 4388 818 4438 ii.

434 4476 478 4542 (2)
497 4475 570 4527 Matt.
583 4476 669 4526 xxviii.
681 4479 720 4527 19.

432 4563 475 4627 (3)
495 4561 551 4612 Aet.
561 4561 612 4611 viii.
626 4565 665 4611 17.

433 4645 476 4711 (4)
495 4645 558 4698 Luc.
570 4645 631 4696 :xit
646 4648 684 4696 19.
695 4649 736 4695 20.
