2798 5092
519 346 576 407 DE
598 346 900 408 SACRAMENTO.

141 1714 284 1774 liuthems
299 1717 412 1794 nuptias
438 1717 524 1776 licere
543 1718 650 1785 docuit,
671 1716 722 1774 sed
746 1717 916 1780 sacramenti
942 1726 1067 1774 natura-n
1084 1726 1113 1774 et
1135 1717 1310 1797 dignitatem

100 1811 357 1891 haberenegavit¹
399 1816 537 1876 Calvinus
552 1816 588 1874 de
602 1815 788 1875 sacramentrs
803 1833 901 1891 agens,
917 1812 1007 1872 drcrt
1031 1823 1051 1851 ‘⁸
1063 1815 1254 1877 Postremum
1266 1826 1315 1876 ost

100 1912 325 1980 matrimonium,
338 1914 415 1988 quod
430 1924 462 1973 ut
475 1935 491 1973 a
505 1914 570 1973 Deo
583 1900 742 1975 iiislltuturn
752 1913 875 1971 latentur
886 1930 998 1976 omnes,
1010 1912 1049 1971 ita
1060 1931 1112 1996 pro
1124 1927 1311 1975 sacramento

100 2007 197 2067 datum
211 2029 297 2069 nemo
319 2031 411 2085 usque
424 2011 460 2071 ad
483 2012 617 2090 Gregorii
642 1984 772 2107 tesppora
785 2009 904 2069 viderat.
908 2009 941 2046 ”⁸
980 2009 1054 2068 Haec
1075 2011 1243 2070 communis
1266 2022 1313 2071 est

99 2107 174 2184 apud
189 2121 341 2168 novatores
362 2112 432 2170 ratio
447 2110 601 2169 sentiendi.
644 2076 796 2168 calholica
809 2128 825 2166 e
840 2121 939 2167 contra
958 2108 1032 2167 fides
1054 2108 1147 2167 docet
1153 2109 1227 2168 illud
1241 2129 1310 2171 esse

99 2224 165 2264 vere
180 2218 209 2265 et
223 2208 337 2287 proprie
352 2221 561 2267 sacramentum
576 2226 658 2266 novm
672 2207 798 2285 legis.·
802 2206 863 2264 Si
877 2207 942 2280 qrris
955 2204 1069 2273 dixerit,
1086 2207 1309 2269 matrimonium

99 2323 156 2364 non
172 2324 236 2362 esse
252 2324 317 2363 vere
329 2317 357 2364 et
371 2307 486 2384 proprie
501 2325 589 2364 uuum
605 2325 642 2364 ex
656 2317 768 2382 septem
790 2303 863 2382 legis
879 2302 1054 2381 evangelica
1076 2305 1271 2365 sacramentis
1293 2327 1311 2367 a

99 2400 218 2459 Christo
243 2400 371 2460 Domino
396 2403 567 2470 institutum,
590 2400 640 2462 scd
669 2402 704 2460 ab
732 2401 896 2460 hominibus
920 2401 949 2459 in
973 2399 1108 2460 Ecclesia
1136 2400 1306 2472 inventum,

99 2517 193 2571 aequa
207 2499 326 2576 gratiam
342 2498 492 2569 conferre3
514 2501 668 2560 anathema
687 2501 733 2558 sit.
737 2500 769 2535 ”⁸

605 2815 791 2858 PROPOSITlO·

137 3052 370 3116 Matrimonium
396 3065 438 3116 est
452 3074 519 3116 uere
531 3063 558 3114 et
573 3057 695 3135 proprie
715 3076 799 3117 noua:
812 3055 890 3135 legis
903 3063 1125 3116 sacromentum
1139 3077 1159 3117 c
1183 3056 1309 3118 Christo

96 3152 280 3213 institutum.
456 3132 462 3146 ⁸

135 3249 327 3309 Probaturl.
344 3269 380 3309 ear
397 3249 573 3328 Scripturis.
671 3312 673 3314 ,

137 3356 182 3408 la.
205 3350 363 3426 Apostolus
379 3352 464 3408 verba
487 3369 550 3423 quae
575 3351 691 3426 protulit
705 3351 797 3411 Adam
824 3352 885 3409 visa
906 3351 980 3418 Eva,
1002 3350 1119 3412 recitat:
1143 3350 1305 3428 “Propter

95 3446 148 3505 hoc
164 3450 307 3522 relinquet
321 3448 409 3506 homo
424 3464 531 3524 patrem
554 3462 582 3506 ct
605 3462 735 3518 matrem,
750 3463 779 3508 et
800 3450 955 3510 adhaerebit
974 3450 1058 3509 uxori
1083 3468 1156 3517 suae,
1172 3463 1202 3507 et
1217 3460 1307 3510 eruut

93 3543 151 3600 duo
166 3544 193 3600 in
209 3562 294 3601 carne
309 3544 398 3603 una.'’
441 3544 553 3603 Deinde
568 3546 736 3624 subjungit:
760 3559 780 3585 ‘⁶
791 3549 1009 3606 Sacramentum
1020 3548 1075 3606 hoc
1089 3566 1229 3624 magnum
1245 3558 1303 3616 est,

37 3716 40 3721 ,
93 3660 146 3718 ego
161 3654 255 3699 autern
271 3641 335 3700 dico
350 3642 378 3700 in
395 3643 512 3702 Christo
533 3656 562 3702 et
586 3644 616 3702 in
629 3644 812 3705 Ecclesia.”⁴
850 3651 881 3701 rh
894 3647 1032 3717 ,μυστήριον
1051 3646 1128 3700 reiro
1144 3645 1211 3716 μέγα
1231 3643 1303 3701 ἐστίν

16 3753 27 3784 r·
91 3742 139 3809 ἐγὼ
151 3741 176 3792 δὲ
190 3739 252 3808 λέγω
263 3742 296 3801 ta
307 3745 398 3808 xmae
409 3743 451 3796 aaa*
463 3745 498 3804 hs
508 3744 554 3812 τὴν
563 3739 701 3812 ἐκκλησίαν·
741 3746 815 3806 illud
830 3747 906 3821 quod
929 3749 1003 3808 inter
1023 3748 1163 3826 conjuges
1178 3749 1304 3807 interce·

92 3846 133 3903 dit
149 3844 305 3910 vinculum,
321 3863 455 3903 arcannm
470 3858 515 3904 est
526 3845 643 3924 plenum
658 3866 738 3904 sacra
753 3847 974 3925 significatione,
989 3858 1130 3920 quatenus
1145 3844 1181 3904 ad
1197 3845 1304 3906 Chris·

91 3933 149 4000 lum
165 3953 194 4000 et
207 3940 371 4000 Ecclesiam
383 3942 519 4011 refertort
535 3943 622 4002 homo
637 3945 713 4002 eninr
731 3956 862 4019 parentes
877 3944 984 4002 deserit
998 3955 1028 4001 ut
1043 3941 1156 4000 mulieri
1172 3944 1299 4022 conjun-

91 4054 183 4116 gatur,
194 4041 244 4114 qui
262 4057 355 4097 nexus
370 4041 487 4099 exhibet
500 4042 687 4101 arctissimam
699 4041 809 4100 Christi
819 4061 884 4101 cum
896 4041 1032 4101 Ecclesia
1041 4039 1281 4116 conjunctionem
1293 4062 1301 4111 3

90 4137 152 4196 haec
174 4140 251 4198 enim
276 4136 362 4194 veluti
383 4140 484 4197 mulier
506 4155 641 4200 extranea
661 4153 810 4218 assumpta
829 4151 874 4200 est
894 4143 923 4200 in
945 4131 1014 4201 Filii
1040 4139 1150 4208 aeterni,
1168 4140 1300 4202 hominis

456 4380 497 4444 (l)
519 4377 548 4427 L.
560 4379 590 4428 do
601 4387 666 4443 capt.
677 4379 765 4445 Babyl.

454 4465 495 4532 (2)
516 4469 578 4517 lnst.
590 4468 606 4516 l.
619 4468 649 4516 iv.
662 4484 683 4518 c.
696 4468 748 4518 xix.
760 4484 784 4519 rr.
797 4469 838 4516 34.

454 4554 496 4618 (3)
517 4553 584 4604 Sese.
596 4554 663 4604 xxiv.
674 4570 728 4604 can.
739 4555 756 4604 i.

451 4641 491 4705 (4)
511 4639 577 4705 Eph.
589 4657 611 4688 r.
624 4643 664 4688 31.
