2798 5092
438 342 495 406 DE
516 340 942 405 PRAEDEB'l'lNh’l'lssNE.

485 619 686 663 OBJEC’HONE!
706 616 889 662 sotvunwtt.

137 765 203 820 135.
228 759 294 840 obj.
313 764 339 819 1.
362 769 382 797 “
395 759 537 821 Universa
562 770 678 839 propter
699 761 885 838 semetipsum
907 770 1041 841 operatos
1064 769 1110 821 eat
1133 761 1282 831 nonnus.

93 860 212 937 impium
228 876 342 933 quoque
356 857 392 917 nd
405 857 483 918 diem
498 857 648 918 malum.’‘¹

132 956 222 1036 Resp.
244 958 352 1032 Utique
367 968 482 1037 propter
495 976 525 1017 so
541 957 719 1037 gloriamque
733 975 814 1017 suam
829 956 911 1017 Deos
931 958 1029 1018 omnia
1049 958 1128 1027 facit.
1143 975 1199 1017 nec
1211 957 1283 1017 anim

94 1052 166 1112 alius
180 1052 247 1113 finis
262 1071 293 1112 ee
307 1053 381 1114 soret
393 1052 507 1132 dignus.
549 1053 659 1133 Impius
674 1054 763 1113 homo
777 1053 813 1113 ad
826 1053 1067 1123 humiliationem,
1081 1073 1237 1122 erumnae,
1261 1064 1287 1113 et

91 1149 236 1210 interitum
246 1150 326 1228 justo
339 1149 396 1209 Dei
418 1149 596 1210 ordinatione
618 1160 755 1218 servator,
778 1151 828 1225 qui
848 1169 901 1210 suo
929 1160 1058 1229 tempore
1077 1151 1177 1211 omnia
1190 1169 1285 1229 peoor-

92 1248 161 1309 toris
174 1247 296 1326 dissipat
309 1247 439 1316 consilia.
455 1266 578 1322 eumque
601 1267 686 1327 poena
697 1248 804 1325 plectit.
847 1248 992 1308 Ceterum
1006 1247 1085 1324 quod
1099 1247 1209 1327 impius
1225 1249 1285 1325 quis

91 1344 138 1416 sit,
153 1364 207 1404 sua
220 1345 305 1423 culpa
318 1345 466 1424 contingit,
481 1362 535 1404 nec
548 1345 625 1406 enim
651 1346 751 1405 titium
775 1345 805 1404 in
820 1345 936 1406 homine
952 1355 1007 1415 est,
1021 1356 1108 1425 prout
1121 1366 1139 1406 a
1160 1346 1227 1407 Deo
1246 1355 1287 1406 est

90 1440 244 1509 conditum
265 1451 295 1500 et
308 1441 384 1516 quod
400 1441 430 1500 in
445 1440 588 1501 interitum
603 1451 675 1508 ruat,
690 1442 814 1521 propriso
835 1442 989 1503 volontatis
1009 1442 1126 1505 arbitrio
1151 1443 1195 1513 fn,
1210 1441 1286 1505 nullo

92 1536 206 1599 decreto
221 1539 276 1597 Dei
291 1558 356 1597 eum
371 1539 406 1598 ad
423 1539 529 1598 malum
545 1540 590 1598 vel
604 1539 640 1598 ad
654 1540 798 1599 interitum
813 1540 988 1617 impellente.

133 1639 199 1696 137.
225 1634 292 1714 obj.
307 1641 337 1695 2.
359 1636 515 1713 Apostolus
526 1637 647 1714 impium
662 1636 730 1696 dicit
742 1639 897 1699 excitatum
912 1657 929 1696 a
943 1637 1007 1696 Deo
1020 1637 1052 1697 in
1066 1637 1173 1697 divine
1190 1648 1286 1717 poten·

89 1733 136 1793 tiae
150 1732 362 1794 ostensionem:
386 1733 497 1795 “Dicit
517 1735 594 1793 enim
617 1735 763 1814 Scriptura
776 1734 941 1795 Pharaoni:
964 1735 1040 1802 Quia
1063 1735 1094 1795 in
1115 1735 1173 1795 hoc
1188 1737 1282 1815 ipsum

90 1831 213 1891 excitavi
236 1846 273 1900 te,
288 1841 319 1890 ut
339 1832 487 1893 ostendam
512 1833 542 1893 in
557 1843 584 1891 te
600 1833 731 1893 virtutem
747 1851 859 1905 meam:
883 1843 912 1891 et
936 1846 967 1892 nt
979 1832 1163 1893 annuntietur
1178 1852 1284 1896 nomen

90 1947 186 1989 meum
201 1929 231 1988 in
246 1928 378 1989 universa
391 1941 473 1990 terra.
515 1931 594 2011 Ergo
619 1932 702 2010 cujus
716 1931 778 1991 vult
799 1931 960 2000 miseretur,
980 1941 1009 1990 et
1029 1949 1117 2006 quem
1132 1932 1196 1993 vult
1208 1932 1289 2021 indo(

90 2025 180 2086 faiam

79 2145 105 2201 j
128 2126 219 2207 Resp.
240 2128 352 2188 Pharao
382 2129 417 2188 ad
444 2128 549 2189 solium
573 2137 688 2189 evectus
717 2127 830 2196 dicitur.
853 2128 927 2208 (boc
954 2129 1033 2188 snim
1060 2129 1106 2188 vis
1133 2139 1179 2189 est
1206 2131 1312 2193 vocis:

91 2224 305 2340 spfflppff)
321 2235 352 2284 ut
365 2224 461 2285 divina
474 2226 599 2304 potentia
613 2226 643 2284 in
655 2224 754 2303 populi
763 2224 913 2285 Israelitici
926 2224 1094 2285 liberatione
1108 2225 1286 2301 claresceret,

90 2363 126 2405 eo
138 2345 242 2405 trasna
265 2344 350 2404 corde
374 2342 510 2421 pertinaci
532 2353 562 2403 et
581 2342 653 2403 doro
672 2343 828 2403 obnitente.
868 2342 1032 2403 lndnratum
1048 2363 1066 2403 a
1080 2343 1145 2404 Deo
1156 2362 1208 2404 oor
1219 2346 1285 2423 ejus

91 2440 203 2509 dicitnr,
218 2441 286 2514 quie
305 2459 364 2499 suo
386 2440 498 2499 duritiei
512 2440 641 2499 relictum
658 2450 711 2508 est,
734 2439 770 2499 iis
793 2439 939 2518 denegatis
960 2441 1168 2518 potentioribus
1179 2442 1285 2519 ⁴gratim

90 2536 204 2596 auxiliis
218 2537 322 2611 quibus
335 2536 541 2607 emollesceret
581 2535 614 2596 ld
627 2535 702 2613 apud
718 2536 845 2612 Moysen
860 2537 988 2605 refertor,
1004 2546 1036 2595 ut
1047 2538 1210 2598 insinnetur
1222 2557 1286 2617 pso·

89 2634 221 2693 tinaciam
244 2633 401 2693 Pharaonis
425 2652 442 2690 a
463 2631 527 2690 Deo
548 2634 699 2711 praevisam
720 2651 796 2700 esse,
811 2651 865 2691 nec
891 2634 1032 2693 ullatenus
1052 2633 1159 2695 divinis
1173 2637 1287 2697 obsuto

91 2731 229 2800 consiliis,
246 2749 334 2806 quum
357 2729 424 2789 inde
439 2730 534 2808 potins
548 2730 620 2790 soret
634 2731 747 2789 occasio
772 2729 929 2807 potentiam
944 2730 1071 2791 divinam
1085 2732 1198 2811 insigni
1210 2748 1286 2811 pror·

89 2848 139 2889 sus
153 2831 260 2891 ratione
274 2828 436 2889 exercendi.
477 2829 633 2906 Apostolus
645 2836 855 2906 argumentatur
870 2828 964 2890 Doom
979 2830 1108 2890 misereri
1117 2831 1284 2909 cujustonlt.

90 2937 120 2985 et
133 2915 218 3001 qne'm
234 2926 294 2986 volt
306 2925 448 2994 indurare,
463 2939 493 2984 nt
506 2925 607 2986 doceat
619 2926 770 2985 hominum
792 2927 976 3000 quantumvis
992 2926 1150 3003 impiorum
1164 2928 1286 2989 comnia

90 3034 120 3085 et
132 3034 250 3085 conatus
265 3023 452 3102 providentiae
467 3023 521 3082 Dei
536 3024 693 3101 subjacere.
708 3041 761 3082 noc
782 3042 867 3102 posse
884 3023 1025 3083 ullatenus
1039 3023 1138 3085 divina
1152 3025 1286 3087 nunnae

90 3120 219 3181 consilia.
262 3120 332 3181 Inde
346 3123 431 3181 etiam
449 3121 533 3180 infert
545 3131 645 3198 gentes
660 3119 696 3178 ad
711 3119 797 3179 fidem
812 3121 917 3189 vocari,
934 3120 1111 3180 misericordi
1121 3132 1153 3181 'et
1166 3124 1288 3202 patrita

89 3220 249 3300 largitione,
264 3231 294 3278 et
315 3220 334 3277 J
336 3219 433 3279 udaeos
458 3220 488 3278 in
510 3236 563 3277 aua
575 3219 700 3278 caeoitate
714 3230 743 3277 et
757 3220 911 3296 pertinacia
925 3219 1051 3287 relictos,
1062 3221 1144 3297 justo
1153 3221 1284 3298 jndicio:

91 3336 144 3378 nec
158 3317 313 3395 quidquam
324 3317 353 3376 in
364 3318 412 3377 illa
426 3317 522 3395 gratiae
537 3317 697 3376 oeconomia
710 3318 828 3394 reperiri
841 3316 965 3399 alienum
980 3318 1064 3377 sb‘ea
1076 3320 1189 3379 radone
1201 3339 1285 3394 qnam

92 3415 172 3476 Dens
186 3419 216 3475 in
231 3414 386 3492 Scripturia
401 3415 543 3474 veteribus
556 3414 674 3477 reiortnr
687 3432 828 3473 aeroma.
1213 3492 1215 3497 .

132 3517 199 3574 137.
224 3513 291 3593 obj.
307 3518 335 3571 3.
357 3513 439 3572 Deus
454 3531 568 3572 summo
588 3513 701 3572 arbitrio
715 3512 833 3572 alterum
847 3498 950 3590 diligit,
966 3513 1085 3575 alterurn
1098 3514 1172 3584 odit,
1189 3535 1286 3594 repto-

90 3612 222 3677 battonis.
236 3613 311 3671 elcut
324 3623 353 3671 et
372 3612 530 3678 electionis,
546 3610 624 3670 nollo
637 3610 691 3669 alia
704 3629 790 3670 causa
802 3610 883 3669 datar
906 3620 926 3647 ‘⁶
939 3611 1071 3672 Rebecca
1084 3629 1123 3671 ox
1143 3631 1205 3673 uno
1219 3632 1286 3675 oon·

91 3709 186 3768 cubitu
201 3708 319 3776 habens,
333 3708 423 3777 Isaac,
439 3710 526 3786 patris
540 3708 638 3768 nostri.
681 3706 757 3766 Cum
772 3709 848 3766 enim
864 3708 990 3768 nondum
1005 3709 1064 3767 noti
1085 3708 1222 3779 inissent.
1239 3721 1287 3771 ant

91 3803 197 3878 aliquid
211 3804 280 3862 boni
291 3805 426 3881 egissent,
442 3816 489 3862 aut
510 3804 587 3874 mali,
602 3805 647 3883 (ut
666 3803 824 3875 secundum
848 3805 1016 3864 electionem
1032 3806 1214 3882 propositum
1229 3807 1285 3866 Dei

92 3899 241 3980 maneret.)
284 3901 352 3960 Non
367 3903 561 3982 exoperibus,
577 3901 679 3962 sodex
700 3913 819 3961 vocante
840 3902 947 3962 dictum
970 3893 1014 3959 est
1039 3903 1085 3961 ei:
1109 3905 1180 3976 quia
1195 3905 1285 3983 major

50 4065 52 4068 y
92 4001 196 4067 serviat
209 3999 323 4066 minori,
345 3998 418 4057 sicut
437 3992 573 4077 scriptum
599 4009 663 4059 est:
685 3991 776 4058 Jacob
801 3998 899 4069 dilexi,
925 3999 1005 4058 Esau
1028 4011 1125 4060 notem
1146 4001 1216 4062 odio
1236 4003 1284 4061 ha·

93 4098 189 4157 bui.’'⁴

130 4194 218 4276 Reap.
240 4196 285 4258 De
308 4197 445 4256 electione
470 4196 505 4256 ad
526 4197 655 4276 gloriam.
676 4207 705 4256 et
729 4197 765 4258 de
792 4197 990 4276 reprobatione
1014 4215 1072 4258 non
1088 4199 1158 4276 agit,
1181 4200 1279 4260 saltem

556 4426 596 4490 (1)
614 4424 686 4476 Prov.
697 4425 748 4476 xvi.
759 4427 785 4477 4.

555 4511 597 4576 (2)
617 4509 689 4559 Rom.
700 4510 734 4560 ix.
748 4512 788 4559 17.

556 4598 596 4661 (a)
615 4594 696 4645 oxon.
708 4595 741 4645 ia
756 4597 795 4644 ιτ.

556 4681 598 4745 (4)
617 4680 689 4730 Rom.
701 4679 735 4730 ix.
751 4682 789 4728 12.
