2798 5092
104 295 162 349 ara
479 288 536 350 uu
559 289 747 349 vrnauus
769 288 924 377 cunvu.

103 451 188 508 tionis
204 449 392 507 ministerium
407 449 570 508 necessaria
583 462 642 506 erat
664 449 829 527 virginitas;
851 448 928 523 quod
943 447 1009 507 verd
1033 446 1169 526 deinceps
1192 465 1303 508 conse·

105 557 223 619 quntum
239 556 292 614 est,
308 545 413 605 nullam
438 546 630 604 curiositatem
656 546 760 605 rationi
780 546 911 623 mysterii
932 547 1070 604 exhibet:
1093 558 1190 605 tamen
1212 556 1244 605 ut
1264 565 1300 606 ue

103 663 201 704 eorum
229 647 277 719 qui
303 644 452 703 Christum
474 654 569 703 amant
589 662 671 704 aures
696 645 863 722 suscipiant,
887 644 964 719 quod
990 644 1116 722 Deipara
1141 644 1305 719 aliquando

104 743 184 820 virgo
198 761 262 800 esse
277 741 371 810 desiit,
385 742 433 801 illa
447 740 611 800 testimonia
621 741 793 800 sufficientia
806 760 870 800 esse
886 740 1067 819 putamus.’'¹

143 842 191 897 85.
218 837 284 916 Obj.
300 842 329 896 t.
352 840 449 906 Quum
463 840 535 897 fides
550 857 583 896 ea
598 839 808 916 respiciatque
823 839 903 898 Deus
918 839 1064 905 revelavit,
1080 837 1183 899 Mariae
1200 857 1304 917 perpe·

103 948 150 995 tua
173 936 318 1013 virginitas
340 935 375 994 ad
402 955 467 995 eam
492 936 590 995 reterri
616 937 725 1008 nequit,
753 935 834 994 deest
858 937 935 995 enim
959 935 1111 994 revelatio:
1134 954 1194 994 nec
1212 935 1309 995 decuit

103 1026 197 1097 Deum
212 1057 274 1097 earn
291 1039 427 1107 revelare,
442 1058 531 1112 quum
547 1040 638 1098 solam
654 1040 779 1098 Mariam
790 1033 916 1116 spectet.

139 1136 228 1216 Rerp.
251 1137 399 1196 Revelatio
415 1138 558 1214 colligitur
572 1157 609 1196 ex
625 1138 727 1196 Maria
741 1139 834 1197 verbis
849 1156 913 1212 quae
936 1136 1097 1204 retulimus,
1113 1150 1142 1196 et
1166 1158 1204 1198 ex
1220 1139 1303 1199 titulo

102 1235 220 1314 virginis
235 1236 263 1294 ei
277 1236 447 1313 simpliciter
460 1238 489 1294 in
505 1236 660 1313 Scripturie
677 1236 798 1312 tributo:
823 1249 851 1294 et
875 1236 958 1313 plane
974 1235 1128 1295 innotescit
1144 1255 1182 1295 ex
1206 1256 1305 1315 perpe·

101 1328 149 1394 tria
163 1334 322 1393 traditione.
365 1335 455 1393 Porro
470 1353 527 1393 non
544 1335 665 1393 Mariam
681 1347 788 1394 tantum
803 1336 924 1411 spectat,
941 1333 992 1392 scd
1008 1351 1075 1392 cunr
1092 1336 1234 1410 mysterio
1257 1335 1300 1394 in·

102 1433 277 1491 carnationis
292 1433 393 1491 intimo
408 1451 485 1491 nexu
500 1433 691 1510 conjungitur.

415 1826 439 1898 §.
456 1824 509 1883 111.
533 1822 580 1882 Da
596 1839 731 1881 sanorem
747 1821 861 1880 nram
876 1838 983 1880 cusan.

140 1985 189 2041 86.
211 1982 298 2040 Fides
313 1980 406 2049 docet,
420 1982 460 2040 uti
475 1981 743 2049 demonstravimus,
758 1980 881 2040 Mariam
893 1997 958 2038 esse
973 1978 1030 2038 Dei
1041 1978 1180 2047 Matrem,
1195 1991 1225 2038 et
1239 1996 1302 2058 per·

101 2090 213 2157 petuam
229 2080 389 2158 Virginem.
431 2080 477 2139 Ob
492 2079 681 2138 celsissimam
707 2077 875 2156 dignitatem
889 2088 918 2135 et
932 2076 1062 2135 intimam
1095 2075 1131 2134 ad
1148 2075 1301 2136 Christum

100 2177 276 2244 relationem,
299 2196 362 2236 earn
383 2177 501 2255 speciali
522 2177 706 2253 prosequitur
719 2176 797 2234 cultu
812 2174 956 2235 Ecclesia.
998 2173 1179 2233 Honoritieis
1193 2173 1302 2235 idcirco

99 2276 256 2354 appellatur
270 2276 368 2344 titulis,
383 2276 479 2354 plures
501 2294 552 2352 per
572 2294 678 2334 annum
704 2274 880 2333 celebrantur
894 2273 925 2333 in
947 2273 1010 2348 ejus
1032 2272 1174 2331 honorem
1189 2271 1298 2331 festivi·

98 2383 180 2442 tates,
207 2373 437 2448 frequentissime
460 2373 606 2431 invocatur
628 2372 691 2449 ejus
713 2369 788 2448 apud
816 2370 912 2429 Deum
933 2369 1112 2436 intercessio,
1139 2369 1300 2446 praesertim

100 2473 227 2550 angelica
242 2472 410 2530 salutatione
422 2491 430 2538 ς
453 2482 481 2528 et
495 2469 618 2547 plurima
637 2470 710 2528 fiunt
724 2469 859 2527 exercitia
882 2467 986 2541 quibus
1007 2485 1111 2545 magna
1124 2467 1156 2525 iu
1169 2485 1235 2527 eam
1249 2485 1300 2527 ex·

97 2570 198 2629 citatur
211 2569 324 2628 fiducia.
366 2569 454 2627 Hune
468 2568 574 2626 cultum
590 2566 745 2644 specialem
762 2566 841 2624 omni
856 2565 922 2624 nisu
936 2566 1106 2642 impugnant
1119 2565 1237 2623 sectarii
1248 2565 1296 2623 lra-

99 2688 161 2728 rum
176 2669 333 2747 regionem,
349 2665 540 2726 Orientalibus
556 2666 689 2724 omnibus
703 2664 790 2723 sectis
811 2681 998 2746 eumnragno
1011 2662 1107 2722 studio
1122 2663 1296 2723 foventibus.

602 2840 786 2884 Pnovostnro.

137 2984 242 3045 Murio
254 2985 353 3063 virgo,
368 2992 468 3065 utpote
481 2983 540 3042 Dei
553 2981 664 3052 Mater,
679 2979 800 3061 :paridi
808 2998 935 3059 prorant
950 2988 978 3040 et
991 2980 1111 3060 insigni
1126 2979 1210 3041 cultu
1225 2968 1297 3041 hon·

99 3083 211 3143 orando
226 3091 278 3143 ert.

138 3181 291 3242 Probatur
305 3180 330 3240 I.
346 3200 383 3240 en
400 3179 576 3258 Scriptnrir.

136 3287 184 3342 87.
207 3282 316 3359 Magno
338 3280 447 3339 honore
470 3287 638 3355 prosecutus
660 3287 705 3335 est
728 3277 851 3336 Mariam
876 3275 1015 3353 Angelus,
1033 3277 1059 3335 ei
1076 3277 1109 3336 ad
1126 3277 1295 3358 dignitatem

97 3391 201 3438 tantam
217 3379 313 3438 electae
328 3376 494 3455 gratulans:
517 3376 588 3442 Ave,
603 3375 694 3450 gratia
709 3375 902 3450 plena-xant
915 3374 1165 3447 semermium-¹
1197 3378 1298 3439 Domi.

97 3498 150 3537 nus
166 3490 277 3537 tecum:
300 3476 456 3536 Benedicta
470 3488 499 3534 tu
520 3475 550 3532 in
571 3473 751 3531 mulieribus³
768 3473 1072 3547 tmoynpr'vrrtvwavth·
1113 3476 1178 3535 Prae
1194 3479 1296 3538 mulie·

95 3578 173 3636 ribus
198 3577 306 3635 caeteris
326 3574 475 3634 benedicta
498 3571 691 3651 praeditatur,⁴
717 3591 831 3632 summo
858 3572 954 3631 lavore
981 3574 1080 3633 divino
1108 3574 1236 3652 dignata,
1263 3589 1294 3636 ut

96 3676 190 3735 Mater
205 3675 271 3734 Filii
285 3675 342 3733 Dei
357 3674 516 3751 eligeretur.

128 3857 167 3914 (l)
184 3852 211 3901 S.
222 3850 298 3901 Basil.
309 3850 375 3901 born.
384 3849 452 3900 xxiv.
463 3850 490 3900 in
502 3850 529 3901 S.
543 3849 635 3900 Christi
643 3849 812 3910 Nativitatem,
822 3865 847 3914 p.
858 3852 917 3900 248.
927 3848 965 3899 ed.
976 3848 1079 3899 Basilere
1090 3865 1131 3899 an.
1139 3866 1225 3901 truxr..

127 3943 167 4008 (2)
187 3938 367 3990 Animadvertit
378 3938 537 3988 Bloomfield:
556 3945 570 3970 ‘⁸
579 3937 642 3988 This
651 3938 673 3987 is
684 3947 727 3988 not
738 3939 795 3988 vvell
804 3937 920 3987 rendered
930 3943 937 3968 ‘
946 3935 1061 3986 beloved’
1082 3953 1110 3987 or
1121 3937 1258 3989 ‘favourite
1269 3941 1298 3990 oi

91 4031 200 4088 heaven,‘
219 4043 246 4076 as
264 4026 290 4076 in
308 4024 456 4091 Campbell‘s
472 4026 576 4076 version.
609 4018 691 4076 Better
710 4027 750 4091 (as
761 4025 788 4075 in
800 4010 842 4074 tho
853 4025 963 4090 vulgate)
982 4023 1075 4086 ‘gratia
1085 4023 1175 4090 plena?
1193 4059 1200 4074 .
1216 4061 1224 4074 .
1243 4024 1293 4076 For

96 4117 136 4181 (as
147 4112 254 4165 Valckn.
265 4113 388 4178 observes)
399 4113 430 4162 all
440 4113 510 4161 verbs
521 4112 549 4161 of
557 4111 606 4161 this
617 4111 687 4171 torm,
699 4128 726 4161 as
736 4109 1000 4180 hpaatoJewpamo
1010 4109 1067 4169 dcc,
1078 4109 1141 4159 have
1152 4127 1168 4163 e
1179 4127 1252 4162 sense
1269 4113 1298 4162 uf

91 4199 202 4269 lteuping
221 4215 266 4266 ιφ,
276 4215 305 4250 or
315 4196 451 4266 rendering
456 4195 537 4266 full.''
571 4198 656 4247 Minus
668 4198 768 4248 feliciter
779 4199 860 4261 igitur,
870 4199 921 4248 imo
932 4207 1030 4256 temere,
1047 4204 1132 4246 auctor
1150 4213 1294 4263 anonymus

91 4287 118 4338 in
128 4288 262 4338 tentamine
273 4302 342 4336 nova
354 4286 471 4335 versionis
483 4285 596 4346 Anglicoe
607 4286 725 4334 reddidit:
742 4292 757 4316 “
766 4285 880 4336 favonred
897 4285 925 4335 of
940 4283 1020 4333 God.”
1053 4285 1077 4333 A
1089 4300 1145 4334 new
1158 4286 1256 4336 version
1268 4287 1297 4337 ol

91 4374 133 4424 the
144 4375 198 4423 tour
208 4372 312 4436 Gospels
322 4373 383 4421 with
394 4372 421 4422 N
422 4380 474 4421 otes
486 4369 586 4420 critical
598 4371 646 4420 and
657 4372 825 4437 Explanatory
839 4373 869 4435 by
882 4386 897 4420 a
910 4370 1030 4430 catholic,
1041 4368 1149 4420 London
1163 4374 1238 4422 1836.

128 4459 170 4525 (8)
189 4455 251 4506 Luc.
265 4457 280 4506 i.
290 4459 330 4508 28.

125 4545 165 4610 (l)
185 4541 272 4592 “This
283 4543 304 4592 is
316 4543 368 4592 said
379 4551 404 4600 to
415 4544 469 4593 bea
480 4543 586 4594 Hebrew
597 4545 658 4594 torm
670 4545 698 4594 of
705 4544 847 4609 expressing
858 4542 900 4593 the
917 4543 1070 4608 superlative,
1080 4545 1125 4594 but
1141 4545 1161 4596 it
1172 4545 1194 4596 is
1210 4547 1291 4600 found

92 4633 143 4684 also
154 4631 183 4680 in
194 4626 252 4677 both
261 4627 302 4679 the
313 4628 394 4679 Greek
405 4629 453 4679 and
465 4628 540 4679 Latin
548 4629 658 4680 classieal
669 4628 786 4681 wntenr’
820 4627 971 4680 Bloomfreld.
