2798 5092
540 316 598 379 DE
619 316 857 379 CONSENSU.
1234 327 1291 387 tlt

139 472 184 531 tt.
206 469 401 532 conditiones
421 472 630 535 nullae'debent
643 477 749 555 apponi
763 479 927 538 consensui.
968 480 1002 539 Si
1022 491 1117 553 tamen
1131 482 1227 557 aliqua
1241 501 1290 560 ap·

104 581 213 647 ponatur
231 590 297 645 qum
325 583 439 649 tempus
464 574 637 650 preteritum
652 575 698 633 vel
720 594 845 653 praesens
867 578 1009 655 respiciat,
1036 589 1066 637 et
1081 599 1179 639 revera
1198 589 1290 651 extet,

104 671 169 731 salet
181 682 356 741 contractus,
371 690 456 732 mous
469 692 528 733 non
549 675 634 734 valet.
676 676 709 735 Si
723 677 858 754 respiciat
880 677 1008 737 conditio
1023 689 1137 756 tempus
1152 678 1289 748 futurum,

102 768 147 827 sed
166 771 331 831 necessario
345 785 482 831 eventura
502 774 550 841 sit,
564 773 658 832 valere
679 773 854 861 censenjn
867 787 912 833 est
928 775 1149 835 matrimonium.
1192 776 1225 836 Si
1245 776 1289 836 fu·

102 874 188 925 turum
201 869 374 946 contingens
388 880 510 946 spectet,
524 870 707 947 suspenditur
727 888 885 930 consensus
900 871 991 930 donec
1006 890 1051 930 res
1066 854 1202 933 eveneril.
1244 873 1290 935 De

100 963 305 1023 conditionibus
330 966 391 1025 hec
415 967 561 1026 traduntur
582 967 612 1026 in
634 967 704 1027 Jure
728 968 898 1028 Canonicc:
935 979 955 1006 ‘⁴
965 969 998 1028 Si
1018 970 1197 1029 conditiones
1221 991 1291 1033 con·

82 1100 84 1104 Α
100 1068 137 1117 tra
154 1060 345 1121 substantiam
370 1063 497 1140 conjugii
520 1062 700 1132 inserantur;
721 1076 789 1141 puta
808 1064 835 1122 si
856 1065 926 1123 altor
940 1065 1016 1123 dicat
1027 1065 1132 1124 alteri:
1155 1069 1291 1129 contraho

100 1166 186 1217 tecum
202 1159 229 1216 si
244 1161 458 1235 generationem
474 1159 564 1239 prolis
578 1162 678 1230 evites,
693 1162 739 1221 vel
752 1162 843 1221 donec
858 1163 1000 1222 inveniam
1015 1157 1131 1223 alteram
1145 1163 1289 1235 ditioreuu

98 1255 176 1313 autsi
191 1275 246 1333 pro
261 1267 372 1329 questu
387 1271 414 1317 te
430 1258 641 1319 adulterandam
652 1258 763 1328 tradas3
787 1260 1004 1319 matrimonialis
1018 1255 1292 1336 concoctosque

100 1363 281 1427 tumcumque
294 1357 333 1417 sit
346 1356 521 1427 favorabilis,
536 1369 613 1416 caret
623 1357 742 1418 effectu:
765 1359 832 1418 licet
846 1360 907 1417 aliae
920 1359 1098 1419 conditiones
1108 1361 1245 1438 appositu
1259 1361 1290 1419 in

98 1452 288 1522 matrimonio,
302 1454 327 1511 si
343 1465 440 1532 turpes
461 1465 509 1513 aut
529 1456 724 1532 impossibiles
738 1455 853 1525 fuerint,
867 1456 989 1515 debeant
1002 1467 1118 1535 propter
1132 1459 1195 1535 ejus
1211 1457 1288 1517 favo-

59 1560 63 1572 '
96 1564 149 1607 rem
165 1568 220 1623 pro
234 1569 295 1609 non
308 1550 427 1628 adjectis
441 1552 587 1611 haberi.”²

128 1650 179 1705 dd.
202 1647 376 1716 Consensus
397 1649 482 1709 debet
507 1670 572 1711 esse
590 1659 773 1730 perpetuatur
796 1651 830 1711 ad
852 1653 1039 1712 substantiam
1060 1653 1168 1731 quippe
1191 1653 1290 1713 matri·

95 1743 180 1815 nonii
194 1745 330 1820 pertinet,
345 1755 377 1803 ut
401 1747 600 1806 contrahentes
624 1767 660 1808 eo
680 1749 794 1807 vinculo
815 1749 946 1826 ligentur,
961 1749 1147 1825 quoadusque
1170 1761 1289 1826 uterque

96 1841 205 1901 uxorin
250 1840 330 1903 Hinc
343 1844 453 1904 nullum
466 1843 638 1905 declaratum
653 1860 697 1907 est
718 1848 929 1906 matrimonium
944 1850 1133 1921 quorumdam
1148 1851 1179 1909 in
1194 1850 1289 1910 Tran-

94 1941 222 2018 tylrania
233 1941 468 2012 calvinistarum,
477 1945 526 2016 qui
537 1963 635 2003 errore.
643 1944 720 2003 ducti
731 1945 874 2007 uinculum
886 1947 1036 2024 conjugale
1051 1948 1189 2007 adulterio
1201 1949 1286 2020 solvi,

93 2041 264 2100 consensum
290 2041 333 2099 sic
356 2042 550 2100 enuntiabant.
593 2043 743 2120 “Accipio
768 2055 805 2110 te,
820 2043 936 2119 etjuro‚
961 2043 1036 2115 quod
1061 2062 1119 2103 non
1144 2045 1286 2115 deseram,

93 2136 180 2197 donec
194 2140 227 2197 in
239 2139 390 2199 honestate
402 2139 638 2215 permanseris.”⁸
662 2139 807 2198 Craterum
821 2141 896 2198 valet
909 2141 1130 2208 matrimonium,
1145 2141 1170 2199 si
1186 2141 1285 2220 hujus·

95 2235 168 2295 nodi
178 2236 311 2296 conditio
319 2224 384 2295 ἠοῐι
396 2237 483 2296 suerit
496 2239 637 2315 apposita,
652 2237 707 2296 etsi
727 2239 927 2297 contrahentes
948 2256 984 2296 eo
1005 2257 1099 2297 errore
1114 2239 1173 2299 sint
1186 2241 1286 2299 irretiti

83 2333 165 2409 cuod
178 2332 256 2393 solvi
283 2334 384 2412 possit,
406 2335 536 2394 adulterii
560 2355 661 2404 causor
684 2337 750 2410 quis
771 2336 913 2413 generalis
934 2336 1054 2394 intentio
1074 2355 1160 2409 qnam
1182 2338 1287 2397 habeut

93 2433 304 2493 commentum
318 2432 514 2502 contrahendi,
530 2444 614 2511 prout
633 2436 687 2492 sub
707 2452 783 2493 nova
794 2433 858 2511 lege
873 2433 960 2511 viget,
974 2434 1062 2493 errori
1076 2435 1237 2512 particulari
1249 2433 1286 2495 de

93 2528 209 2591 divortio
232 2532 271 2589 ch
294 2530 464 2591 adulterium
485 2532 643 2609 praevalet·
683 2532 729 2591 Ea
748 2544 865 2609 propter
879 2532 972 2592 valent
995 2533 1174 2592 matrimonia
1199 2535 1286 2593 haerc·

94 2629 208 2689 ticurum
232 2631 264 2688 in
289 2629 370 2687 hisce
394 2629 560 2705 provinciis,
575 2649 639 2704 quae
653 2630 759 2688 nullam
785 2630 891 2688 habent
911 2629 1078 2707 hujusmodi
1092 2631 1285 2692 conditionem

94 2722 250 2788 adnexam}
272 2746 329 2787 nou
352 2727 447 2786 valent
478 2739 572 2787 autem
608 2729 743 2806 pleraque
765 2727 873 2786 soedera
900 2728 1037 2805 nuptialia
1064 2729 1284 2807 mancipiorum,
1312 2782 1316 2789 ,

96 2843 152 2899 quse
166 2843 247 2902 saepe
269 2823 323 2882 hac
338 2824 445 2882 ratione
466 2825 619 2883 ineuntur:
642 2834 766 2883 “tecum
782 2825 877 2882 vivam
891 2823 1027 2897 quamdiu
1041 2825 1104 2884 heri
1119 2826 1210 2885 nostri
1230 2845 1283 2887 nos

94 2939 144 2999 uun
159 2921 357 2999 separaverint
368 2918 521 2980 :'’-“tibi
536 2921 653 2979 maritos
665 2939 724 2988 ero,
740 2917 875 2994 quamdiu
891 2929 918 2977 te
934 2928 1009 2978 recte
1023 2920 1182 2998 gesseris.''

75 3036 78 3043 ·
126 3024 174 3081 86.
198 3019 370 3079 Consensus
385 3028 532 3097 parentum
554 3016 731 3095 expetendus
745 3029 799 3085 est,
824 3017 850 3075 si
875 3016 1046 3075 contracturi
1070 3019 1284 3079 matrimonium

94 3120 214 3179 minores
234 3106 301 3176 sint
315 3117 415 3194 viginti
439 3134 496 3174 uno
517 3116 609 3180 aunis,
636 3127 664 3173 et
684 3113 749 3174 ideo
769 3114 822 3173 sub
843 3113 932 3190 patria
958 3119 1120 3189 potestats.⁴
1160 3115 1283 3174 Peccare

94 3216 162 3277 blica
177 3217 228 3290 qui
244 3228 392 3293 parentum
407 3214 580 3271 voluntatem
604 3212 634 3270 in'
656 3231 686 3270 re
709 3213 778 3271 tanti
800 3211 939 3270 momenti
962 3209 1119 3289 negligunt,
1134 3211 1283 3272 indubium

96 3326 154 3384 αῖς
187 3315 241 3374 sed
264 3323 427 3373 constanter
454 3312 547 3371 renuit
567 3311 700 3370 Ecclesia
727 3321 833 3368 tantam
867 3310 896 3368 in
931 3310 1095 3386 parentibus
1128 3329 1282 3386 agnoscere

95 3412 294 3478 auctoritatem,
320 3419 351 3467 ut
374 3425 532 3467 consensus
557 3408 700 3466 minorum
722 3407 810 3466 libere
835 3407 978 3482 proestitus
1002 3424 1059 3463 nou
1084 3406 1193 3464 valeat:
1216 3417 1284 3466 sunt

95 3511 164 3570 enim
178 3507 274 3584 quoad
297 3506 463 3585 conjugium
478 3523 537 3562 sua
557 3504 667 3563 domini
696 3503 871 3562 voluntatis.l
912 3503 1014 3562 Nimia
1034 3504 1124 3580 patria
1146 3513 1282 3580 potestas,

96 3625 152 3681 quae
182 3605 260 3683 apud
285 3615 395 3662 veteres
423 3603 570 3661 Romanos
598 3602 729 3668 obtinuit,
758 3601 878 3676 sapienti
906 3600 1101 3658 moderamine
1128 3610 1283 3678 temperata

96 3719 132 3764 est
155 3706 190 3764 ab
216 3704 360 3770 Ecclesia,
389 3720 452 3774 quae
480 3701 587 3778 optime
615 3701 695 3759 novit
725 3697 908 3757 incommoda
943 3717 1006 3772 quae
1035 3717 1135 3757 secum
1169 3701 1282 3759 trahunt

96 3805 195 3881 ruptim
222 3804 374 3860 immaturo
404 3799 525 3856 consilio
559 3798 646 3864 inita,
674 3815 732 3854 non
766 3814 830 3852 esse
858 3793 1058 3872 aequiparanda
1083 3815 1193 3856 morum
1221 3817 1282 3856 cor·

96 3901 204 3978 ruptelae
219 3918 283 3973 quae
298 3897 460 3974 nuptiarum
476 3894 607 3952 facultate
628 3893 766 3969 denegata
785 3893 906 3951 fovetur.
947 3890 1093 3951 Immeritb
1109 3895 1199 3972 carpit
1214 3892 1280 3952 Cal·

73 4112 76 4119 -
128 4079 167 4145 (l)
187 4075 251 4142 Gap.
263 4077 307 4126 ult
317 4075 348 4125 de
360 4072 550 4124 conditionibus.

127 4162 166 4228 (2)
186 4161 252 4213 Vide
262 4161 325 4211 decr.
336 4163 369 4209 20
378 4159 439 4226 Msji
453 4159 518 4208 1754
526 4156 592 4223 apud
604 4155 695 4209 Bened.
706 4155 756 4206 xiv.
767 4156 783 4206 l.
793 4154 845 4206 xiit
856 4171 877 4206 c.
889 4154 950 4205 xxii.
968 4159 983 4216 ς
994 4154 1048 4205 9de
1059 4153 1121 4218 Syn.
1132 4152 1237 4203 Dioeces.

129 4249 167 4315 (³)
186 4246 253 4297 Vide
261 4246 324 4296 decr.
336 4247 361 4296 S.
374 4244 456 4294 Officii
468 4247 483 4292 2
496 4243 550 4292 Oct.
566 4244 639 4292 1680.

128 4336 164 4400 (4)
181 4334 258 4385 Juxta
270 4339 390 4383 statutum
401 4332 434 4378 26
444 4322 505 4380 (leo.
517 4329 542 4379 ii.
554 4328 593 4379 ch.
605 4327 646 4387 ³³,
654 4327 720 4393 quod
732 4328 757 4377 in
765 4327 805 4377 his
825 4327 965 4391 regionibus
976 4340 1024 4376 usu
1032 4324 1209 4388 comprobatur,
1219 4331 1283 4376 uter·

102 4435 141 4484 qus
155 4422 233 4488 major
244 4421 276 4471 sit
284 4419 373 4482 viginti
383 4433 435 4468 uno
455 4418 527 4468 annis
538 4432 637 4466 necesse
659 4423 702 4465 est.
736 4414 801 4466 Vide
806 4414 896 4467 Kent’s
908 4409 1102 4462 Commentarius
1113 4412 1160 4462 vol.
1172 4412 1199 4462 ii.
1224 4411 1282 4464 Lac.

102 4506 194 4557 nnn.
204 4508 228 4555 5.
263 4505 294 4555 ln
304 4511 370 4553 statu
381 4502 507 4552 Delawars
523 4510 581 4552 atas
598 4499 731 4550 octodecim
748 4516 869 4551 annorum
885 4497 1011 4549 scamnum
1027 4498 1159 4549 consensui
1171 4498 1284 4549 idoneam

103 4589 154 4644 hott
185 4592 249 4643 Vide
260 4608 293 4642 an
304 4591 355 4641 Aet
366 4589 504 4652 regularius
514 4588 635 4652 Marriage
648 4588 722 4650 1889,
734 4586 799 4640 Soet
810 4589 834 4638 3.

132 4680 169 4747 p)
186 4680 245 4733 mo
255 4680 273 4731 i.
287 4681 326 4729 10.
337 4677 379 4728 1²1.
