2798 5092
381 340 438 403 DE
460 338 656 404 SINGULIS
676 341 1002 404 IMPEDIMENTIS.
1234 344 1292 403 lto

96 509 135 560 tnr
147 500 224 560 intra
238 499 363 578 primum
378 508 407 558 et
419 499 577 560 secuudum
589 499 733 578 gradum,²
757 520 794 561 ne
808 502 927 561 occultis
951 499 1102 561 dirimendi
1117 500 1292 561 matrimonii

95 597 186 656 causis
210 595 416 673 multiplicatis,
442 596 583 655 incertum
604 615 681 674 saepe
696 597 778 657 soret.
820 597 878 664 Qui
901 598 1034 675 conjugis
1049 596 1209 656 alterutrius
1225 615 1292 656 con·

95 693 248 772 sanguinei
260 705 337 762 sunt,
347 694 428 752 alteri
438 703 590 753 censentur
604 694 724 753 affines:
743 693 795 752 sed
806 694 935 773 affinitur
946 711 1008 753 non
1015 693 1102 772 parit
1112 693 1295 772 affinitatem,

94 791 217 866 ideoque
253 792 353 851 affines
382 793 541 851 alterutrius
569 792 702 869 conjugis
736 811 794 851 non
828 800 897 851 sunt
928 791 1009 850 altori
1036 810 1151 866 quoque
1181 790 1293 851 affines.

95 888 337 967 Impedimentum
351 890 407 948 hoc
422 890 510 948 oritur
524 889 639 966 exlege
654 888 859 958 ecclesiastica,
874 897 903 947 et
916 888 1076 947 institutum
1091 897 1136 946 est
1150 888 1184 946 ad
1199 906 1294 949 mores

95 988 221 1066 integros
235 986 387 1056 fovendos,
400 1006 490 1062 quum
504 987 606 1046 affines
621 988 789 1066 plerumque
800 989 859 1046 sint
871 987 1036 1056 familiares,
1052 994 1082 1044 et
1094 986 1295 1045 tentationibus

95 1083 202 1145 ideirco
216 1085 351 1152 obnoxii,
361 1085 419 1143 nisi
433 1103 501 1162 spes
522 1084 667 1143 tolleretur
681 1085 865 1144 matrimonii.
907 1085 966 1152 Qui
980 1084 1079 1142 vetitas
1094 1102 1160 1143 cunr
1175 1102 1296 1142 consan-

94 1181 205 1261 gnineis
229 1180 275 1240 vsi
300 1180 433 1240 affinibus
454 1183 556 1241 ineunt
579 1182 704 1259 nuptias,
719 1181 871 1259 separandi
894 1192 969 1250 sunt,
986 1182 1092 1254 absque
1113 1198 1165 1257 spe
1179 1177 1295 1256 dispeu-

97 1279 240 1347 sationis,'
263 1265 350 1353 quam
378 1288 471 1338 tamen
495 1280 538 1338 eis
561 1280 766 1357 paenitentibus
795 1279 927 1339 concedit
954 1297 1032 1357 sape
1059 1278 1183 1355 benigna
1205 1286 1296 1340 malet·

98 1376 239 1436 Ecclesia.

136 1478 203 1534 109.
227 1472 420 1534 Clandcsttrca
444 1474 624 1534 matrimonia
646 1474 778 1533 dicuntur
806 1493 869 1548 qua
890 1473 964 1533 ciam
978 1482 1159 1541 attentantur,
1174 1472 1293 1532 remotis

99 1571 220 1640 arbitris,
240 1589 293 1629 seu
312 1573 397 1649 juxta
420 1570 603 1648 disciplinam
626 1571 837 1640 'I'rideutinam,
860 1571 970 1630 “aliter
991 1589 1075 1643 quam
1091 1581 1231 1648 prasente
1245 1588 1295 1646 pa·

98 1669 193 1737 melio,
209 1668 256 1727 vel
268 1668 326 1727 alio
339 1667 485 1727 sacerdote
500 1668 535 1727 de
549 1668 641 1746 ipsius
656 1669 785 1746 parochi,
800 1678 848 1727 aut
858 1666 993 1727 ordinarii
1002 1668 1126 1736 licentia,
1141 1677 1170 1725 et
1181 1667 1292 1726 duobus

100 1764 143 1824 rel
156 1766 247 1825 tribus
271 1764 423 1824 testibus.'’
466 1765 539 1824 Haec
560 1765 712 1844 disciplina
734 1767 764 1825 in
784 1765 948 1825 diaecesis.
964 1764 1236 1834 Ludoviciobtinet,
1257 1782 1294 1822 ex

100 1863 229 1938 eoquod
253 1863 399 1923 decretum
421 1864 631 1942 promulgatum
658 1863 743 1949 luerit
762 1865 792 1923 in
817 1873 874 1924 tota
902 1863 1008 1922 ditione
1039 1863 1220 1940 Hispanica:
1243 1861 1294 1922 sed

100 1959 262 2038 Apostolica
276 1959 359 2018 sedes
374 1960 504 2034 quaedam
519 1958 638 2018 indulsit
658 1962 694 2017 ob
719 1960 856 2037 specialia
868 1959 996 2018 locorum
1012 1959 1154 2034 adjuncta,
1170 1978 1233 2033 quae
1255 1979 1292 2020 ex

100 2059 207 2116 statutis
233 2056 401 2116 dioecesanae
427 2056 532 2135 synodi
547 2076 632 2131 quam
658 2058 749 2116 tenuit
770 2067 833 2115 ante
857 2075 964 2115 annum
989 2057 1143 2134 episcopus
1159 2057 1293 2134 egregius

101 2152 208 2233 Ioseph
222 2155 322 2214 Rosari
345 2154 521 2214 desumenda
534 2165 610 2215 sunt.
651 2154 687 2214 In
711 2155 829 2214 diaecesi
855 2154 1058 2213 Neo-Aureliae
1080 2164 1110 2211 et
1125 2154 1293 2213 Mobiliensi

102 2255 158 2333 pari
172 2254 208 2313 de
223 2273 309 2314 causa
322 2237 449 2314 obtinere
463 2254 607 2313 censenda
620 2265 684 2323 est;
706 2254 757 2313 sed
778 2253 935 2332 praesulum
961 2253 1112 2312 auctoritas
1138 2263 1183 2311 est
1208 2263 1296 2311 atten-

103 2350 199 2411 denda.
241 2350 277 2412 In
305 2352 451 2429 plerisque
481 2353 653 2411 dioecesibus
675 2372 732 2412 non
761 2354 846 2431 viget,
875 2371 963 2426 quum
987 2350 1101 2410 concilii
1133 2361 1226 2429 patres
1247 2369 1297 2410 no·

103 2445 203 2507 luerim
225 2446 370 2507 decretum
398 2448 456 2507 vim
476 2449 604 2511 obtinere
618 2450 674 2509 nisi
696 2450 809 2527 triginta
822 2449 922 2508 diebus
939 2449 1046 2529 elapsis
1067 2461 1133 2526 post
1147 2449 1209 2525 ejus
1231 2466 1295 2526 pro·

102 2546 313 2625 nauigationem,
327 2559 355 2605 et
379 2547 454 2623 apud
480 2566 532 2606 nos
558 2548 769 2626 promulgatum
784 2567 842 2607 non
857 2548 951 2608 luerit.
993 2548 1028 2608 In
1042 2548 1113 2607 locis
1137 2549 1166 2606 in
1190 2548 1295 2622 quibus

103 2662 156 2705 non
171 2645 258 2724 riget,
274 2645 369 2704 valent
380 2645 560 2715 matrimonia
574 2646 636 2706 eolo
659 2647 887 2706 contrahentium
909 2654 1064 2716 consensu,
1080 2647 1211 2721 quamvis
1226 2644 1295 2703 deli·

103 2741 191 2802 ciente
217 2743 385 2820 probatione
409 2744 438 2802 in
463 2743 525 2803 soro
550 2754 679 2813 externo,
696 2763 753 2802 uon
768 2756 971 2822 agnoscantur.
1014 2743 1158 2803 Ceterum
1174 2744 1296 2821 graviter

103 2837 196 2898 illicita
216 2849 293 2909 sunt,
309 2840 421 2913 quoties
444 2840 600 2899 sacerdotis
627 2841 817 2899 ministerium
840 2840 1002 2918 negligitur.
1044 2840 1106 2898 Lex
1129 2841 1221 2899 civilis
1238 2840 1297 2919 ple·

105 2936 196 3011 risque
210 2939 240 2997 in
253 2938 372 2997 statibus
386 2939 483 2998 omnia
503 2940 596 2997 sancit
616 2939 758 2997 connubia
779 2957 842 3011 quae
857 2957 952 2996 coram
966 2955 1109 3014 precone,
1125 2939 1170 2996 vel
1193 2939 1297 3016 magis·

104 3040 181 3103 hato,
196 3033 242 3093 vel
256 3033 402 3093 sacerdote
416 3035 506 3105 fiunt;
528 3045 557 3094 et
569 3047 743 3094 secretorum
758 3034 896 3092 foederum
912 3034 1093 3111 probationes
1111 3034 1258 3094 admittit.⁸

138 3133 208 3188 110.
230 3128 409 3209 Impoteniiu
422 3131 457 3190 ad
471 3132 637 3210 conjugium
652 3132 785 3190 naturalis
807 3149 921 3189 omnem
938 3131 997 3188 vim
1011 3132 1168 3189 contractui
1182 3131 1292 3191 adimit.

107 3225 248 3288 Absoluta
261 3240 305 3287 eet
318 3249 383 3303 quae
401 3249 502 3289 omnes
524 3231 641 3315 respicit
660 3249 817 3308 personas:
840 3229 975 3298 relation,
991 3231 1143 3304 quainter
1160 3231 1296 3304 quasdam

109 3342 240 3401 personas
265 3326 433 3386 intercedit:
469 3327 724 3407 temporalisque
748 3328 783 3387 ad
806 3339 919 3407 tempus
947 3327 1047 3397 durat;
1071 3336 1214 3407 perpetuo
1234 3347 1297 3403 qua

108 3422 164 3481 tolli
176 3425 285 3498 nequit.
327 3423 568 3502 Impedimentum
582 3428 637 3486 hoc
648 3428 713 3504 jure
726 3435 831 3486 naturae
843 3427 950 3496 nititur,
963 3446 1016 3485 nec
1027 3427 1103 3485 enim
1118 3435 1217 3484 natura
1230 3427 1299 3485 sinit

109 3528 138 3578 ut
149 3512 306 3582 contractus
321 3523 430 3582 ineatur
444 3526 478 3583 ab
491 3525 527 3582 iis
543 3527 592 3599 qui
606 3536 752 3599 nequeunt
772 3525 935 3603 primariam
958 3526 1021 3602 ejus
1037 3524 1231 3585 conditionem
1246 3544 1299 3602 po·

109 3631 180 3676 nere.
221 3618 255 3678 Si
268 3619 386 3680 dubium
400 3621 447 3690 sit,
462 3621 543 3680 datur
567 3622 680 3681 triennii
702 3623 889 3700 experientia,
910 3640 945 3681 ue
963 3636 1069 3681 temere
1084 3623 1209 3683 solvatur
1224 3623 1295 3682 tanti

111 3718 240 3776 momenti
254 3727 438 3779 contractus.⁴
478 3720 588 3779 Civiles
603 3721 682 3799 leges
695 3722 864 3798 plerumque
873 3721 930 3780 hoc
940 3732 1101 3799 agnoscunt
1111 3721 1298 3800 impedimen·

144 3935 183 4003 (l)
203 3934 282 3986 (lonc.
293 3935 361 3986 Trid.
373 3922 440 3995 Saea,
449 3937 516 3988 xxiv.
528 3953 580 4004 cap.
592 3939 624 3990 iv.
636 3939 667 3988 de
677 3939 719 3991 ref.
730 3946 789 3990 mat.

143 4022 181 4088 (2)
199 4021 292 4072 Ibidem
309 4038 362 4088 cap.
375 4039 397 4074 v.

146 4107 185 4175 (3)
203 4116 218 4140 “
227 4108 250 4159 It
261 4111 283 4177 is
294 4118 338 4159 not
349 4125 476 4176 necessary
489 4113 542 4162 that
559 4129 573 4163 a
590 4113 731 4177 clergyman
753 4111 841 4162 should
852 4112 882 4160 be
898 4119 1028 4176 presentto
1039 4112 1095 4174 give
1114 4108 1213 4172 validity
1225 4094 1303 4158 tollis

116 4199 228 4263 marriage,
236 4200 331 4262 though
342 4199 390 4250 itis
401 4200 532 4261 doubtless,
542 4217 557 4250 a
567 4216 625 4265 very
640 4199 770 4261 bccomiug
778 4199 890 4263 practice,
911 4198 959 4248 and
972 4199 1073 4248 suitable
1085 4206 1110 4246 to
1120 4197 1160 4245 the
1172 4195 1302 4261 solemnity

116 4283 182 4336 oltha
192 4286 313 4338 occasion.
345 4286 402 4336 The
410 4294 513 4337 consent
524 4288 554 4337 of
567 4287 609 4336 the
621 4287 710 4353 parties
727 4301 785 4351 may
797 4288 826 4335 be
849 4285 961 4335 declared
982 4285 1062 4333 before
1085 4299 1100 4332 a
1117 4282 1264 4344 magistrate,
1276 4297 1303 4332 or

116 4367 194 4437 simply
204 4371 285 4422 besore
296 4370 430 4433 witnesses,
447 4388 474 4422 or
490 4371 663 4437 subsequently
675 4371 800 4422 confessed
819 4388 846 4422 or
864 4367 1061 4430 acknowledged,
1073 4383 1100 4416 or
1122 4367 1163 4417 the
1185 4367 1303 4430 marriage

117 4468 165 4521 may
176 4473 236 4509 aven
246 4459 277 4507 be
288 4457 392 4507 inferred
403 4458 464 4507 from
476 4457 602 4508 continual
613 4457 787 4520 cohabitation,
799 4457 847 4508 arrd
858 4453 996 4522 reputation
1005 4469 1032 4503 as
1039 4453 1152 4504 husband
1163 4452 1211 4504 and
1223 4452 1303 4503 wile.''

120 4539 197 4595 Kont’s
207 4543 305 4595 Gomm.
316 4559 341 4610 p.
352 4543 385 4593 iv.
401 4543 470 4595 Lect.
482 4546 549 4594 xxvi.
561 4561 585 4595 u.
595 4547 636 4594 88.

150 4631 188 4698 (4)
206 4631 268 4699 Gap.
279 4631 312 4682 vi.
322 4629 352 4681 de
361 4627 481 4700 frigidis.

188 4719 262 4781 Vor..
277 4718 414 4779 lv.-ra
