2798 5092
517 351 574 413 DE
596 349 853 412 DlAOONATU.
1242 358 1282 415 30

52 536 56 547 ·
98 531 176 590 sopra
186 529 236 570 eos
249 529 282 570 se
298 508 428 569 tumidus
441 508 551 579 efferat,
565 510 601 569 ad
615 528 735 585 quorum
751 528 849 590 preces
865 511 975 570 Christi
988 530 1092 589 corpus
1106 516 1281 593 sanguisque

98 608 294 670 conficiturl”¹

129 708 216 787 Rerp.
238 709 443 785 Hieronymus
457 717 488 766 ut
501 707 637 784 reprimat
656 707 760 767 laetum
782 709 969 782 quorumdam
990 710 1186 780 diaconorum,
1201 731 1282 771 occa·

96 809 199 869 sionem
210 806 333 867 instituti
348 806 475 864 muneris
489 815 636 864 memorat.
659 806 804 864 Ceterum
815 826 894 865 sacra
905 825 1003 867 sonim
1015 827 1132 868 munera
1142 813 1282 888 agnoscit,

95 907 130 964 ait
140 907 237 964 enim:
261 903 380 979 “Quod
395 905 489 963 Aaron
505 917 534 962 et
546 904 599 962 filii
613 905 676 981 ejus
691 914 774 979 atque
789 905 881 964 levita
896 906 1018 974 fuerunt,
1033 907 1088 966 hoc
1102 909 1159 969 sibi
1172 910 1284 986 episco-

96 1006 134 1082 pi,
146 1017 174 1063 et
185 1003 359 1082 presbyteri.
374 1011 404 1060 et
415 1001 528 1061 diaconi
545 1001 690 1062 vindicent
702 1004 732 1062 in
745 1003 926 1064 Ecclesia.”⁸
958 1005 999 1064 Et
1012 1005 1173 1065 caelibatum
1188 1006 1285 1067 adver·

97 1121 143 1160 eus
164 1102 351 1162 latinianum
380 1099 530 1158 vindicans
557 1101 613 1158 ait:
648 1101 748 1159 “Non
774 1101 846 1160 mihi
866 1103 1032 1172 irascantur,
1053 1103 1104 1162 sed
1132 1104 1286 1181 Scripturis

97 1201 205 1269 sanctis,
221 1200 282 1259 imo
296 1199 454 1276 episcopis,
470 1199 659 1276 presbyteris,
674 1197 812 1268 diaconis,
827 1213 856 1259 et
869 1202 1003 1260 universo
1017 1202 1105 1262 choro
1118 1202 1285 1262 sacerdotali

97 1296 272 1366 etherium,
287 1295 338 1371 qui
352 1312 385 1354 se
399 1306 541 1356 noverunt
563 1295 674 1356 hostias
695 1295 799 1361 offerre
819 1314 877 1357 non
899 1316 996 1376 posse,
1010 1299 1037 1357 si
1062 1301 1141 1378 operi
1162 1300 1286 1358 serviant

96 1394 282 1474 conjugali.”⁸

574 1587 805 1631 numentanam.

129 1736 176 1793 64.
199 1731 340 1800 Quamvis
355 1728 391 1789 de
406 1727 461 1788 lide
482 1729 598 1789 nonsit
617 1726 798 1789 diaconatum
820 1748 884 1789 esse
906 1741 1125 1801 sacramentum,
1140 1731 1170 1791 id
1190 1741 1285 1790 tamen

96 1810 192 1907 magno
207 1832 352 1887 consensu
365 1824 480 1884 tradunt
493 1824 632 1902 theologi,
647 1824 778 1885 Durandi
792 1836 822 1885 et
842 1825 972 1904 cajetani
988 1829 1127 1887 contraria
1146 1829 1288 1888 sententia

95 1928 203 2005 rejecta.
244 1923 390 2000 Equidem
405 1941 495 1998 quum
508 1923 564 1981 ritu
579 1941 661 2005 sacro
682 1922 816 1992 tradatur,
830 1937 859 1982 et
879 1916 995 1997 quidem
1019 1926 1095 1985 haud
1116 1926 1239 1985 absimili
1260 1926 1288 1984 ei

95 2041 147 2097 quo
159 2021 353 2096 sacerdotium
368 2029 397 2080 et
409 2021 593 2098 episcopatus
608 2013 804 2088 conseruntur,
819 2034 848 2077 er
867 2021 903 2078 ad
925 2040 1045 2080 munera
1058 2041 1138 2080 sacra
1157 2023 1288 2082 obeunda

95 2114 137 2179 det
148 2119 324 2189 facultatem,
338 2116 451 2177 ridetur
464 2118 562 2177 omnia
581 2116 766 2191 habereque
788 2128 995 2176 sacramentum
1017 2117 1211 2178 constituunt:
1232 2138 1287 2177 nec

95 2216 166 2282 enim
180 2216 279 2297 gratia
292 2214 399 2274 donum
414 2214 517 2273 deesse
532 2213 688 2291 putandum
704 2223 757 2272 cst.
799 2213 965 2292 Episcopus
987 2213 1139 2275 diaconum
1153 2215 1288 2274 ordinans

96 2313 159 2374 dicit
169 2335 190 2372 ι.
200 2322 223 2353 “
234 2313 343 2391 Accipe
357 2310 498 2391 Spiritum
513 2311 650 2370 Sanctum
665 2310 700 2369 ad
719 2312 816 2378 robur,
831 2310 908 2370 etad
929 2310 1119 2372 resistendum
1133 2311 1246 2374 diabolo
1260 2323 1290 2372 et

95 2411 294 2471 mutationibus
318 2411 381 2488 ejus
401 2411 431 2468 in
457 2411 574 2468 nomine
596 2408 749 2468 Domini.”
802 2408 982 2469 Definierunt
1002 2421 1097 2488 patres
1127 2410 1291 2472 Tridentini

95 2509 154 2570 hnc
174 2509 263 2568 verba
286 2509 316 2567 in
341 2505 519 2566 ordinatione
544 2505 620 2565 haud
642 2505 747 2564 frustra
770 2506 915 2583 prolerri‚⁴
928 2507 1005 2584 qood
1025 2509 1143 2587 gratiam
1163 2511 1288 2588 Spiritus

96 2607 190 2666 Sancti
204 2605 268 2665 dari
291 2602 392 2664 suadet
405 2603 533 2678 quolibet
546 2601 733 2664 ordinationis
748 2605 814 2672 ritu,
830 2604 860 2662 in
874 2622 932 2678 quo
952 2605 1141 2682 proferuntur.
1183 2608 1290 2668 Disina

96 2717 186 2764 autem
200 2703 341 2763 institutio
357 2703 422 2780 jure
437 2701 549 2778 optimo
562 2700 682 2759 insertur
696 2720 733 2759 ex
747 2702 811 2778 ipsa
825 2702 1029 2779 Apostolorum
1043 2705 1145 2782 agendi
1158 2708 1288 2775 ratione;

97 2821 147 2863 neo
156 2802 235 2870 enlm
246 2799 362 2878 proprio
370 2798 485 2858 arbitrio
496 2807 573 2856 tanta
583 2817 649 2856 eum
661 2799 840 2858 solemnitate
852 2818 952 2858 manns
963 2801 1138 2879 imposuisse
1149 2800 1289 2872 diaconis,

97 2913 123 2959 et
134 2917 242 2960 norum
256 2897 390 2957 statuisse
405 2897 599 2955 ministrorum
615 2895 743 2956 ordinem
764 2897 900 2956 censendi
914 2909 990 2956 snut.
1031 2899 1154 2977 Scripsit
1173 2901 1289 2975 quidem

97 2999 127 3058 S.
142 2998 330 3077 Cyprianus:
354 2994 556 3054 “Meminisse
572 3006 666 3069 antem
680 2993 792 3054 diaconi
807 2995 921 3062 debent,
931 2997 1066 3071 quoniam
1081 2999 1248 3076 Apostolos,
1260 2999 1290 3060 id

98 3110 138 3155 est
149 3092 306 3174 episcopos
320 3106 349 3151 et
371 3093 540 3170 prepositos
562 3092 705 3175 Dominus
725 3092 823 3171 elegit,
839 3091 975 3152 diaconos
997 3103 1092 3154 autem
1113 3109 1178 3174 post
1192 3116 1289 3157 ascen·

99 3196 204 3256 sionem
226 3193 349 3253 Domini
369 3192 400 3250 in
419 3192 509 3250 coelos
531 3190 663 3269 Apostoli
684 3192 739 3251 sibi
761 3192 978 3260 constituerunt,
993 3195 1175 3273 episcopatus
1196 3198 1241 3254 sui
1262 3207 1291 3256 et

98 3292 236 3354 Ecclesiae
250 3289 447 3350 ministros.”⁵
486 3288 545 3348 Sed
559 3290 621 3348 haec
637 3290 719 3349 facile
734 3291 928 3369 intelliguntur
942 3289 977 3350 de
998 3294 1091 3369 prima
1104 3292 1290 3356 diaconorum

55 3454 60 3467 ‚
99 3391 281 3456 ordinatione.
309 3406 373 3462 qua
398 3384 493 3447 tamen
516 3388 632 3447 nonnisi
657 3388 767 3447 Christi
791 3390 954 3448 auctoritate
976 3389 1049 3450 facta
1072 3390 1212 3451 credenda
1234 3405 1288 3452 est.

100 3489 169 3551 llinc
181 3486 345 3550 concilium
358 3485 560 3545 'l'ridentinum
574 3485 722 3545 definivit:
745 3497 765 3524 ‘⁴
778 3487 811 3544 si
832 3488 897 3560 quis
913 3488 1025 3558 dixerit,
1040 3489 1071 3549 in
1085 3490 1219 3550 Ecclesia
1234 3491 1290 3550 Oa·

100 3584 193 3647 thelica
205 3604 269 3647 nou
283 3599 354 3641 esse
368 3580 554 3641 hierarchiam
569 3581 665 3651 divina
679 3582 856 3641 ordinatione
872 3583 1038 3654 institutam,
1053 3604 1116 3660 qum
1130 3599 1241 3647 constat
1253 3607 1291 3649 ex

99 3687 245 3767 episeopis,
262 3675 456 3761 presbyteris,
470 3691 500 3739 et
513 3681 651 3740 ministris
663 3699 671 3749 3
694 3680 844 3740 anathema
858 3681 942 3742 sit.”⁶

399 3854 441 3922 (1)
460 3853 510 3920 Ep.
521 3854 607 3905 lxxxv.
618 3855 650 3905 ed
662 3854 806 3919 Evagrium.

402 3938 445 4006 (2)
464 3938 566 3992 lenem,
733 3992 739 3999 .

400 4026 443 4094 (θ)
461 4025 585 4092 Apologia
595 4026 709 4078 adverms
720 4025 889 4078 lorinianum

401 4110 443 4178 (4)
463 4110 530 4161 Sars.
541 4109 612 4161 xxiii.
621 4125 677 4161 can.
686 4109 722 4161 iv.

197 4200 200 4205 ’
305 4198 316 4225 ⁵
397 4196 440 4265 (5)
458 4196 508 4262 Ep.
519 4197 570 4248 lxv.
580 4197 612 4247 ad
623 4196 789 4262 Roptianum
799 4197 878 4265 episc.

401 4283 443 4352 (6)
463 4284 530 4336 Sera.
542 4283 611 4335 xxiii
621 4299 677 4335 can.
688 4283 721 4335 ri.
