2798 5092
589 117 814 217 aerenum:
998 138 1006 153 ⁸
1241 123 1299 180 ³4⁰

107 276 192 344 ussit,
206 274 328 339 Lutberi
350 275 451 335 instar.
492 274 708 335 ordinationem
736 276 1053 339 duobuscaoramsntis
1074 298 1139 354 quse
1159 278 1308 339 Lutlremr‘
1360 350 1369 363 f

109 373 225 433 admisit
245 372 307 432 fers
319 371 473 449 adjunxit:
512 373 691 450 Baptismum
714 373 823 432 Christi
838 373 1005 433 acloaunis
1019 374 1142 434 eundem
1157 375 1302 434 luisse'as·
1367 404 1399 444 ,⁴

109 469 208 529 seruit.
250 468 432 548 Baptismum
456 470 648 528 necessarium
672 489 729 528 uon
744 489 808 528 esse
823 483 854 529 ut
866 470 919 528 lilii
939 469 1068 530 fidelium
1088 473 1208 531 salutern
1228 492 1303 531 asse·

108 573 242 638 quantur,
257 563 418 633 affirmavit,
433 584 468 623 ec
482 565 569 639 quod,
584 576 615 623 ut
635 566 735 632 aiebat,
748 566 804 624 Dei
822 566 927 625 loedere
948 585 1013 624 cum
1037 568 1199 644 parentibus
1216 568 1303 628 inclu-

108 661 254 721 derentur.
277 661 392 738 Dogma
406 661 586 720 catholicum
602 662 637 719 de
650 663 827 722 substantiali
837 662 946 721 Christi
956 663 1075 721 Domini
1089 665 1118 722 in
1133 666 1306 724 eucharistia

107 758 262 836 presencia
286 759 420 834 negavit3
453 776 489 817 ue
518 771 613 817 tamen
641 758 783 817 videretur
814 757 1064 818 sacramentariis
1091 762 1232 828 assentiri,
1255 763 1305 835 qui

112 872 217 932 panem
233 866 262 913 et
275 855 373 913 vinum
394 854 611 913 eucharisticum
635 874 713 913 mere
733 874 798 913 esse
818 854 952 933 symbola
973 856 1189 924 contendebant,
1212 857 1308 917 docuit

103 953 176 1029 ipse
192 959 212 987 ‘⁶
225 951 256 1009 in
268 970 357 1010 coenae
373 952 512 1028 mysterio
534 970 586 1029 per
606 952 738 1026 symbola
760 953 843 1030 panis
857 965 886 1011 et
906 952 966 1010 vini
980 952 1128 1012 Christum
1144 972 1209 1011 vere
1224 956 1306 1012 nobis

105 1049 250 1117 exhiberi,
265 1048 392 1123 adeoque
406 1068 510 1126 corpus
524 1062 553 1107 et
566 1049 733 1126 sanguinem
745 1051 809 1127 ejus
822 1053 852 1109 in
867 1051 970 1123 quibus
984 1069 1099 1109 omnem
1114 1051 1306 1110 obedientiam

109 1166 166 1225 pro
189 1146 380 1224 comparanda
394 1147 476 1205 nobis
488 1147 599 1224 justitia
622 1147 806 1224 adimplevit:
830 1166 887 1221 quo
907 1148 1018 1206 scilicet
1035 1150 1158 1226 primum
1173 1150 1202 1206 iu
1218 1168 1306 1209 unum

108 1264 219 1323 corpus
233 1264 298 1305 cum
314 1246 378 1323 ipso
392 1245 608 1312 coalescamus;
631 1244 733 1303 deinde
754 1247 907 1323 participes
928 1246 1093 1305 substantiae
1108 1247 1170 1323 ejus
1185 1247 1262 1316 sacti,
1277 1248 1307 1305 iu
1357 1250 1362 1287 ἵ

104 1346 249 1405 bonorum
264 1344 393 1402 omnium
408 1343 666 1404 communicatione
681 1344 811 1402 virtutem
827 1362 942 1417 quoque
957 1345 1162 1403 sentiamus.''⁹
1205 1346 1307 1404 Verbis

104 1454 206 1503 tamen
220 1442 290 1501 adeo
304 1442 465 1519 magnificis
480 1442 553 1500 nihil
574 1452 674 1527 praeter
694 1442 825 1499 virtutem
842 1441 951 1500 christi
966 1443 1094 1523 cogporis
1109 1455 1137 1500 et
1160 1444 1307 1520 sanguinis

102 1540 165 1600 fide
180 1550 345 1618 perceptam
367 1539 529 1616 significare
555 1538 662 1597 voluit..
696 1539 813 1598 Mulieri
832 1557 920 1612 quam
942 1537 1068 1598 deseruit
1090 1543 1218 1608 maritus,
1241 1561 1307 1602 cum

99 1650 203 1699 scorto
218 1640 247 1697 in
261 1638 356 1718 locum
370 1638 500 1714 ignotum
513 1637 621 1707 abiens,
633 1636 757 1695 nubendi
772 1636 932 1695 facultatem
945 1639 1100 1695 concedit.³
1130 1640 1308 1700 Matrimonii

100 1737 254 1812 vinculum
265 1735 555 1794 causasornicationis
570 1734 645 1793 solvi
659 1733 789 1792 declarat
812 1735 939 1793 Ministri
954 1733 1116 1794 calviniani
1131 1736 1308 1812 eligebantur
1372 1802 1394 1821 1,

100 1836 240 1894 Gencvre
252 1832 470 1890 aministrorum
480 1831 616 1906 collegi03
627 1848 716 1905 penes
727 1829 863 1888 Senatum
872 1840 966 1889 tamen
975 1840 1035 1888 erat
1045 1849 1095 1888 eos
1104 1833 1233 1908 rejicere,
1248 1852 1300 1910 po·
1371 1820 1375 1827 ’

100 1931 173 2011 puli
187 1935 255 1989 verb
271 1930 366 1987 eratsi
379 1927 447 2002 quid
462 1930 594 1995 obstaret,
608 1946 706 1986 eorum
719 1927 848 1987 electioni
860 1928 994 2003 objicere.
1018 1919 1160 2005 Ministris
1175 1931 1305 1989 seniores

95 2031 209 2110 populi
232 2029 361 2106 plurimis
382 2029 411 2086 in
434 2029 517 2086 rebus
534 2028 735 2104 jungebantur,
758 2037 789 2085 ut
809 2028 954 2085 communi
976 2028 1098 2086 consilio
1112 2042 1242 2106 etopera
1256 2050 1302 2090 res

94 2128 305 2209 procederentr
320 2139 348 2185 et
356 2127 400 2184 sic
412 2127 548 2184 ministris
562 2136 589 2182 et
600 2125 760 2183 senioribus
770 2124 856 2182 simul
867 2126 1101 2184 convenientibus
1112 2128 1304 2204 Presbyteria,

94 2240 134 2288 et
147 2225 266 2303 Synodi·
276 2243 374 2283 eorum
389 2222 593 2290 conflabantur,
605 2222 664 2298 pari
681 2223 707 2280 vi
717 2221 867 2298 ¹suffragiis
882 2222 1058 2299 singulorum
1074 2225 1184 2283 tributa.

146 2324 263 2383 calvini
274 2333 426 2380 sectatores
443 2321 470 2378 iu
487 2320 582 2379 callia
596 2321 769 2379 vocabantur
783 2318 964 2398 Hugovtotti,
980 2340 997 2378 a
1009 2324 1126 2381 vocibus
1145 2324 1302 2384 Helveticis

95 2441 169 2497 quae
195 2419 360 2480 Foederatos
384 2418 556 2495 significant,
580 2429 610 2474 ut
630 2418 761 2475 nonnulli
782 2418 961 2493 conjiciunt;
985 2420 1013 2476 in
1038 2421 1134 2478 Scotia
1158 2432 1186 2477 et
1199 2423 1304 2499 Anglia

97 2516 253 2577 Puritavtt'
267 2535 302 2573 eo
316 2513 404 2589 quod.
420 2515 533 2590 rejectis
549 2515 688 2572 Ecclesiae
704 2514 869 2588 Anglicauae
884 2516 1073 2582 ceremoniis,
1087 2518 1198 2591 puritati
1211 2519 1304 2576 cultus

102 2635 137 2675 se
161 2612 276 2673 studere
294 2612 453 2688 jactarent;
475 2608 703 2687 Presbyteriam'
729 2609 825 2674 etiam,
848 2609 1000 2686 desumpto
1031 2613 1167 2669 vocabulo
1193 2628 1304 2672 acoetu

102 2715 265 2773 seniorum.
294 2707 431 2768 Ecclesia
445 2707 628 2785 Anglicavm,
639 2707 693 2764 etsi
707 2704 899 2783 episcopalem
912 2707 1040 2765 ordinem
1052 2711 1180 2776 retineat,
1196 2712 1307 2787 plures·

106 2831 163 2886 que
178 2812 248 2869 ritus
264 2808 403 2867 Romanis
417 2806 492 2864 haud
507 2804 662 2872 absimiles,
678 2803 877 2862 calvinianam
889 2804 1044 2863 doctrinam
1062 2806 1139 2864 sovet
1151 2813 1189 2865 39
1204 2812 1308 2868 arricu-

106 2909 154 2977 lis,
172 2910 225 2968 17ο
242 2904 310 2965 verb
325 2906 478 2982 precipue.
491 2901 628 2962 Ecclesia
646 2901 762 2960 Scotica
775 2901 909 2979 (Anglice
933 2899 997 2960 Tse
1011 2901 1091 2961 Kirlc
1103 2903 1140 2983 os
1152 2903 1305 2987 Scotlarvd)

108 3005 229 3064 loannis
244 3003 332 3061 Kuorr
347 3020 443 3078 opera,
457 3019 531 3057 anno
549 3004 635 3067 1560,
653 2998 822 3057 calviniana
837 2998 938 3075 placita
952 2999 1083 3076 amplexa
1098 3012 1153 3068 est,
1171 3021 1304 3076 annoque

111 3105 187 3163 1689
207 3100 401 3178 episcopalem
423 3097 551 3156 ordinem
574 3099 687 3175 penitus
708 3099 840 3156 abolevit.
883 3098 941 3164 Qui
963 3099 997 3155 ab
1027 3099 1163 3158 Ecclesia
1189 3102 1305 3162 Scotica

107 3199 289 3267 dissentiunt,
313 3199 367 3257 etsi
394 3198 548 3257 calvinum
573 3197 675 3255 ducem
703 3212 868 3274 agnoscant,
897 3195 1031 3256 &cedere
1058 3200 1144 3277 vulgo
1170 3214 1306 3263 vocantur
1342 3214 1348 3281 ι

108 3323 123 3360 a
139 3320 208 3359 voce
223 3299 325 3357 Latine
338 3295 448 3355 secedo.
489 3294 719 3373 Indcpercclcrctcs
745 3314 979 3369 unamquamque
997 3296 1160 3357 Ecclesiam
1184 3305 1305 3376 particu-

105 3399 194 3459 larem
214 3397 260 3454 sui
285 3396 358 3473 juris
391 3393 520 3461 iaciunt3
545 3391 865 3471 congregotionaliatrc
892 3393 998 3452 idcirco
1025 3413 1102 3454 nunc
1125 3401 1307 3457 communius

104 3492 276 3570 nuncupati.
317 3486 461 3550 Joaunem
475 3490 626 3548 Robinson
642 3509 716 3548 anno
733 3494 811 3549 1607.
819 3500 977 3567 agnoscunt
991 3501 1145 3561 auctorem,
1163 3513 1221 3566 quo
1235 3497 1307 3554 <luce

104 3592 213 3671 Auglia
227 3592 325 3649 relicta
337 3590 372 3647 ad
387 3588 534 3651 Bataviam
550 3590 772 3664 commigrarunt
785 3608 792 3655 ;
815 3600 893 3646 etex
907 3589 942 3646 iis
958 3589 1075 3665 plurimi
1089 3609 1164 3650 anno
1181 3598 1259 3651 lero
1272 3594 1308 3652 ed

104 3691 224 3750 Novam
251 3688 384 3764 Angliam
412 3705 476 3744 sese
504 3685 693 3744 contulerunt.
735 3685 940 3744 Piscatoriuni
964 3705 980 3743 a
1007 3685 1119 3746 Jcanne
1149 3689 1306 3761 Piscatore,

100 3785 322 3875 Argentinensi‚
338 3783 513 3842 calvinianae
536 3782 704 3858 'l'heologiae
725 3782 903 3849 Professore,
925 3782 1003 3850 dicti,
1019 3783 1177 3860 singulares
1191 3796 1307 3847 senten·

102 3888 161 3946 tias
174 3905 191 3942 a
206 3884 383 3942 calvinianae
399 3883 568 3959 Theologiae
583 3881 760 3947 Professum,
776 3880 854 3949 dicti,
866 3882 1024 3958 singulares
1039 3884 1193 3943 sententies
1209 3906 1224 3942 a
1240 3887 1307 3946 cel·

98 3983 232 4043 viuiauis
247 3981 441 4058 discrepantes
457 3991 678 4056 propugnarunt.
721 3977 778 4035 Sed
794 3998 854 4054 prae
868 3979 976 4037 caeteris
991 3979 1116 4038 celebres
1131 3981 1309 4044 suutArmi·

97 4080 206 4150 niani,
222 4080 272 4153 qui
285 4078 359 4138 duce
372 4079 480 4140 Jacobo
495 4078 636 4143 Arminio,
652 4076 821 4155 Theologiae
844 4079 1009 4138 Professore
1032 4078 1165 4155 Lugduni
1189 4081 1312 4144 Batavo·

477 4316 520 4385 (l)
540 4313 602 4368 Inst.
614 4318 629 4368 l.
641 4317 672 4367 iv.
685 4329 707 4367 c.
719 4314 788 4367 xviii.
799 4331 824 4397 n.
840 4319 877 4366 19.
890 4319 931 4367 20.

481 4406 523 4470 (2i
543 4405 645 4455 Ibidem.
657 4406 673 4454 l.
688 4403 720 4454 iv.
732 4418 753 4453 c.
766 4402 822 4453 xvii.
833 4418 859 4454 u.
871 4407 909 4454 ll.

479 4492 522 4557 (3)
542 4488 591 4558 Ep.
602 4492 635 4543 sd
645 4490 762 4542 Valerisn
774 4488 829 4540 Pol.
840 4505 869 4556 p.
887 4490 942 4540 110.

187 4580 267 4639 Vor..
285 4575 419 4638 lit-ao
