2798 5092
560 383 616 446 DE
638 384 813 451 JUDIGIO.

566 1096 709 1158 CAPUT
729 1097 800 1159 vll.

525 1342 584 1394 DE
620 1344 847 1398 suntcto.

120 1567 184 1624 148.
210 1565 316 1625 Statim
345 1577 410 1644 poet
439 1580 559 1631 mortem
583 1570 724 1649 judicium
753 1573 929 1651 singulamm
961 1573 1118 1633 animamm
1139 1573 1213 1642 fieri,
1238 1592 1278 1634 ex

84 1658 384 1741 Apostoloeolligitur,
400 1667 476 1740 quod
491 1669 578 1727 veluti
592 1677 692 1728 notum
709 1671 770 1747 jam
786 1681 815 1729 et
828 1671 903 1748 apud
924 1690 1026 1730 omnes
1039 1682 1187 1750 recepturo
1202 1672 1276 1732 iudi·

83 1772 143 1821 cat:
166 1763 448 1830 “Quemadmodum
469 1774 605 1826 statutum
620 1776 665 1826 est
684 1768 850 1827 hominibus
868 1770 958 1828 semel
971 1773 1057 1839 mori,
1071 1771 1206 1847 posthoc
1227 1788 1276 1829 au·

84 1867 136 1919 tem
146 1861 310 1938 judicium:
333 1864 375 1921 eie
389 1873 418 1922 et
433 1863 567 1922 Christus
581 1865 672 1934 semel
686 1866 797 1925 oblatus
811 1877 856 1925 est
870 1866 904 1925 ad
915 1867 1068 1927 multorum
1083 1867 1277 1926 exhaurienda

83 1967 216 2034 peccam
236 1959 363 2019 seeundo
384 1962 448 2019 siue
472 1971 591 2038 peccato
616 1965 762 2041 apparebit
781 1965 997 2042 expectantibus
1013 1984 1045 2023 ae
1060 1964 1095 2023 ad
1109 1964 1277 2024 salutem.’'1

82 2055 225 2130 Equidem
240 2059 314 2117 iuter
329 2058 438 2118 Christi
454 2069 573 2120 mortem
587 2073 617 2121 et
630 2062 787 2122 seeundum
800 2064 863 2141 ejus
875 2063 1027 2123 adventum
1043 2083 1177 2141 maguum
1191 2064 1276 2122 inter·

82 2156 154 2216 cedit
166 2158 368 2228 intervallumq
390 2160 441 2219 sed
456 2162 534 2220 nulla
557 2161 658 2220 suadet
670 2162 741 2221 ratio
767 2172 885 2222 mortem
911 2162 985 2221 inter
998 2173 1026 2222 et
1035 2161 1188 2240 judicium.
1210 2181 1274 2236 quse

82 2255 238 2333 Apostolus
248 2258 410 2334 conjungit,v
420 2257 487 2316 illud
500 2259 631 2335 reperiri.
655 2260 877 2319 Ecclesiasticus
890 2261 1103 2320 retributionem
1114 2278 1233 2337 operum
1245 2260 1275 2319 iu

81 2351 123 2412 die
136 2355 232 2413 obitus
247 2355 448 2414 inveniendam
462 2355 544 2415 dicit:
568 2366 589 2394 ‘⁴
599 2357 634 2416 ln
647 2357 693 2416 die
706 2359 845 2418 bonorum
855 2378 892 2418 ne
907 2361 1059 2418 immemor
1067 2358 1107 2416 sis
1117 2359 1272 2418 malorum:

81 2461 107 2509 et
119 2451 150 2511 in
165 2450 212 2510 die
227 2452 366 2512 malorum
391 2472 427 2512 ue
452 2455 604 2514 immemor
628 2455 669 2514 sis
692 2455 852 2528 bonorunu
873 2456 1009 2531 quoniam
1023 2455 1106 2515 facile
1120 2468 1165 2515 est
1177 2475 1273 2517 coram

81 2548 143 2608 Deo
157 2551 186 2610 in
202 2548 250 2608 die
263 2550 356 2609 obitus
371 2551 525 2610 retribuere
540 2553 694 2627 unicuique
706 2552 864 2613 secundum
878 2554 939 2612 vias
952 2551 1064 2612 sunam
1104 2554 1200 2621 Quum
1211 2554 1273 2630 jam

80 2647 286 2708 ostenderimus
313 2649 453 2725 perfectos
472 2650 566 2709 statim
589 2652 727 2725 consequi
741 2652 862 2730 gloriam
884 2653 1039 2719 caelestem.
1066 2665 1229 2730 peccatores
1243 2651 1274 2710 in

79 2748 220 2808 infernum
235 2747 365 2806 detrudi:
388 2759 416 2807 et
428 2768 500 2823 quos
514 2760 596 2827 urget
609 2751 681 2809 levis
696 2750 790 2827 culpa,
804 2750 848 2808 vel
857 2769 949 2827 plane
960 2751 1124 2827 temporalia
1134 2752 1271 2821 debiturn,

79 2844 196 2905 detineri
211 2845 383 2920 aliquamdiu
398 2868 415 2903 a
428 2845 528 2924 gloria,
543 2846 634 2919 liquet
649 2846 709 2904 lieri
719 2845 873 2922 judicium,
889 2865 947 2920 quo
962 2847 1190 2924 uuiuscujusque
1205 2866 1271 2906 con·

79 2943 146 3004 ditio
160 2954 189 3003 et
202 2963 265 3003 aurs
280 2943 454 3003 decernatur.
497 2944 528 3002 S.
546 2942 784 3003 Cnnrsosrouus
806 2943 892 3003 dicit:
917 2944 1061 3003 “Omnes
1076 2946 1189 3014 anime,
1205 2963 1270 3004 cum

78 3041 142 3102 hine
156 3041 368 3120 emigraverint,
384 3041 468 3100 variis
485 3052 664 3118 peccatorum
681 3043 774 3119 poeuie
789 3041 935 3119 implicitae
951 3040 986 3099 ad
1002 3041 1123 3100 terribile
1138 3042 1207 3101 illud
1222 3041 1272 3101 du·

78 3141 353 3224 enturuibunal.'†³
394 3142 425 3200 S.
441 3143 633 3200 Auousmuus
647 3141 724 3201 idem
740 3141 838 3201 docete
860 3141 1057 3201 “Rectissime
1070 3140 1271 3200 etraldesalu·

79 3240 299 3301 britercreditur
318 3240 440 3319 judicari
451 3243 564 3317 animas
580 3260 646 3300 eum
671 3240 707 3298 de
729 3240 896 3318 corporibus
918 3238 1086 3298 exierint.’:’⁴
1126 3238 1270 3296 Caeterum

78 3341 201 3401 humano
228 3338 316 3398 modo
350 3339 491 3418 judicium
531 3339 660 3398 divinum
689 3338 909 3416 concipiendum
938 3357 996 3396 non
1026 3346 1089 3405 est3
1111 3354 1165 3394 nec
1192 3336 1270 3396 enim

78 3433 208 3497 diuturno
222 3434 355 3494 examine
369 3454 443 3513 opus
458 3447 511 3504 est,
527 3455 615 3510 quum
630 3435 728 3495 Deus
720 3445 862 3494 intueatur
872 3435 953 3493 sinus
963 3452 1064 3493 omnes
1076 3433 1268 3503 conscientia,

78 3545 102 3592 et
116 3535 219 3595 intuitu
234 3535 298 3614 ipso
313 3536 482 3594 sententiam
495 3534 581 3593 veluti
597 3535 676 3593 serat.

116 3637 181 3693 149.
205 3634 314 3692 Praeter
323 3631 466 3709 judicium
488 3631 653 3709 hujusmodi
667 3631 743 3705 quod
762 3628 946 3708 particulare
960 3629 1034 3688 solet
1047 3629 1115 3700 dici,
1132 3628 1269 3710 generale

78 3749 123 3791 seu
151 3729 467 3790 universale‘omnium
498 3730 646 3788 hominum
670 3730 812 3806 judicium
840 3748 857 3786 a
885 3728 1035 3787 Christo'
1028 3748 1058 3787 rn
1086 3728 1144 3788 fine
1171 3727 1271 3788 seculi

79 3827 197 3889 futurum
213 3829 288 3888 fides
300 3828 391 3886 docet.
433 3827 467 3886 ln
481 3827 792 3905 syrnboloapostolico
813 3826 848 3883 de
871 3825 989 3885 Christo
1004 3825 1039 3885 ad
1053 3826 1198 3887 dexteram
1215 3826 1270 3884 Pa·

79 3926 122 3984 tris
133 3927 251 3987 sedente
266 3926 351 3985 fidem
363 3936 487 3984 nostram
501 3924 633 4001 professi,
647 3924 828 4001 adjungimus
840 3943 848 3981 r
872 3932 895 3961 ‘⁶
906 3924 974 3982 inde
988 3932 1124 3982 venturus
1139 3933 1183 3980 eat
1191 3921 1269 4000 judi·

79 4028 231 4087 turstinus
243 4033 273 4082 et
287 4021 447 4081 mortuos.''
489 4006 663 4098 lnsynibolo
673 4020 857 4078 athanasiano
866 4020 902 4078 de
915 4040 949 4079 eo
961 4020 1112 4095 loquentes
1124 4018 1245 4077 dicimus
1257 4037 1266 4076 r

81 4125 96 4152 “
107 4121 138 4180 ad
150 4124 235 4202 qu'us
245 4121 399 4180 adventurn
409 4138 510 4178 omnes
522 4119 653 4177 homines
664 4136 812 4195 resurgere
821 4118 924 4176 habent
933 4136 1000 4176 cum
1012 4116 1183 4192 corporibus
1195 4116 1267 4184 suis,
1341 4159 1343 4163 -

78 4227 101 4273 et
111 4220 245 4282 reddituri
259 4231 327 4278 sunt
341 4218 375 4276 de
389 4218 470 4276 sactis
485 4217 607 4295 propriis
622 4214 794 4274 rationem.''
835 4215 909 4275 Illud
927 4226 1022 4274 tamen
1036 4224 1140 4291 negant
1154 4214 1279 4305 passim!

374 4431 416 4496 (1)
436 4430 501 4480 Hab.
513 4432 547 4482 ix.
558 4432 600 4479 27.

375 4520 417 4585 (2)
437 4519 506 4568 Eccl.
516 4517 551 4567 xi.
563 4519 606 4567 27.

375 4607 418 4672 (3)
438 4605 514 4654 Hom.
525 4604 573 4654 xiv.
584 4605 611 4653 in
622 4600 712 4653 Manu.

371 4694 410 4759 (4)
430 4692 459 4741 1..
471 4691 496 4742 it.
506 4690 537 4741 de
545 4692 627 4742 anima
638 4696 663 4740 et
679 4689 734 4755 ejus
743 4686 804 4750 orig.
815 4703 836 4738 e.
847 4685 880 4737 ir.
