2798 5092
92 346 131 404 rt
459 343 516 403 DE
538 343 673 404 stulto
695 343 931 408 GOELlBATU.

131 500 222 578 Resp.
238 499 284 559 De
298 520 395 561 eorum
409 500 522 560 dotibus
532 503 580 576 qui
595 501 630 561 ad
643 503 831 564 ministerium
847 505 971 585 eligendi
987 516 1067 566 erant
1081 508 1182 586 agebat
1196 509 1293 585 Apos-

93 596 178 664 tolus,
195 596 317 670 ideoque
329 597 363 655 de
378 597 441 676 lege
456 617 511 671 qua
525 598 743 674 prohiberentur
755 602 947 668 matrimonio,
964 614 1029 678 post
1042 603 1157 673 ordines
1173 621 1294 679 suscep·

92 707 146 762 tos,
162 714 228 754 eum
243 696 356 754 siluisse
381 697 484 755 mirum
500 715 556 755 non
578 709 641 765 est;
667 700 826 775 praesertim
848 719 936 774 quum
959 701 1131 759 Timotheus
1154 713 1182 759 et
1203 700 1291 759 Titus

92 792 285 851 ordinatorum
301 811 387 851 onera
395 793 456 870 jam
471 803 599 861 nossent,
612 813 645 850 ea
656 793 749 853 edocti
761 795 829 854 dum
848 797 905 874 ipsi
921 796 956 854 ad
971 797 1161 856 ministerium
1176 815 1292 855 sacrum

94 901 316 948 assumerentur.

136 990 200 1044 tto.
227 983 293 1065 Obj.
306 989 335 1044 4.
358 985 513 1062 Apostolus
536 985 572 1044 de
593 986 724 1045 coelibatu
745 1007 833 1065 agens
854 1007 919 1046 eum
935 989 1161 1065 uniuscujusque
1176 987 1294 1046 arbitrio

92 1082 220 1141 relictum
242 1083 345 1148 innuit,
362 1094 390 1140 et
411 1083 542 1155 quamvis
564 1084 600 1141 ob
622 1085 785 1160 ingruentes
807 1080 1021 1160 persecutiones
1043 1098 1072 1142 et
1086 1085 1148 1142 vitre
1164 1085 1295 1143 solicitu-

92 1180 174 1238 dioes
200 1181 302 1239 melius
327 1178 395 1238 dicit
418 1182 558 1238 abstinere
579 1201 596 1238 a
616 1182 734 1259 nuptiis,
757 1181 865 1240 nullurn
888 1197 983 1241 tamen
1006 1195 1157 1259 peccatum
1179 1181 1293 1241 admitti

92 1277 176 1336 docet
189 1280 214 1337 si
229 1280 293 1352 quis
308 1298 356 1336 eas
372 1279 457 1345 ineat,
479 1279 634 1355 prasertim
652 1278 770 1337 libidine
785 1298 850 1336 curn
865 1279 1026 1338 discrimini
1041 1280 1141 1338 salutis
1157 1280 1227 1337 alias
1242 1280 1294 1338 ob·

87 1375 215 1450 jactura:
239 1385 258 1411 “
274 1374 395 1451 Propter
408 1373 623 1433 fornicationem
639 1386 733 1432 autem
748 1375 946 1448 unusquisque
963 1395 1043 1434 suurn
1060 1394 1178 1433 uxorem
1190 1374 1294 1433 habeat

92 1514 100 1529 .
124 1515 131 1530 .
155 1514 162 1529 .
185 1471 270 1539 Quod
298 1472 322 1527 si
348 1489 405 1529 non
427 1487 458 1526 se
480 1471 634 1535 continent,
650 1472 766 1529 nubant.
809 1471 916 1528 Melius
931 1483 975 1529 est
990 1474 1066 1529 enirn
1082 1472 1187 1529 nubere
1204 1490 1292 1544 quam

95 1569 187 1629 uri.”²
207 1640 213 1652 ι
230 1569 359 1626 Clericos
384 1587 442 1626 oon
467 1569 584 1644 excipit,
606 1587 679 1641 quos
704 1566 824 1645 proinde
851 1570 1022 1627 matrimonii
1044 1569 1171 1627 remedio
1195 1581 1295 1628 contra

97 1666 190 1723 carnis
206 1666 375 1724 tentationes
391 1666 430 1723 uti
445 1683 531 1740 posse
547 1664 728 1721 manifestum
744 1676 796 1723 est.

134 1762 224 1840 Resp.
249 1762 405 1839 Apostolus
420 1760 524 1818 coloci
547 1759 761 1819 Corinthiorum
785 1762 910 1834 quaesitis
926 1761 1083 1839 respondit,
1098 1761 1197 1835 quide
1212 1762 1292 1819 coeli·

92 1863 157 1920 batu
173 1861 250 1918 etde
266 1859 436 1917 matrimonii
452 1876 505 1915 usu
521 1857 601 1934 plura
617 1856 748 1915 videntur
760 1859 958 1936 interrogasse.
1003 1860 1047 1917 De
1062 1860 1142 1918 laicis
1157 1860 1295 1936 agebatur

92 1960 170 2020 nulla
184 1958 301 2035 speciali
317 1957 497 2015 continentiae
509 1954 571 2032 lege
582 1955 626 2013 vel
641 1967 708 2014 voto
723 1955 884 2021 adstrictisr
900 1957 1023 2030 ideoque
1039 1957 1122 2016 docet
1135 1958 1296 2033 Apostolus

92 2059 231 2135 optimum
247 2074 311 2113 esse
326 2056 350 2111 si
366 2055 430 2127 quis
447 2053 558 2130 pietatis
576 2052 671 2110 studio
686 2072 701 2109 a
715 2055 808 2111 carnis
823 2054 965 2131 voluptate
976 2055 1135 2112 omninose
1145 2055 1300 2130 abstineat,

91 2155 141 2214 scd
156 2156 274 2213 liberam
290 2154 444 2224 unicuique
460 2150 580 2223 relinqui
597 2150 770 2207 matrimonii
792 2150 909 2208 incundi
930 2151 1103 2219 facultatem,
1118 2163 1146 2208 et
1160 2163 1296 2228 praestare

93 2255 199 2313 nubere
220 2271 304 2324 quam
327 2248 527 2326 cupiditatibus
549 2266 579 2304 se
599 2247 773 2323 mancipare,
790 2248 933 2326 pudicitiae
956 2249 1068 2308 violatis
1083 2249 1205 2327 legibus.
1248 2250 1295 2308 De

91 2350 258 2408 clericorum
279 2345 452 2404 continentia
477 2363 534 2401 oon
549 2355 607 2401 erat
622 2344 754 2416 quaestio,
771 2344 822 2402 scd
839 2346 1001 2404 verosimile
1026 2357 1070 2404 cst
1091 2365 1128 2404 ex
1150 2365 1183 2404 ea
1205 2359 1234 2405 et
1255 2365 1293 2406 ex

90 2447 221 2507 laudibus
237 2446 339 2519 quibus
355 2444 498 2519 virgineus
513 2454 601 2500 status
627 2441 807 2510 efferebatur,
823 2444 1007 2502 occasionem
1024 2444 1185 2503 Corinthiis
1201 2456 1294 2505 ortam

93 2544 238 2602 dubitandi
254 2557 346 2600 utrum
361 2541 443 2616 culpa
459 2538 553 2612 aliqua
568 2540 640 2597 soret
653 2540 725 2596 inire
741 2540 965 2610 matrimonium,
978 2542 1023 2599 vel
1038 2543 1100 2620 ejus
1113 2543 1227 2619 juribus
1242 2544 1294 2601 uti.

94 2640 224 2698 Clericus
241 2659 299 2697 non
320 2637 455 2715 possead
471 2637 539 2695 illud
561 2635 647 2693 voluti
669 2635 827 2696 remedium
850 2639 1015 2716 confugere,
1031 2657 1221 2713 quiscumque
1242 2659 1294 2699 cos

93 2737 189 2814 pulset
214 2735 340 2800 tentatio,
355 2752 392 2791 ex
417 2735 503 2790 totius
527 2732 703 2804 antiquitatis
727 2733 854 2791 moribus
880 2744 909 2791 et
930 2734 1095 2793 auctoritate
1117 2734 1293 2805 didicimus;

62 2909 65 2912 Α
92 2833 215 2907 ideoque
238 2833 271 2891 ad
294 2851 344 2890 cos
365 2850 423 2889 non
444 2830 508 2889 esse
531 2827 675 2888 referenda
696 2850 759 2903 quae
781 2830 815 2889 de
831 2832 961 2891 fidelibus
977 2835 1118 2892 universis
1133 2835 1292 2911 Apostolus

95 2931 174 2990 dicit.
216 2929 348 2990 Prosectb
365 2927 434 2987 alirls
448 2929 530 2987 tradit
544 2929 644 2987 viduas
659 2948 722 3002 quae
739 2941 836 2987 votum
858 2931 992 2988 castitatis
1013 2934 1250 3013 nuncupaverint,
1273 2934 1298 2992 si

96 3043 197 3109 postea
211 3030 369 3108 nupserint,
385 3030 413 3087 in
430 3029 573 3087 interitum
590 3047 681 3095 ruere,
697 3029 734 3086 ob
749 3029 882 3086 violatam
897 3029 982 3087 fidem
998 3029 1116 3088 Christo
1130 3032 1297 3107 praestitam,

94 3130 161 3188 dum
185 3130 294 3187 fervore
316 3127 403 3184 animi
428 3125 508 3183 elatae
531 3125 641 3182 deliciis
668 3125 784 3201 spiritus
807 3125 983 3183 fruerentur:
1008 3136 1037 3183 ct
1057 3125 1298 3186 adolescentiores

95 3226 196 3285 viduas
210 3227 248 3285 ob
271 3224 298 3282 id
321 3223 438 3299 periculi
453 3221 487 3278 ad
504 3222 693 3278 ministerium
710 3221 861 3290 Ecclesia,
883 3223 966 3296 quale
981 3223 1150 3283 diaconissae
1171 3225 1299 3294 obibant,

96 3343 152 3383 non
166 3341 230 3380 esse
245 3318 432 3379 admittendas
443 3319 544 3394 jubet:
568 3328 587 3352 ‘⁶
598 3318 846 3376 Adolescentiores
861 3331 954 3376 autem
971 3319 1072 3378 viduas
1087 3319 1192 3378 devita.
1218 3321 1297 3382 Cum

96 3419 336 3493 enimluxuriatae
351 3416 456 3474 suerint
469 3417 499 3472 in
514 3413 642 3481 Christo,
657 3414 764 3471 nubere
779 3416 896 3474 volunt:
920 3417 1057 3476 habentes
1072 3420 1298 3488 damnationem,

99 3520 177 3592 quia
192 3519 311 3594 primam
335 3516 421 3573 fidem
440 3515 545 3572 irritam
568 3512 742 3571 iecerunt.”⁹
781 3507 865 3582 Quod
890 3515 924 3572 de
947 3515 1144 3593 ingruentibus
1167 3493 1331 3594 persecu-⁸

99 3615 224 3674 tionibus
248 3615 334 3672 veluti
358 3612 505 3671 coelibatus
527 3611 745 3670 commendandi
767 3613 928 3681 occasione,
951 3614 979 3672 in
1003 3615 1163 3691 objectione
1185 3617 1300 3685 dicitur,

100 3711 203 3771 melius
218 3730 234 3767 a
249 3709 371 3768 Calvino
387 3709 450 3785 ipso
473 3709 646 3785 explicatur:
671 3719 819 3786 “propter
842 3712 1053 3777 necessitatem,
1077 3731 1132 3784 qua
1155 3712 1247 3770 sancti
1270 3715 1298 3772 in

101 3809 155 3866 hac
170 3808 227 3865 vita
239 3817 375 3882 urgentur
388 3824 512 3880 semper,
527 3817 558 3862 ut
582 3805 709 3863 libertate
735 3827 766 3864 ac
787 3806 989 3865 commoditate
1010 3807 1156 3866 coetinatus
1173 3807 1302 3867 fruantur

101 3903 248 3964 omnes.”⁸

145 4008 210 4069 rto.
237 3999 303 4078 obj.
321 4005 348 4057 5.
372 4000 526 4076 Apostolus
541 4000 628 4058 dicit:
653 4001 850 4058 “honorabile
871 4001 1045 4059 connubium
1059 4003 1086 4058 in
1110 4003 1257 4071 omnibus,
1273 4014 1302 4061 et

103 4100 201 4158 thorus
216 4095 461 4157 immaculatus.”⁴
501 4097 580 4175 Ergo
591 4098 657 4156 licet
671 4110 699 4156 et
713 4098 823 4156 clericis
839 4098 952 4175 nuptias
967 4096 1038 4155 inire
1053 4100 1160 4171 absque
1176 4100 1236 4158 ullo
1252 4103 1296 4160 sui

104 4206 191 4254 status
207 4195 355 4254 dedecore.
