2798 5092
96 346 155 404 258
511 344 567 405 DE
589 344 871 407 PURGATORIO.

101 504 149 560 ico
162 502 287 580 fungitur
300 503 467 572 ministerio,
484 515 512 562 et
527 504 658 562 humanis
672 521 703 561 ss
723 504 880 562 rationibus
901 502 1003 562 abduci
1016 503 1198 577 aliquatenus
1212 502 1289 568 sinit,

93 601 139 659 vel
163 600 242 660 alteri
255 603 424 676 cuicumque
439 603 468 660 in
482 603 604 661 leviores
629 602 727 678 culpas
748 602 894 670 incidenti,
915 612 1030 661 servata·
1046 603 1123 661 enim
1139 600 1209 659 fidei
1223 600 1291 658 inte-

96 700 206 778 gritate,
222 709 251 757 et
265 700 397 758 virtutum
411 700 577 765 substantia,
603 700 698 757 salvus
723 701 786 766 erit,
809 698 860 757 sed
887 718 952 758 cum
976 699 1100 776 plurimo
1115 699 1161 756 sui
1176 697 1290 766 damno,

94 799 177 869 quasi
193 797 363 874 perignem.
407 796 457 854 Nil
472 796 575 854 dicitur
588 796 665 868 quod
680 796 947 855 detrimentumhoc
960 795 998 854 ad
1008 796 1095 873 hujus
1112 798 1177 854 vitas
1192 813 1291 854 aerum·

96 913 147 954 nas
164 895 276 962 reserat,
292 913 380 970 quum
396 904 454 953 tota
467 895 602 952 orationis
617 894 706 952 series
721 895 836 953 alteram
852 895 938 953 vitam
954 894 1050 972 potius
1064 894 1212 970 respiciat.

132 995 181 1050 29.
204 992 393 1068 Augustinnm
407 1002 520 1067 praestat
531 989 638 1055 audire,
650 991 700 1064 qui
715 991 855 1049 visionem
867 990 989 1050 Abrahae
1004 990 1039 1050 dc
1051 991 1117 1068 igne
1130 1000 1293 1048 transeunte

93 1092 166 1149 inter
179 1089 335 1148 divisiones
350 1087 536 1146 animantium
550 1105 615 1145 cum
630 1087 763 1163 Apostoli
777 1089 871 1147 verbis
887 1086 921 1146 ds
936 1088 1002 1165 igne
1021 1088 1158 1165 probante
1173 1084 1294 1144 aedificia

93 1186 265 1265 exponendo
279 1186 437 1264 conjungit.
479 1183 613 1242 “Veniet
632 1195 661 1242 et
674 1186 824 1243 caminus:
847 1204 913 1243 nam
934 1184 1064 1244 coneedit
1084 1186 1124 1242 ibi
1149 1183 1293 1243 Abraham

93 1283 235 1358 usquead
256 1300 416 1359 vesperam,
439 1290 468 1338 et
487 1280 566 1338 venit
588 1299 708 1356 magnus
731 1291 821 1339 terror
840 1280 897 1339 diei
914 1280 1027 1358 judicii.
1069 1279 1202 1356 Vespera
1216 1279 1293 1338 enim

93 1380 143 1439 illa
163 1381 230 1439 finis
251 1389 296 1438 est
316 1378 423 1445 saeculi,
439 1387 467 1436 et
494 1377 622 1435 caminus
644 1376 693 1434 ille
718 1380 836 1435 veniens
857 1377 919 1434 dies
936 1376 1049 1454 judicii.
1092 1375 1201 1435 Divisit
1222 1375 1295 1434 inter

93 1477 188 1536 media
215 1477 265 1535 illa
291 1494 355 1546 quae
376 1475 468 1532 divisa
489 1486 576 1538 erant,
602 1474 688 1532 etiam
716 1474 856 1532 caminus.
897 1474 930 1531 Si
958 1474 1032 1532 inter
1059 1474 1156 1532 media
1184 1473 1296 1531 transiit

93 1578 232 1641 caminus,
249 1576 303 1633 alia
317 1575 346 1632 in
361 1573 518 1640 dexteram,
534 1573 588 1631 alia
602 1574 632 1631 in
647 1574 790 1631 sinistram
805 1573 955 1650 separavit.
998 1573 1072 1631 Sunt
1091 1591 1162 1650 ergo
1176 1571 1293 1646 quidam

93 1671 230 1736 carnales,
241 1679 368 1728 ettamen
378 1669 518 1727 Ecclesiae
527 1669 635 1745 gremio
644 1669 833 1734 continentur,
844 1668 972 1726 vivente
979 1666 1137 1726 secuudum
1148 1666 1292 1741 quendam

93 1765 210 1825 modum
223 1782 317 1832 suum,
330 1764 433 1837 quibus
447 1765 581 1823 timemus
592 1782 628 1822 ne
637 1763 807 1821 seducantur
817 1764 851 1822 ab
860 1763 1012 1821 haereticis.
1053 1763 1201 1831 Quamdiu
1213 1763 1291 1822 enim

93 1865 219 1923 carnales
228 1873 304 1929 sunt,
313 1862 470 1920 divisibiles
482 1875 557 1921 sunt.
588 1863 664 1919 Aves
676 1863 782 1938 quippe
792 1881 850 1921 non
859 1862 972 1921 divisit:
987 1861 1114 1926 carnales
1125 1851 1289 1943 dividunur.

94 1964 163 2022 Non
174 1963 252 2039 potui
264 1963 343 2035 loqui
354 1961 436 2019 vobis
448 1962 529 2034 quasi
539 1959 723 2036 spiritalibus,
736 1959 787 2017 sed
796 1961 878 2033 quasi
890 1960 1059 2019 carnalibus.
1094 1959 1135 2018 Et
1146 1959 1292 2033 quomodo

94 2047 236 2137 probatur,
259 2060 326 2132 quia
347 2059 473 2117 carnales
495 2056 679 2115 dividuntur?
721 2056 869 2135 Adjnngit,
891 2057 1090 2128 ‘cumcuim
1115 2057 1186 2117 dicit
1208 2076 1293 2115 unos·

93 2151 216 2234 quis'quc
238 2166 373 2225 vcstmm,
394 2157 459 2233 Ego
479 2174 543 2214 sum
566 2155 659 2223 Pauli,
675 2173 729 2232 ego
750 2165 843 2213 autom
866 2155 981 2232 Apollo,
1003 2174 1057 2232 ego
1080 2154 1147 2214 verb
1170 2155 1291 2232 Cephae,

92 2274 187 2317 nonne
199 2254 325 2314 carnales
335 2252 414 2321 estis,
427 2264 456 2311 et
466 2250 625 2310 secundum
636 2251 783 2310 hominem
796 2251 975 2310 ambulatisl’
1010 2253 1094 2331 Rogo
1107 2271 1170 2321 vos,
1181 2251 1291 2319 fratres,

93 2355 186 2414 audite
201 2364 229 2412 et
243 2353 395 2430 proficite;
416 2350 539 2409 excutite
562 2368 612 2408 vos
638 2349 673 2408 de
695 2351 759 2409 loco
784 2351 898 2418 carnali,
924 2351 1033 2428 pergite
1054 2352 1085 2409 in
1106 2361 1244 2410 turturem
1266 2363 1293 2409 et

93 2453 274 2512 columbam:
297 2468 363 2507 aves
379 2448 456 2506 enim
477 2466 536 2505 non
550 2447 655 2504 divisit.
701 2447 758 2506 Sed
774 2449 948 2522 quicumque
969 2449 1032 2506 talis
1051 2450 1250 2525 permanserit,
1266 2458 1294 2506 et

92 2547 249 2608 secundum
263 2542 415 2619 quemdam
430 2542 546 2602 modum
562 2543 626 2601 vitae
641 2557 739 2620 aptunr
753 2546 921 2613 carnalibus,
932 2556 961 2603 et
974 2545 1010 2610 de
1025 2546 1136 2623 gremio
1151 2546 1291 2605 Ecclesia

93 2665 151 2705 non
164 2641 324 2710 recesserit,
340 2652 368 2699 et
382 2658 438 2698 non
461 2639 545 2705 luerit
565 2639 699 2697 seductus
719 2639 753 2698 ab
775 2639 927 2709 haereticis,
942 2655 974 2699 ut
994 2661 1032 2699 ex
1051 2645 1193 2701 contraria
1214 2653 1292 2720 parte

91 2743 250 2822 dividatur3
272 2740 368 2798 veniet
381 2738 521 2806 caminus,
537 2747 566 2795 et
586 2737 619 2794 ad
642 2737 771 2797 dextram
793 2739 862 2815 poni
883 2739 946 2797 sine
968 2740 1081 2798 camino
1103 2759 1161 2799 non
1177 2741 1289 2818 poterit.

92 2842 150 2901 Sed
171 2842 195 2898 si
217 2841 360 2898 caminum
386 2838 444 2914 pati
468 2855 526 2897 non
547 2836 617 2902 vult,
632 2845 732 2914 pergat
755 2837 784 2894 in
806 2845 941 2895 turturem
966 2847 995 2895 et
1018 2837 1192 2897 columbam.
1234 2832 1291 2906 Qui

93 2950 187 3015 potest
200 2955 312 3014 capere,
335 2935 445 3012 capiat.
480 2935 513 2992 Si
527 2944 620 2991 autem
637 2953 695 2992 non
713 2934 756 2991 sic
777 2933 839 3001 erit,
855 2941 884 2990 et
897 2931 1078 2991 aedificaverit
1092 2952 1181 3011 super
1195 2926 1292 3000 lunda·

92 3024 220 3096 mentum
231 3035 318 3112 ligna,
331 3035 448 3100 loenum,
464 3034 610 3110 stipulam,
625 3031 720 3100 idest,
737 3049 848 3089 amores
860 3031 1011 3089 saculares
1023 3031 1211 3091 fundamento
1224 3031 1291 3090 tidei

90 3154 149 3194 suae
165 3132 449 3211 superaedificaverit3
473 3143 567 3188 tamen
594 3131 619 3186 si
640 3130 669 3187 in
692 3129 875 3187 fundamento
895 3129 931 3187 sit
946 3128 1091 3196 Christus,
1113 3141 1145 3188 ut
1165 3132 1291 3208 primum

90 3235 184 3292 locum
201 3233 262 3308 ipse
283 3229 385 3287 habeat
399 3229 428 3287 in
444 3225 539 3294 corde,
555 3239 584 3284 et
603 3227 629 3284 ei
650 3226 856 3285 nihilomnino
873 3237 1079 3303 anteponatur3
1102 3238 1251 3305 portantur
1264 3236 1292 3285 et

91 3330 171 3395 tales,
183 3326 338 3386 tolerantur
349 3335 377 3382 et
388 3325 458 3382 tales
472 3343 479 3380 ε
502 3324 597 3381 veniet
608 3324 747 3388 caminus,
758 3321 891 3381 incendet
902 3323 988 3400 ligna,
1001 3323 1121 3392 loenum,
1134 3326 1289 3403 stipulam:

92 3407 153 3504 ipse
179 3436 283 3489 autem,
299 3423 402 3496 inquit,
424 3423 520 3479 salvus
545 3420 608 3489 erit,
624 3421 667 3479 sic
692 3431 787 3478 tamen
811 3421 892 3494 quasi
913 3439 964 3500 per
988 3421 1095 3498 ignem.
1139 3423 1209 3482 Hoc
1228 3434 1290 3501 aget

91 3521 237 3580 caminus:
260 3519 330 3577 alios
352 3518 545 3577 in'sinistram
570 3516 731 3593 separabit:
756 3516 826 3574 allos
855 3517 885 3574 in
906 3515 1034 3576 dextram
1056 3517 1181 3591 quodam
1204 3519 1289 3578 modo

90 3615 272 3692 eliquabit.’'l
311 3617 488 3694 Augustinus
510 3617 595 3693 igitur
615 3614 755 3689 quosdam
777 3615 890 3674 censuit
910 3615 1063 3696 levioribus
1085 3617 1146 3674 suis
1169 3619 1288 3677 maculis

90 3718 155 3794 igne
170 3714 341 3792 purgandos,
357 3724 386 3772 et
398 3714 440 3771 sic
454 3713 574 3771 salutem
589 3722 781 3770 assecuturos.
824 3712 909 3779 Quod
931 3724 1024 3770 autem
1040 3711 1074 3769 od
1090 3712 1166 3772 diem
1185 3713 1288 3792 judicii

92 3812 287 3890 purgationem
312 3829 375 3870 eam
399 3809 508 3876 reserat,
535 3828 592 3867 non
616 3809 658 3866 sic
683 3808 880 3884 accipiendum
906 3819 958 3875 est,
986 3810 1068 3882 quasi
1096 3827 1184 3869 nemo
1209 3821 1291 3870 antea

90 3909 254 3989 purgandus
277 3911 324 3977 sit,
339 3907 391 3967 sed
413 3906 490 3981 quod
515 3907 644 3984 purgatio
665 3905 777 3964 tandem
792 3907 921 3965 omnium
944 3916 1011 3965 tunc
1035 3909 1209 3985 perficienda
1231 3914 1292 3968 sits

130 4008 258 4068 Plurima
271 4005 327 4064 alia
340 4023 403 4079 quae
418 4004 512 4064 solent
520 4003 622 4063 adduci
634 4003 779 4080 scripturae
792 4003 954 4062 testimonia
964 4004 1219 4081 pretermittimus,
1233 4027 1288 4067 nou

128 4262 170 4329 (l)
189 4262 219 4312 In
231 4261 272 4312 Ps.
283 4260 331 4311 ciii.
365 4260 496 4311 Enarrutio
509 4258 586 4312 Serm.
598 4262 632 4311 iii.
643 4277 669 4311 n.
681 4263 705 4310 5.

127 4348 170 4412 (2)
191 4345 347 4396 Oxonisnses
358 4333 490 4398 admittunt
501 4347 567 4397 varia
578 4346 713 4410 Augustini
724 4348 777 4396 loca
788 4345 824 4396 sic
834 4345 949 4411 componi
960 4360 1041 4411 posse,
1052 4347 1152 4399 recitato
1167 4349 1236 4400 cuim
1246 4349 1293 4401 boc

92 4431 238 4490 testimonio,
248 4431 457 4482 animadvertunt:
476 4431 565 4482 “This
579 4432 601 4482 is
613 4447 660 4481 one
670 4432 755 4482 notion
767 4431 803 4481 St.
816 4432 908 4483 Auctio
918 4431 967 4481 had
979 4432 1007 4481 ol
1021 4432 1173 4499 Purgatory3
1191 4436 1304 4488 mother·

92 4529 144 4567 was
154 4516 207 4566 that
214 4515 235 4564 it
245 4516 327 4565 would
337 4517 368 4566 be
378 4518 407 4566 ol
422 4533 437 4566 a
447 4516 538 4567 certain
555 4515 669 4566 duration
688 4517 715 4567 in
732 4516 872 4580 proportion
890 4523 916 4566 to
924 4515 966 4565 the
977 4515 1030 4566 sins
1040 4517 1069 4566 ol
1075 4517 1137 4568 each
1148 4519 1304 4573 individual-

93 4599 212 4652 Withcut
219 4598 337 4662 essening
347 4600 400 4650 that
410 4600 459 4651 this
469 4601 532 4651 view
543 4600 565 4679 is
576 4601 669 4666 plainly
676 4599 838 4653 inconsistent
849 4599 910 4651 with
921 4600 963 4651 the
973 4600 1068 4665 former,
1078 4601 1099 4653 it
1109 4601 1182 4669 t'cirly
1193 4619 1252 4670 may
1262 4606 1304 4656 be

93 4687 170 4740 called
182 4701 197 4737 a
209 4682 308 4735 distinct
315 4682 385 4735 one.”
419 4685 494 4736 Truct
507 4687 548 4735 79.
556 4700 581 4750 p.
592 4686 634 4734 40.
828 4695 830 4698 ·

1118 4790 1134 4825 s
