2798 5092
256 383 260 392 .
356 328 414 391 DE
436 328 700 390 SANCTORUM
721 326 1029 392 INVOCATIONE.
1232 332 1293 391 208

98 485 229 556 famulos,
244 505 304 546 non
318 485 410 557 Deos,
426 487 527 548 salutis
541 485 671 548 subsidia
683 507 733 566 per
747 487 895 548 Christum
910 489 993 549 uobis
1007 488 1219 567 impetraturos,
1234 507 1293 549 nou

98 604 159 646 eam
184 584 247 644 suis
273 585 382 644 meritis
405 586 451 645 vel
472 587 599 664 potentia
612 585 726 646 daturos
748 586 942 664 agnoscimus.
984 586 1117 647 meectb
1137 587 1293 665 Apostolus

95 681 222 741 fidelium
240 700 339 758 preces
354 681 475 758 expetiit
487 682 582 742 verbis
597 682 706 743 eisdem
730 683 834 757 quibus
850 683 970 742 Sanctos
995 684 1128 742 iuvocare
1143 684 1293 743 consucvi-

93 797 175 839 mus:
199 787 219 816 ‘⁶
229 777 344 863 fratres,
358 789 435 847 orate
449 797 502 859 pro
516 777 643 838 nobis.”¹
674 777 764 856 Igitur
777 779 858 838 Deus
873 779 953 838 solus
968 777 1144 838 invocandus
1159 787 1203 838 est
1224 790 1295 840 tam·

95 896 181 952 qnam
196 877 352 945 Dominus,
367 887 396 936 et
408 878 508 937 salutis
522 887 637 938 auctor:
659 877 711 937 sed
725 878 878 947 invocatio,
893 877 986 952 qualis
1008 877 1043 937 ad
1058 879 1180 938 Sanctos
1194 878 1294 959 dirigi·

102 985 156 1042 tur,
171 975 237 1034 Deo
250 993 310 1034 non
324 975 469 1045 convenit.

136 1076 184 1132 64.
211 1071 279 1152 obj.
294 1078 335 1137 2„
346 1073 454 1154 Paulus
468 1072 538 1132 dicit
551 1073 667 1133 unicum
679 1092 744 1132 esse
755 1072 960 1133 mediatorem:
984 1083 1004 1112 “
1016 1073 1101 1133 Unus
1113 1075 1190 1134 enim
1204 1076 1295 1148 Deus,

101 1191 172 1232 unus
187 1180 216 1231 et
229 1172 369 1231 mediator
382 1173 440 1232 Dei
454 1182 483 1231 et
495 1173 646 1242 hominum
660 1172 748 1232 homo
764 1172 899 1231 Christus
912 1172 1050 1234 Jesus.”⁹

137 1270 227 1350 Resp.
250 1271 394 1345 Loquitur
414 1271 573 1348 Apostolus
597 1271 632 1330 de
661 1271 826 1340 mediatore,
856 1272 938 1345 “qui
953 1266 1042 1332 ¹dedit
1069 1272 1297 1352 redemptionem

97 1370 284 1446 semetipsum
295 1374 352 1445 'pro
366 1367 548 1427 omnibus.”³
587 1369 695 1442 Utique
720 1370 821 1428 unicus
846 1368 895 1427 ille
916 1379 970 1427 est.
1012 1370 1112 1450 Longe
1127 1372 1183 1432 alio
1207 1391 1296 1432 sensu

103 1467 197 1526 Sancti
211 1462 346 1525 dicuntur
360 1465 541 1534 mediatores,
558 1466 607 1540 qui
622 1466 732 1524 scilicet
745 1484 845 1543 preces
861 1465 936 1543 apud
964 1467 1058 1527 Deum
1074 1488 1125 1547 per
1146 1469 1298 1530 Christum

104 1582 152 1640 pro
164 1563 249 1622 nobis
264 1561 406 1621 tundunt:
429 1581 485 1636 qua
494 1562 602 1621 ratione
615 1563 670 1640 piis
694 1562 825 1620 homines
835 1581 887 1639 pro
901 1565 1098 1639 peccatoribus
1110 1564 1297 1644 deprecantes
1320 1608 1322 1613 .

104 1660 263 1743 mediatoris
278 1658 433 1736 funguntur
448 1658 557 1726 officio,
571 1659 679 1733 absque
693 1658 753 1720 ullo
765 1657 876 1717 Christi
891 1659 1074 1719 mediationis
1087 1661 1250 1741 dispendio.

139 1762 187 1818 66.
213 1756 282 1837 obj.
299 1761 327 1816 3.
351 1755 486 1814 Christus
503 1774 562 1815 non
576 1774 640 1816 eam
655 1754 751 1815 docuit
771 1755 871 1815 orandi
893 1759 1042 1826 rationem,
1056 1759 1108 1818 ssd
1129 1761 1244 1821 Patrem
1259 1764 1302 1823 in·

106 1853 261 1914 vocandum
274 1851 367 1911 dixit:
391 1861 410 1890 ‘⁶
422 1853 471 1911 Sic
484 1871 553 1930 ergo
567 1870 619 1910 vos
634 1853 770 1911 orabitis:
792 1852 879 1911 Pater
893 1865 999 1922 noster,
1012 1854 1089 1912 etc.’'

140 1952 230 2031 Reap.
254 1951 389 2010 Christus
403 1970 439 2010 eo
461 1950 519 2009 loci
541 1948 703 2009 emendavit
724 1968 850 2009 errorem
875 1969 985 2019 eccum,
1000 1953 1049 2024 qui
1065 1953 1244 2015 ethnicorum
1258 1957 1302 2016 in·

107 2059 158 2110 star
171 2050 309 2128 putabant
331 2067 362 2107 se
387 2057 454 2107 vota
470 2059 686 2116 consecuturos,
701 2047 727 2104 si
750 2047 954 2105 ea-verborum
981 2049 1099 2106 ambitui
1121 2051 1301 2112 intexerent:

108 2153 223 2223 “putant
237 2145 316 2203 euim
331 2143 407 2217 quod
422 2143 451 2202 in
466 2142 647 2216 multiloquio
660 2160 714 2200 suo
728 2140 958 2221 exaudianturf’f
989 2141 1071 2219 Opus
1086 2162 1144 2203 uon
1158 2160 1217 2203 erat
1231 2156 1305 2207 utca

111 2243 260 2302 occasione
273 2239 382 2314 aliquid
397 2240 518 2300 traderet
531 2239 567 2298 de
581 2240 630 2316 pia
639 2223 844 2298 consuetudine
853 2257 953 2316 preces
964 2249 1126 2299 sanctorum
1139 2244 1304 2319 expetendi,

108 2359 166 2415 quae
180 2340 250 2400 satis
265 2322 482 2399 commendatur
494 2337 637 2416 exemplis
652 2337 682 2397 iu
704 2338 851 2415 scripturis
873 2337 980 2406 relatis,
1001 2348 1163 2399 sanctorum
1179 2341 1209 2400 in
1224 2345 1305 2402 terris

107 2439 277 2498 versantium
288 2439 338 2512 qui
352 2439 413 2496 suis
429 2438 562 2515 precibus
577 2436 718 2496 beneficia
728 2436 791 2494 aliis
803 2436 999 2513 impetrarunt,
1009 2448 1038 2496 et
1051 2438 1101 2512 qui
1116 2439 1172 2516 ipsi
1186 2441 1307 2503 aliorum

110 2556 206 2614 preces
222 2539 414 2616 expetierunt.
446 2544 466 2572 “
478 2535 564 2594 Orate
575 2554 628 2613 pro
639 2533 797 2603 invicem,”
808 2534 1048 2609 inquitJacobus,
1064 2547 1084 2574 ‘⁴
1094 2547 1125 2599 ut
1135 2540 1307 2600 salvemini:

109 2636 228 2696 multum
243 2635 322 2694 enim
337 2634 411 2692 vaiet
429 2632 592 2711 deprecatio
613 2634 685 2712 justi
708 2632 869 2692 assiduam
909 2633 1043 2694 Profecto
1068 2655 1132 2708 quae
1153 2638 1309 2699 afferuntur

110 2742 275 2811 argumenta
294 2731 329 2789 ad
344 2730 568 2809 impugnandam
583 2738 747 2804 sanctorum
758 2729 979 2798 invocationem,
989 2731 1015 2788 si
1025 2730 1093 2805 quid
1108 2734 1229 2804 valeant,
1245 2754 1311 2813 pro·

111 2830 173 2900 bant
183 2832 330 2909 justorum
345 2830 496 2903 nobiscum
511 2828 637 2887 interris
653 2827 826 2885 versantium
841 2845 941 2903 preces
956 2846 1013 2886 non
1029 2846 1093 2886 esse
1108 2834 1294 2908 expetendas.

148 2931 196 2987 66.
223 2925 291 3001 obj.
306 2929 336 2984 4.
358 2926 487 2985 Immane
508 2936 552 2983 est
576 2924 730 2982 discrimen
753 2922 827 2981 inter
847 2923 929 3000 piam
945 2925 1181 2988 consuetudinem
1203 2950 1256 3007 pro
1276 2950 1308 2990 se

114 3026 232 3086 invicem
249 3025 360 3093 orandi,
377 3024 491 3099 qualem
506 3021 690 3082 commendat
701 3021 838 3088 Jacobus,
851 3032 882 3082 ,et
897 3022 1065 3082 Sanctorum
1081 3025 1310 3089 invocationem:

115 3140 175 3182 uam
190 3125 220 3183 in
234 3125 316 3181 terris
327 3134 471 3180 versantes
486 3139 586 3180 omnes
602 3119 748 3196 supplices
764 3137 816 3182 nos
829 3119 957 3178 sistimus
974 3138 1068 3180 coram
1089 3122 1163 3191 Deo,
1176 3128 1311 3186 orationis

119 3232 143 3278 et
154 3221 368 3280 communionis
382 3227 482 3277 sancto
496 3216 641 3276 consortio
655 3215 802 3294 conjuncti
820 3235 829 3283 3
851 3234 905 3275 nec
920 3216 984 3290 quis
999 3217 1087 3276 alium
1102 3219 1234 3278 invocare
1254 3222 1312 3282 dici

119 3330 225 3392 potest:
248 3336 265 3376 e
280 3329 379 3375 contra
392 3315 533 3375 accedunt
546 3313 691 3373 Catholici
705 3313 851 3391 supplices
866 3312 902 3372 ad
923 3314 1044 3373 Sanctos
1059 3317 1089 3374 in
1100 3316 1180 3375 soliis
1195 3319 1314 3378 caelesti·

122 3415 168 3474 bus
182 3414 377 3493 considentes,
392 3432 500 3488 eosque
516 3412 710 3472 venerabundi
723 3411 888 3490 implorant,
904 3424 934 3471 ut
948 3431 1004 3486 qua
1027 3416 1121 3473 valent
1134 3417 1224 3493 gratia
1237 3418 1313 3495 apud

123 3510 221 3582 Deum,
236 3515 296 3572 imo
311 3531 367 3586 qua
381 3524 516 3590 praestant
530 3511 669 3588 potentia,
682 3528 738 3587 pro
752 3509 866 3568 famulis
880 3510 936 3567 sibi
949 3512 1173 3584 obsequentibus
1189 3526 1313 3575 utantur.

158 3608 245 3688 Resp.
267 3609 323 3682 Est
337 3607 453 3682 quidem
468 3606 633 3676 discrimen,
644 3625 682 3665 ex
690 3605 863 3664 conditionis
877 3605 1037 3665 diversitate
1053 3606 1247 3689 desumptum,
1263 3613 1315 3672 sed

127 3705 195 3775 quod
219 3707 260 3765 rei
295 3706 482 3764 substantiam
512 3722 569 3762 non
605 3703 743 3780 attingat:
773 3703 798 3759 si
825 3702 900 3760 enim
926 3702 1008 3761 Deus
1033 3704 1112 3762 solus
1141 3707 1317 3768 invocandus

128 3801 167 3867 sir,
181 3803 251 3861 adeo
265 3813 296 3861 ut
310 3803 385 3880 apud
397 3821 462 3862 eum
475 3800 570 3860 nullus
585 3798 756 3875 quarendus
771 3799 809 3856 sit
821 3800 1002 3868 intercessor,
1019 3819 1072 3858 nec
1086 3800 1224 3865 debemus
1241 3825 1317 3880 quae·

131 3915 182 3958 rere
195 3902 316 3980 alicujus
339 3903 368 3959 in
391 3902 473 3959 terris
499 3900 585 3977 positi
601 3917 711 3976 preces.
754 3898 851 3956 Sancti
865 3898 957 3975 gloria
970 3899 1096 3958 snrerrtes
1111 3922 1169 3962 non
1184 3904 1318 3964 desinunt

133 4011 187 4054 esse
201 3999 254 4058 Dei
269 3994 424 4057 humillimi
438 3998 547 4063 famuli,
559 3997 608 4070 qui
624 3995 743 4074 proinde
759 3995 873 4053 nonnisi
884 3995 1030 4071 supplices
1042 3997 1076 4054 arl
1089 4017 1154 4056 eum
1171 3999 1318 4072 accedunt,

61 4092 64 4111 '
135 4096 325 4174 quamvisjam
341 4115 398 4154 non
413 4095 559 4172 indigeant
577 4092 662 4152 venia
682 4093 787 4166 aliqua,
808 4090 853 4149 vel
866 4091 1017 4150 beneficio.
1060 4095 1144 4160 Quod
1170 4113 1222 4154 nos
1253 4115 1320 4159 cum
