2798 5092
409 324 465 401 nri
487 338 677 400 uururra
702 338 975 401 maurinorum
1236 343 1293 400 rm

49 520 51 533 ·
104 515 159 557 rum
174 515 265 572 quum
288 496 326 556 sit
340 517 413 566 caro,
430 498 528 556 tertius
542 497 717 558 consortium
738 516 797 557 non
812 497 976 557 admittitur.
1022 497 1102 558 Hinc
1116 498 1293 559 consuetudo

103 604 128 653 et
138 594 268 654 doctrina
282 595 500 654 christianorum
515 615 630 674 semper
644 596 745 655 claruit
758 594 793 653 de
815 597 921 654 unitate
936 596 1128 656 matrimonii:
1152 616 1293 675 quaprop-

101 699 139 749 ter
151 689 254 750 meriti
276 691 389 750 tradidit
409 691 547 750 Nicolaus
562 693 597 751 l:
627 692 742 751 “Duas
768 701 895 769 tempore
909 710 967 751 uno
989 693 1092 751 habere
1113 713 1217 753 uxores
1239 715 1292 755 nec

100 789 161 866 ipsa
174 789 257 867 origo
281 789 412 848 humanm
434 789 605 849 conditionis
628 788 758 857 admittit,
774 790 898 849 nec-lex
912 790 1133 850 christianorum
1151 792 1209 850 ulla
1229 812 1292 870 per·

98 886 229 946 mittit.’'²
270 886 356 955 Quod
370 887 405 945 de
419 887 482 964 lege
495 907 511 945 a
524 888 726 946 Valentiniano
740 887 806 956 lata,
821 887 958 946 referente
974 889 1101 955 Socrate,
1118 888 1222 948 dicitur
1236 910 1293 965 qua

98 983 208 1042 scilieet
221 983 321 1043 liceret
334 982 404 1042 duas
418 984 522 1043 habere
537 1003 653 1053 uxores,
667 984 852 1043 fundamento
862 1003 957 1043 carere
972 996 1103 1044 censetur
1118 987 1152 1044 ab
1164 987 1293 1046 eruditis.

99 1078 234 1157 Gregorii
257 1079 297 1137 ll.
312 1080 398 1139 etiam
421 1079 566 1139 decretum
588 1081 730 1159 objicitur,
746 1099 803 1154 quo
824 1081 885 1139 viro
901 1081 1071 1158 permittitur
1086 1084 1296 1145 matrimonium

97 1176 180 1245 inire,
195 1195 288 1236 uxore
306 1177 368 1254 jam
391 1177 428 1236 ob
442 1178 634 1237 infirmitatem
655 1197 713 1237 non
729 1178 838 1236 valente
859 1177 985 1236 debitum
998 1178 1125 1249 reddere,
1141 1183 1297 1259 suppositi·

97 1275 170 1334 tium
183 1275 330 1334 nonnullis
353 1275 484 1344 videtur;
505 1276 568 1335 aliis
583 1278 766 1336 censentibus
787 1277 832 1354 agi
847 1276 883 1334 de
898 1277 1066 1353 impotentia
1088 1297 1168 1352 quse.
1181 1281 1297 1358 nuptias

98 1375 280 1430 antecessit.⁸
330 1370 432 1430 Fidem
458 1372 598 1431 Ecclesia
619 1372 654 1431 de
680 1373 850 1431 matrimonii
873 1372 978 1431 unitate
1000 1374 1123 1432 firmavit
1145 1377 1298 1437 concilium

99 1466 315 1538 Tridentium,
328 1469 509 1528 anathemate
522 1469 579 1528 lato
593 1469 623 1528 in
634 1469 753 1527 Lutberi
768 1479 796 1527 et
809 1470 1058 1546 Anabaptistarum
1071 1489 1194 1531 errorem
1210 1493 1216 1530 :
1234 1474 1297 1532 “Si

98 1567 165 1640 quis
186 1566 303 1635 dixerit,
318 1566 405 1624 licere
427 1565 590 1625 christianis
611 1567 708 1644 plures
728 1566 816 1625 simul
840 1566 944 1626 habere
966 1586 1082 1637 uxores,
1098 1578 1127 1627 et
1146 1570 1202 1630 boe
1223 1572 1301 1630 nulla

98 1662 165 1742 lege
178 1663 278 1722 divina
292 1681 357 1720 esse
371 1663 557 1740 prohibitum,
573 1663 723 1722 anathema
737 1662 819 1721 sit.’'⁸

136 1764 189 1819 41.
212 1758 399 1840 Polygumia
424 1761 588 1829 successiva
614 1759 718 1819 dicitur
746 1761 917 1839 conjugium
946 1762 1077 1821 iteratum
1098 1764 1186 1840 priori
1207 1765 1301 1824 soluto

96 1856 217 1917 vinculo
232 1857 363 1935 conjugis
379 1869 479 1916 morte.
522 1858 705 1917 Montanistae
721 1857 929 1916 contendebant
942 1858 1086 1918 secundas
1101 1862 1215 1937 nuptias
1238 1881 1301 1921 esse

95 1971 220 2032 prorsus
241 1954 343 2012 vetitas
365 1952 539 2023 christiania,
562 1971 668 2026 easque
688 1954 777 2012 veluti
797 1952 935 2038 adulteria
956 1954 1149 2016 traducebant.
1191 1958 1230 2016 lis
1252 1979 1302 2038 op-

95 2060 263 2130 posuerunt
275 2049 417 2109 Ecclesiae
432 2059 526 2129 patres
552 2050 685 2127 Apostoli
699 2051 892 2109 auctoritatem
908 2069 916 2108 ε
945 2060 965 2087 “
978 2051 1094 2120 Mulier,
1120 2054 1146 2111 si
1173 2068 1302 2115 mortuus

92 2148 187 2209 suerit
200 2148 244 2207 vir
256 2148 331 2226 ejus,
346 2148 463 2207 liberata
477 2158 521 2206 est
535 2168 552 2206 a
565 2147 629 2225 lege
646 2147 708 2216 viri,
731 2157 762 2207 ut
784 2167 842 2208 non
865 2149 903 2207 sit
923 2148 1059 2217 adultera,
1084 2150 1109 2208 si
1129 2150 1217 2210 suerit
1237 2172 1304 2213 oum

94 2244 159 2307 alio
177 2243 285 2304 riro.”⁴
325 2245 370 2304 De
396 2244 482 2304 vidua
502 2245 623 2318 loquens
645 2244 714 2303 alias
735 2244 819 2304 dicit:
843 2255 862 2282 ⁴⁸
876 2244 934 2304 cui
959 2246 1019 2304 vult
1039 2247 1135 2315 nubat,
1151 2257 1258 2309 tantum
1274 2250 1304 2309 in

96 2342 280 2403 Domino.”⁵
319 2343 360 2401 Et
373 2342 562 2402 Timotheum
576 2341 611 2400 de
627 2342 720 2401 viduis
735 2343 883 2417 alloquens
906 2344 963 2402 ait:
988 2332 1093 2404 “Volo
1110 2346 1241 2423 juniores
1256 2367 1306 2406 nu·

95 2439 224 2502 bere-”l
263 2440 364 2500 Minus
380 2452 473 2498 tamen
488 2438 678 2516 probabantur
692 2439 798 2517 nuptiae
821 2440 936 2507 iterata,
953 2459 1040 2513 quum
1057 2441 1087 2499 in
1108 2442 1144 2499 iis
1171 2442 1307 2519 conjunc·

92 2540 192 2603 tionis
218 2537 329 2599 Christi
350 2556 417 2597 cum
440 2537 583 2604 Ecclesia,
598 2537 684 2596 unius
706 2557 772 2596 cum
794 2556 860 2607 una,
876 2538 972 2615 imago
992 2557 1052 2597 uon
1072 2540 1109 2596 sit
1128 2539 1264 2617 perfecta,
1279 2554 1308 2601 et

94 2639 219 2712 animus
243 2638 277 2697 ad
299 2636 475 2712 voluptatem
501 2653 608 2712 pronus
631 2635 775 2712 prodatur.
817 2636 897 2695 Hinc
918 2636 1116 2695 benedictione
1137 2639 1307 2700 solemniori

95 2754 170 2811 quae
187 2732 267 2792 datur
282 2733 312 2791 in
324 2732 418 2790 Missa
432 2749 484 2808 pro
495 2731 615 2809 Sponso
630 2743 658 2789 et
672 2732 795 2808 Sponsa,
812 2731 896 2790 vidua
908 2733 1008 2790 iterum
1024 2734 1135 2791 nubens
1151 2753 1209 2793 non
1224 2735 1309 2795 dona·

95 2843 157 2893 tur.
186 2829 282 2890 Graeoi
297 2828 424 2887 duriores
440 2846 504 2886 sese
515 2847 583 2904 erga
593 2829 695 2886 iterum
708 2830 844 2886 nubentes
857 2830 1056 2886 exhibuerunt.
1086 2829 1144 2887 Sed
1157 2831 1233 2904 quod
1243 2833 1312 2892 lice·
1329 2854 1333 2860 ’

96 2941 151 2990 ant
159 2929 270 2987 iterata
281 2925 386 3003 nuptiae
397 2923 472 3003 apud
483 2943 583 2982 omnes
591 2935 712 2992 constat,
720 2924 850 2997 quamvis
861 2925 988 2982 asaeculo
999 2926 1231 3000 decimoquartas
1240 2949 1311 3008 nup·

96 3029 156 3089 tias
168 3004 423 3089 habeantirritas.⁷
464 3023 535 3090 Qum
548 3042 564 3080 a
575 3023 702 3100 patribus
712 3021 858 3081 nonnullis
871 3023 981 3081 Graecis
994 3023 1081 3081 ineas
1096 3026 1223 3103 severius
1236 3028 1312 3087 dicta

96 3134 185 3193 sunt,
200 3120 329 3180 libidinis
343 3129 443 3177 aestum
458 3121 616 3196 praesertim
632 3119 788 3195 respiciunt
800 3138 808 3186 ;
825 3137 879 3176 ueo
891 3117 925 3176 ad
937 3120 1015 3196 ipsas
1026 3117 1200 3179 damnandas
1215 3135 1312 3182 contra

95 3221 243 3304 Apostoli
262 3229 291 3279 et
310 3218 451 3278 Ecclesiae
467 3220 671 3285 auctoritatem,
687 3217 794 3276 traduci
817 3228 947 3294 possunt.
991 3216 1069 3276 Hinc
1090 3218 1242 3296 Eugenius
1257 3221 1311 3282 lv.

101 3324 257 3383 Armsnos
272 3315 407 3384 edoccrm,
421 3312 509 3373 dicit:
534 3323 553 3351 ‘⁴
566 3313 753 3373 Declaramus
776 3334 833 3374 non
859 3315 953 3372 solum
980 3315 1132 3384 secundas,
1154 3316 1205 3374 sed
1227 3322 1311 3381 stiam

96 3421 216 3486 tertias,
230 3420 261 3473 et
274 3422 388 3486 quartas
410 3419 494 3485 atque
516 3399 676 3476 ulteriores,
691 3413 717 3471 si
741 3411 856 3487 aliquod
878 3413 1048 3471 canonicum
1070 3413 1309 3491 impedimentum

95 3536 163 3581 non
179 3515 288 3580 obstat,
304 3510 380 3570 licite
394 3509 523 3568 contrahi
539 3508 671 3586 posse.‘'⁸

242 3672 280 3731 (1)
298 3668 357 3718 Res.
370 3667 401 3718 ad
414 3665 491 3716 Coris.
504 3667 575 3730 Bulg.
588 3683 611 3718 c.
624 3668 662 3717 51.

243 3752 287 3825 (2)
301 3755 367 3806 l'idc
375 3754 440 3820 apud
453 3754 565 3805 Garriere
576 3755 606 3806 de
618 3756 678 3807 Mat.
690 3755 738 3806 vol.
752 3754 762 3804 l
777 3761 800 3820 p.
813 3753 847 3804 Π.
860 3758 875 3815 ς
888 3754 932 3805 Ill.
944 3771 966 3806 c.
980 3759 1002 3816 1,
1014 3770 1039 3820 p,
1052 3754 1107 3806 144.

244 3845 274 3910 (4
303 3843 376 3894 Rom.
387 3840 429 3890 vii.
438 3843 462 3889 3.

306 3933 317 3979 l
339 3929 397 3978 Cor.
410 3927 450 3977 rii.
463 3929 504 3977 39.

242 4193 287 4262 (8)
310 4185 426 4239 Deonad
440 4185 567 4236 Armenes.
