2812 5092
365 349 423 411 DE
444 348 676 413 contortum
696 346 1061 414 RESURRECTIONE.
1239 357 1296 415 281

116 513 136 541 “
147 505 343 586 Jobusspem,
356 528 441 583 quem
456 509 577 577 fovebat,
591 527 623 567 se
632 508 723 568 oculis
733 510 861 586 corporis
871 510 917 568 sui
931 510 1076 571 instaurati
1091 509 1289 589 adspecturum

112 620 177 663 esse
194 603 297 673 Deum,
313 606 405 664 verbis
432 604 596 663 clarissimis
611 603 764 664 declarat.”
788 646 796 663 .
819 647 827 665 .
850 647 858 664 .
881 648 889 664 .
914 616 934 643 “
946 607 1016 666 Non
1029 620 1073 667 eet
1093 627 1145 669 cur
1157 627 1296 693 negemus

109 699 217 759 bobum
232 719 314 778 spem
328 701 416 770 illam,
431 720 516 776 quam
538 702 662 781 simplex
676 703 826 762 verborum
848 721 964 763 suorum
980 722 1082 764 seusus
1103 705 1205 783 prodit,
1220 705 1295 784 apud

109 815 142 855 se
156 796 275 866 eluisse,
289 802 388 858 mortis
402 819 461 859 suae
475 818 609 859 somnum
623 818 681 859 non
695 811 833 861 aeternum
848 801 919 870 sore,
931 801 981 860 esd
996 803 1031 861 ab
1044 803 1109 880 ipso
1123 802 1187 863 Deo
1201 822 1233 863 se
1247 804 1295 865 ali·

108 895 223 969 quando
237 898 467 975 expergefactam
482 897 526 967 iri,
541 909 570 956 et
583 898 706 957 tutorum
721 916 795 965 esse,
807 909 839 957 ut
851 900 931 958 Deus
946 906 1058 959 mortuo'
1071 901 1128 978 ipsi
1142 901 1293 981 advigilare

107 1010 165 1050 uou
190 991 310 1064 desinat,
334 995 430 1073 ipsum
458 994 528 1055 olim
555 994 585 1055 iu
609 994 694 1053 vitam
717 1005 880 1055 revocatum
894 1004 926 1054 ut
946 996 1068 1056 amioum
1090 996 1181 1057 amice
1195 1016 1292 1077 recep·

107 1088 237 1148 turus.”¹
344 1110 352 1128 ·

145 1189 195 1245 86.
208 1185 293 1246 Hauc
301 1187 388 1247 fidem
398 1188 418 1247 J
420 1187 508 1247 odeis
517 1205 698 1247 communem
710 1187 809 1257 subse,
819 1187 983 1253 sadduceis
997 1189 1136 1268 exceptis,
1146 1208 1183 1250 ex
1197 1190 1292 1251 Evau-

106 1282 183 1361 gelio
196 1285 363 1363 colligitur?
377 1294 550 1363 quapropter
569 1270 606 1344 er
619 1285 754 1345 divinitus
775 1286 874 1345 tradita
894 1287 1064 1347 revelatione
1079 1307 1210 1348 manasse
1224 1307 1292 1349 oen·

105 1379 195 1438 sende
218 1391 271 1440 est.
312 1381 358 1440 De
382 1393 472 1440 morte
496 1382 598 1440 Lazari
621 1381 700 1441 ilenti
726 1382 846 1442 Martbae
868 1382 941 1442 dixit
961 1383 1113 1444 Christus:
1135 1392 1293 1463 “resurget

105 1473 189 1534 frater
201 1484 267 1535 tuos
277 1476 309 1544 ;''
330 1476 477 1555 respondit
490 1477 573 1556 ipsae
596 1485 615 1516 “
627 1478 696 1537 Soio
710 1479 777 1553 quia
790 1487 918 1557 resurget
931 1479 962 1538 in
982 1481 1185 1541 resurrectione
1200 1482 1230 1542 iu
1244 1500 1294 1542 uo·

105 1573 225 1632 vissimo
239 1573 333 1633 die.''⁸

144 1674 193 1730 87.
215 1672 371 1749 Apostolus
386 1671 493 1731 Paulus
508 1671 666 1745 clarissime
686 1673 921 1733 resurrectionem
936 1693 1086 1752 corporum
1109 1675 1243 1753 proponit
1262 1683 1292 1735 et

103 1764 230 1827 inculcat
242 1778 385 1842 umquam
400 1768 469 1827 iidei
482 1769 658 1846 precipuum
671 1768 814 1844 quoddam
828 1768 951 1848 dogma:
974 1779 995 1808 “
1005 1771 1145 1830 Siautem
1158 1769 1292 1829 Christos

104 1861 275 1941 praedicatur
289 1864 366 1938 quod
387 1866 540 1924 resurrexit
553 1884 570 1923 a
583 1866 712 1935 mortuis,
729 1866 874 1940 quomodo
895 1868 1011 1941 quidem
1031 1866 1128 1927 dicunt
1147 1868 1178 1926 iu
1198 1868 1291 1936 vobis,

102 1963 238 2036 quoniam
254 1963 423 2022 resurrectio
438 1972 614 2022 mortuorum
629 1983 686 2023 non
699 1965 765 2023 esti
786 1965 819 2023 Si
834 1973 928 2023 autem
939 1966 1106 2026 resurrectio
1118 1976 1292 2026 mortuorum

102 2078 161 2124 nou
176 2071 229 2129 eet,
243 2080 336 2135 neque
352 2061 486 2121 Christus
500 2062 686 2121 resurrexit.'’
710 2105 717 2120 .
740 2103 749 2122 .
773 2104 781 2122 .
804 2062 894 2121 “Sed
907 2061 982 2123 dicet
995 2063 1117 2138 aliquis:
1138 2063 1293 2131 Quomodo

102 2170 255 2238 resurgunt
264 2160 368 2219 mortui
377 2158 396 2217 t'
404 2160 516 2234 qualive
525 2179 644 2238 corpore
656 2161 791 2220 venienti
810 2160 964 2239 iusipiens,
974 2170 1003 2220 tu
1015 2161 1091 2237 quod
1100 2162 1225 2222 seminas
1234 2181 1292 2222 uon

102 2258 343 2339 vivificetur,uiei
365 2257 443 2336 prius
458 2259 603 2319 moriatur.
626 2300 634 2317 .
658 2300 666 2317 .
689 2301 697 2318 .
719 2259 768 2317 Sic
782 2259 992 2318 etreeurreetio
1011 2270 1198 2321 mortuorum.
1240 2261 1292 2319 Se·

103 2355 228 2415 minatur
240 2357 272 2414 iu
287 2355 479 2433 corruptione,
493 2356 633 2434 surget-in
648 2356 868 2435 incorruptione.
890 2356 1052 2419 Seminatur
1061 2358 1090 2416 iu
1105 2358 1290 2437 ignobilitate,

100 2464 200 2533 surget
212 2453 243 2512 iu
268 2453 378 2532 gloriar
400 2454 557 2513 seminatur
571 2432 782 2514 in‘lnfiunitate
804 2464 902 2531 surget
924 2455 954 2515 in
975 2456 1086 2527 virtius.
1129 2456 1292 2519 Seminatur

101 2570 207 2629 corpus
221 2549 353 2620 animale,
365 2560 462 2631 surget
473 2570 578 2629 corpus
592 2552 730 2629 spiritale.
752 2591 762 2610 .
784 2593 794 2611 .
815 2593 823 2610 .
846 2552 924 2613 Ecce
936 2553 1104 2631 mysterium
1116 2555 1199 2614 vobis
1210 2555 1292 2614 dieo:

100 2646 213 2708 Omuea
227 2646 343 2722 quidem
360 2665 552 2727 resurgemus,
567 2648 618 2707 sed
632 2667 690 2707 non
704 2666 804 2708 omues
819 2649 1043 2709 immutabimur.
1084 2650 1118 2710 lu
1135 2666 1292 2720 momento,

100 2748 133 2806 iu
147 2746 206 2806 ictu
221 2746 307 2814 oculi,
320 2747 518 2805 innovissimo
531 2746 631 2822 turba:
653 2746 822 2805 canetenim
835 2747 911 2813 tube,
922 2757 951 2805 et
961 2757 1109 2825 resurgent
1118 2749 1294 2828 incorrupti:

99 2855 130 2903 et
144 2862 197 2905 uos
212 2844 434 2903 immutabimur.
477 2843 599 2920 Oportet
613 2844 690 2902 enim
704 2843 886 2920 corruptibile
901 2842 956 2902 boc
974 2843 1093 2905 induere
1107 2846 1293 2926 incorruptio·

99 2958 186 3001 nem:
208 2954 237 2999 et
251 2940 366 2999 mortale
382 2939 437 2998 hoo
451 2937 568 2997 induere
584 2936 870 3009 immortalitatem0’'⁴
938 2932 943 2941 ’

143 3042 193 3097 88.
214 3035 366 3096 Probatur
386 3034 432 3095 ΙΙ.
446 3053 483 3095 ee
500 3033 637 3115 Symbola
652 3033 831 3113 Apostolioo,
847 3035 876 3092 in
897 3053 954 3108 quo
977 3033 1085 3095 Guruie
1107 3039 1291 3098 resurreetio·

99 3155 169 3197 uem
183 3138 360 3214 profitemur.
402 3134 451 3192 Sic
465 3135 550 3192 etiarn
565 3133 736 3210 Symbolum
753 3132 1121 3213 constantinopolitanum:
1143 3134 1291 3215 Expecto·

99 3253 170 3294 mur
184 3233 429 3293 resurrectionem
443 3238 639 3291 mortuorum.

140 3329 292 3390 Probatur
305 3328 367 3389 111.
383 3347 419 3389 ere
432 3328 564 3389 Petrum
578 3328 768 3390 testimoniis.

141 3429 191 3485 89.
212 3426 245 3485 S.
260 3426 278 3485 J
281 3444 405 3485 carmos
418 3425 453 3484 de
466 3425 583 3485 Christo
597 3424 686 3484 dicit:
709 3434 728 3462 “
742 3424 895 3504 Duplicem
907 3426 1048 3500 siquidem
1060 3427 1125 3506 ejm
1136 3428 1301 3489 adventum-

100 3535 129 3583 et
144 3523 321 3600 presentiam
337 3523 559 3601 praenuntiarunt
572 3523 670 3582 Sancti
683 3521 793 3583 Vates:
817 3542 902 3582 uuam
917 3523 1032 3599 quidem
1049 3525 1111 3602 jam
1128 3525 1287 3587 exhibitam

96 3632 130 3679 ut
143 3619 270 3698 despecti
284 3628 313 3678 et
328 3621 506 3696 passionibus
528 3619 649 3696 subiecti
668 3618 814 3695 hominis:
837 3620 991 3680 secundem
1006 3631 1111 3691 autem,
1132 3624 1246 3699 quando
1266 3644 1282 3684 e

96 3717 179 3778 coelie
193 3735 259 3783 cum
273 3716 364 3793 gloria
375 3727 404 3774 et
418 3716 558 3794 Angelica
570 3716 670 3775 militia
683 3734 736 3775 aua
750 3715 892 3785 adveniet,
905 3717 1068 3801 aderitque;
1082 3739 1147 3780 cum
1155 3721 1287 3803 omnium

98 3816 198 3884 etiam,
213 3816 262 3889 qui
277 3833 403 3888 unquam
423 3815 551 3882 extitere,
567 3814 728 3874 mortalium
749 3832 869 3893 corpore
893 3817 1059 3886 suscitabit;
1078 3828 1162 3894 atque
1182 3818 1283 3896 dignos

99 3911 219 3988 quidem
241 3911 338 3970 induet
352 3922 449 3970 natura
469 3911 710 3988 corruptibilitatis
731 3913 871 3971 universe
892 3926 1030 3992 experte:
1051 3915 1174 3994 injustos
1194 3927 1286 3977 autem

98 4015 130 4072 in
145 4019 283 4090 perpetuo
298 4029 395 4077 seusu,
411 4029 545 4069 unacum
560 4009 642 4070 malis
656 4011 760 4088 gentis,
776 4011 914 4090 inignem
929 4011 1022 4079 mittet
1034 4013 1287 4092 sempiternum.'’⁵

139 4112 189 4168 90.
210 4110 435 4168 amasaeorum
448 4107 552 4168 librom
566 4105 604 4166 de
625 4105 835 4167 resurreetione
853 4114 1040 4179 mortubrum
1061 4109 1186 4189 scripsit,
1199 4119 1228 4171 et
1248 4129 1286 4174 ex

530 4319 572 4388 (t)
591 4319 720 4370 inlocum.
821 4390 824 4394 Δ

530 4406 785 4475 (t)Mstt.xxr128.

530 4495 570 4561 (e)
588 4494 759 4545 tuamet.

527 4581 570 4647 (4)
589 4580 610 4630 1.
621 4579 679 4631 Gor.
689 4596 731 4632 xv.
745 4579 783 4631 ta
793 4582 833 4631 db.

528 4667 572 4734 (b)
590 4667 662 4734 Apol.
673 4669 700 4717 2.
744 4682 746 4687 ·

656 4754 723 4812 at*
