2798 5092
605 354 830 418 APPENDIX.
1256 360 1313 420 001

113 510 243 570 baculum
256 521 287 570 et
295 513 431 573 annulum
442 512 586 573 Hearicus
595 512 649 574 tv.
660 515 814 594 imperator
826 517 856 575 in
867 534 903 576 ec
914 518 1037 577 concilio
1049 517 1170 586 dimisit,
1181 537 1269 592 quarn
1284 519 1315 579 hi

117 609 274 686 spiritualia
290 612 440 688 potestatis
454 612 511 671 sint
528 612 632 671 indicia
643 633 652 689 Ι;
668 616 784 673 retinuit
799 627 892 674 tamen
907 625 1076 694 potestatem
1088 617 1196 675 fructus
1212 619 1316 676 benefi-

120 707 229 767 ciorum
245 710 422 778 conserendi,
437 728 488 788 per
501 711 606 789 sceptri
620 723 792 774 contactum.
835 713 880 773 De
904 713 981 774 bello
1003 733 1083 772 sacro
1098 734 1150 793 pro
1164 715 1317 775 Palaestina

116 807 309 884 recuperanda
334 809 420 868 etiam
446 821 539 868 actum
563 819 627 878 ectr
650 812 772 871 concilia
792 812 869 872 enim
891 831 1108 886 nonnumquam
1131 815 1315 874 comitiorum

116 905 292 982 Reipublicae
305 906 477 967 Christiane
491 908 641 977 universe,
652 909 683 967 in
692 910 892 969 communibus
902 912 1031 970 omnium
1044 911 1314 988 negotiis,speciem

74 1018 79 1024 ·
116 1005 262 1082 gerebant.

156 1099 333 1163 Coucmrurr
347 1102 386 1161 X.
402 1102 631 1170 OEcnunurcmr,
647 1101 870 1162 Larnnartnner
886 1103 937 1173 11,
959 1124 1038 1164 anno
1064 1109 1151 1173 1139,
1172 1106 1207 1163 ab
1231 1104 1317 1164 Inno-

117 1197 212 1255 centio
226 1196 266 1257 11.
280 1208 474 1256 *convocatum
489 1209 543 1257 est.
585 1197 618 1256 ln
633 1216 669 1256 en
690 1199 813 1257 haereses
835 1200 912 1258 Petri
925 1199 960 1259 de
981 1200 1078 1269 Bruis,
1092 1212 1121 1258 at
1142 1201 1257 1258 Arnaldi
1281 1199 1316 1258 de

119 1293 221 1352 Brixia
242 1293 380 1354 damnate
406 1308 489 1364 rnnt;
511 1305 540 1354 et
561 1296 714 1373 Antipapae
736 1295 813 1354 Petri
828 1296 948 1367 Leonis,
970 1299 1019 1371 qui
1040 1299 1207 1357 Anaeletum
1230 1297 1268 1357 11.
1284 1316 1316 1356 se

120 1391 297 1470 designabat,
310 1393 432 1452 rescissa
445 1405 512 1452 sunt
526 1404 597 1453 aeta.
838 1406 841 1411 '

158 1488 333 1549 Concrnrurr
359 1491 415 1550 Xl.
445 1490 673 1559 OEcuunnrcnrr,
702 1490 926 1549 Irarsnausrrsn
951 1488 1017 1559 111,
1040 1491 1087 1550 cui
1114 1490 1229 1549 adsuere
1257 1493 1317 1549 300

114 1585 262 1662 episcopi,
278 1586 313 1644 ab
328 1585 491 1645 alexandro
506 1587 559 1646 Ill.
576 1597 704 1645 coactum
720 1597 763 1644 est
774 1605 849 1644 anno
867 1590 952 1646 1179.
995 1588 1145 1664 Antipapaa
1155 1587 1315 1656 Octaviani,

120 1682 169 1755 qui
183 1694 213 1740 et
225 1682 326 1742 Victor
340 1683 393 1742 lv.
408 1683 613 1760 appellabatur,
628 1694 689 1755 acta
704 1684 781 1741 irrita
796 1683 935 1741 declarata
949 1695 1034 1751 sunt;
1057 1696 1085 1741 et
1098 1685 1221 1742 hereses
1240 1684 1316 1742 Wal-

119 1779 262 1846 densinm‚
277 1780 327 1853 qui
342 1778 493 1858 Pnuparea
514 1780 548 1839 dc
562 1777 717 1859 Lugduni>
730 1781 912 1848 vocabantur,
928 1785 956 1838 et
971 1780 1169 1856 Albigensium
1185 1781 1317 1839 alioruin·

122 1896 177 1952 que
204 1877 430 1937 Manichaeorum
453 1889 521 1936 sunt
541 1877 690 1936 damnatae.
732 1877 776 1937 Ad
798 1877 925 1936 schisma
946 1877 974 1935 in
997 1889 1141 1954 posterum
1157 1878 1313 1946 vitandum,

120 1985 255 2035 statatum
270 1986 315 2034 ast
328 1975 398 2034 duas
412 1994 450 2034 ex
465 1978 553 2034 tribus
569 1975 763 2034 cardinalium
779 1988 872 2054 partes¹
885 1975 990 2048 requiri
1006 1974 1040 2033 ad
1054 1975 1222 2033 electionem
1241 1977 1315 2035 Pon·

118 2073 214 2131 tifiois.
845 2082 847 2089 “

156 2167 332 2226 Goucmrurr
346 2167 415 2228 Xll.
438 2166 669 2236 OEcurrnuroum
694 2165 921 2228 ernnausrrsn
941 2167 994 2227 tv.
1010 2168 1044 2226 ab
1065 2167 1233 2227 Innocentio
1248 2168 1314 2238 llla,

113 2285 195 2326 anno
211 2272 299 2337 1210,
313 2280 499 2329 convocatum
515 2280 567 2335 est,
583 2271 666 2342 eique
681 2266 831 2327 arlluernnt
845 2268 974 2344 episcopi
996 2272 1065 2333 412,
1082 2267 1157 2325 inter
1176 2286 1248 2341 qnos
1265 2286 1315 2326 sx-

121 2363 239 2421 titerunt
259 2364 294 2422 de
315 2365 468 2441 precipuis
490 2365 656 2441 patriarchis
682 2364 749 2431 duo,
773 2364 905 2422 videlicet
927 2363 1261 2440 Constantinopolitanae
1287 2376 1316 2422 et

116 2458 397 2536 lerosolymitanus:
423 2461 617 2518 antiochenus
643 2458 763 2518 narbet
787 2459 999 2519 Alexandrinus
1022 2460 1161 2518 miserunt
1176 2459 1315 2517 Procura-

121 2570 206 2615 tores.
248 2555 336 2615 Liber
358 2558 475 2616 Abbatis
496 2554 629 2615 Joachim
652 2557 680 2614 in
695 2577 731 2616 eo
745 2557 896 2615 damnatus
910 2570 963 2626 eat,
979 2557 1053 2615 sicut
1067 2567 1096 2614 et
1110 2556 1198 2632 impia
1213 2556 1316 2633 placita

106 2652 252 2711 Almerici
273 2651 309 2710 de
333 2653 422 2712 liena.
444 2642 446 2649 ’
475 2652 534 2712 Pro
556 2652 748 2730 recuperanda
770 2653 931 2720 Palaestimt,
953 2665 981 2711 et
1006 2653 1204 2729 Albigensium
1231 2651 1315 2710 eorde

106 2749 237 2808 delenda
259 2750 342 2827 plura
362 2762 465 2808 statuta
485 2763 562 2815 sunt,
578 2768 699 2822 quorum
710 2738 852 2806 nonnulla
866 2749 1045 2806 comitiorum
1060 2748 1187 2805 civilium
1203 2747 1316 2805 decreta

110 2847 254 2924 sapiuntt
277 2865 340 2920 quta
354 2847 473 2924 proinde
486 2866 522 2904 ex
534 2865 676 2904 consensu
692 2832 891 2922 supremorum
907 2845 1080 2922 principum,
1096 2846 1144 2917 qui
1161 2863 1214 2920 per
1226 2843 1315 2921 Lega-

111 2957 161 3002 tos
176 2943 336 3012 adfuerunt,
352 2946 408 3002 lata
422 2953 583 3003 censentur.
887 2960 890 2965 ’
1122 3018 1125 3023 ¹

157 3039 331 3099 Oouormurr
352 3041 435 3099 Xlll.
458 3038 691 3109 OEcunrnurenrr,
718 3040 922 3098 lrnsnuunusn
953 3037 989 3103 1.,
1017 3037 1141 3096 habiturn
1169 3051 1213 3096 est
1236 3056 1314 3096 anno

122 3142 208 3200 1245.
224 3139 260 3196 ab
275 3137 442 3196 Innocentio
457 3139 523 3206 lv,
537 3151 568 3196 ut
591 3138 728 3197 Frirlerici
751 3137 790 3195 11.
806 3135 985 3212 imperatoris
1006 3154 1092 3193 causa
1116 3134 1313 3200 discuteretur,
1383 3194 1386 3203 ,

114 3247 148 3294 et
162 3236 284 3295 consilia
300 3256 350 3312 pro
361 3236 722 3312 Palaeatinaerecnperanda
733 3234 940 3292 adhiberentur.
983 3231 1239 3309 Adsueruntplures
1255 3251 1313 3289 car·
1381 3228 1383 3232 ⁴

112 3334 241 3400 dinales,
257 3345 313 3392 tres
329 3334 504 3411 patriarchae,
522 3339 577 3392 140
597 3335 737 3411 episcopi,
760 3345 789 3390 et
804 3332 961 3390 Balduinus
976 3329 1312 3406 constantinopolitanus
1368 3400 1371 3417 Ι

106 3431 283 3508 imperator,
299 3451 363 3489 cunr
379 3431 537 3488 oratoribus
558 3432 758 3507 plerorumque
774 3423 945 3505 principum.
987 3427 1136 3504 Tyrannis
1149 3424 1314 3500 sceleraque
1364 3442 1370 3466 ··

99 3530 220 3590 ‹rnruia
240 3528 378 3586 Friderici
393 3544 487 3586 corant
511 3530 635 3605 patribus
656 3528 788 3605 exposita
808 3538 893 3593 sumt
915 3526 1047 3602 ipseque,
1070 3536 1211 3601 presente
1233 3544 1315 3583 sacro

100 3627 252 3694 (concilio,
268 3627 546 3685 SummiPontiticis
561 3627 682 3684 aelemni
698 3625 810 3683 decreto
830 3623 904 3680 solio
925 3620 1053 3700 dejectus
1070 3633 1125 3690 est,
1144 3623 1228 3698 juxta
1239 3623 1315 3681 illius

100 3724 256 3802 temporis
271 3735 385 3800 recepta
399 3723 539 3800 principia
552 3736 581 3780 at
591 3724 641 3800 jus
656 3724 812 3800 publicum.
872 3728 875 3733 '

159 3822 334 3881 Concurrun-
344 3818 426 3879 XIV.
443 3817 1032 3888 OEcanaaraua,Lacaenanaa11.,ann0
1050 3821 1163 3885 lma
1178 3818 1317 3895 Gregorio

95 3912 157 3977 Ji.
183 3931 386 3996 congregatum
412 3931 465 3977 est.
507 3919 667 3978 Adluerunt
692 3920 767 3978 mille
784 3928 888 3994 patres,
909 3916 1068 3989 interquos
1088 3914 1245 3973 cardinales
1270 3919 1315 3980 15,

94 4019 281 4087 patnarctra
291 4017 358 4085 duo,
375 4017 707 4095 constantinopolitanus
717 4018 826 4076 scilicet
837 4030 865 4074 et
878 4015 1086 4081 Antiochenus,
1102 4013 1316 4090 archiepiscopi

96 4110 168 4182 ⁸7⁰,
195 4115 326 4191 episcopi
356 4118 423 4173 000.
457 4116 498 4174 'ln
525 4134 562 4172 eo
590 4116 686 4173 Graeci
722 4114 831 4172 Latinis
868 4120 1084 4178 consenserunt,
1114 4108 1317 4168 definientibus
1367 4146 1371 4157 ·

100 4208 258 4289 Spiritum
275 4213 415 4272 Sanctum
429 4232 467 4272 cx
482 4215 565 4273 Patre
580 4214 724 4287 Filioque,
746 4224 890 4286 tamquam
912 4228 949 4268 err
971 4228 1029 4268 uno
1051 4208 1202 4286 principio,
1219 4227 1318 4284 proce·

107 4307 198 4372 dare.

161 4406 333 4469 Concurrit
367 4408 436 4468 XV.
463 4409 693 4474 OEcuunnrccu,
717 4407 850 4466 Virunum
879 4406 908 4464 in
939 4405 1054 4470 Galliis,
1080 4420 1155 4462 anno
1183 4407 1272 4474 1311,
1304 4427 1321 4464 a

69 4554 77 4562 .
105 4495 272 4575 Clemente
299 4506 336 4564 V.
365 4520 552 4566 convocatum
574 4520 627 4565 est.
670 4504 828 4564 Arlfnerunt
854 4522 919 4562 cum
941 4502 1078 4580 pontifice
1108 4502 1232 4578 preside
1263 4505 1321 4563 duo

108 4600 295 4670 pontana,
317 4601 529 4661 Alexandrinus
553 4613 583 4661 et
598 4603 806 4669 Antioclrcnus,
822 4611 850 4659 et
873 4600 1006 4677 episcopi
1028 4603 1097 4656 ³00.
1141 4598 1321 4677 Templario·

105 4700 182 4761 “tm
209 4698 291 4769 ordo,
317 4700 367 4773 qui
395 4700 477 4760 annis
500 4703 557 4759 184
578 4700 720 4770 floruerat,
744 4701 781 4760 ob
802 4700 937 4768 crimina,
958 4716 1082 4773 quorum
1106 4699 1319 4767 accusabantur,

156 4791 235 4857 Vor..
251 4796 381 4856 tv.-sr
1370 4793 1373 4797 ’
