2812 5092
910 190 919 227 l

422 348 970 428 numerorunsurnurorrs.
1224 362 1284 430 ιιι

98 532 127 582 et
140 523 297 597 iniquitatis
309 525 434 594 vulnera,
450 525 556 602 accipit?
565 524 724 584 sanitatem.
767 524 851 583 Unde
871 525 1007 603 scriplum
1021 536 1066 585 est
1079 524 1208 607 (Psalmo
1229 529 1282 606 31)

99 621 213 682 ‘Multo
227 622 338 700 flagella
352 624 508 701 peccatorio
521 623 542 681 ι’
565 634 593 682 et
613 643 670 683 non
694 608 822 683 interitus
850 624 1061 701 sempiternus:
1082 636 1111 683 et
1123 640 1174 703 per
1188 627 1284 685 omnis

98 719 773 799 flagellatiquecruciatusemendeturlsrael.”¹
802 722 1285 802 “Peccatorumatqueimpiorum,

98 829 128 876 et
142 831 237 876 tamen
251 818 490 889 Christianorum,
506 838 629 894 quorum
643 838 729 897 opera
743 820 774 877 in
793 818 859 897 igne
873 818 1019 896 probanda
1032 830 1107 888 sunt,
1120 832 1203 895 atque
1218 841 1283 900 pur·

99 915 202 995 ganda,
217 916 389 981 moderatam
410 917 586 988 arbitramur,
602 927 630 975 et
644 917 762 977 mixtam
782 917 933 976 clementia
952 919 1120 978 sententiam
1130 918 1287 998 judicis.”⁹

101 1012 174 1072 Haec
198 1014 404 1090 suppliciorum
432 1023 566 1074 eternam
587 1013 765 1073 durationem
790 1033 847 1073 non
868 1012 1033 1084 excludunt,
1054 1014 1105 1074 sed
1126 1014 1288 1075 christianis

100 1110 237 1188 plurimas
252 1113 374 1172 rationes
389 1111 529 1191 purgandi
542 1111 643 1171 delicta
658 1112 752 1171 sDeo
767 1111 886 1188 proeberi
901 1111 1032 1181 innuunt,
1046 1131 1100 1173 nec
1112 1124 1198 1173 totam
1218 1114 1288 1172 irro-
1335 1166 1344 1191 ,

98 1208 160 1285 gari
173 1225 287 1285 poenem
302 1227 386 1283 quam
402 1220 553 1277 merentur,
574 1209 658 1286 juxte
673 1208 791 1286 justitias
822 1209 954 1286 rigorem.
995 1210 1126 1269 Profecti
1141 1209 1286 1288 Hierony·

101 1322 167 1363 mus
182 1305 251 1363 alias
266 1304 351 1364 dicit:
371 1306 535 1365 “Sciamus
557 1314 721 1383 peccatores
741 1306 771 1364 in
793 1305 953 1384 Evangelio
967 1307 1040 1365 mitti
1055 1307 1083 1364 in
1098 1308 1195 1385 ignem
1211 1319 1288 1366 eter-

99 1418 181 1468 num,
196 1403 246 1475 qui
260 1414 432 1479 preparatus
446 1402 484 1460 sit
505 1401 618 1462 diabolo
640 1412 669 1462 et
695 1402 804 1479 angelis
817 1402 891 1479 ejus,
905 1412 935 1460 ot
958 1401 993 1460 de
1009 1402 1053 1461 his
1069 1402 1146 1461 dici:
1168 1402 1286 1463 Vermis

98 1515 198 1557 eorum
212 1516 270 1558 non
285 1501 429 1568 morietur,
444 1510 472 1558 et
486 1500 560 1577 ignis
574 1518 672 1558 eorurn
688 1518 745 1558 non
765 1497 994 1578 extinguetur.”⁸
1033 1499 1095 1560 “ln
1108 1519 1144 1560 eo
1158 1512 1290 1578 peccator

100 1595 268 1655 maledictus
283 1599 347 1666 erit,
364 1595 450 1671 quod,
463 1598 626 1674 incorrupto
641 1615 770 1674 corpore,
781 1615 879 1674 poenas
895 1598 1014 1675 patiatur
1028 1599 1196 1658 eternas.”⁴

140 1699 190 1752 78.
215 1692 282 1772 ooj.
297 1699 327 1754 7.
349 1694 460 1772 Pugnat
474 1713 538 1753 cnm
554 1692 608 1752 Dei
629 1694 769 1753 attributis
791 1694 996 1772 suppliciorum
1011 1696 1162 1755 eternitas.
1204 1696 1287 1755 Deus

100 1810 213 1851 summe
243 1794 334 1852 bonus
365 1800 506 1852 creaturas
539 1792 637 1851 felices
668 1810 733 1850 esse
767 1794 928 1851 necessario
963 1806 1063 1871 optat:
1099 1802 1218 1853 summe·
1248 1814 1292 1853 sa·

106 1892 190 1968 piens
214 1891 343 1950 adhibuit
376 1890 502 1949 subsidio
523 1890 627 1964 quibus
659 1900 736 1948 tanta
759 1890 878 1948 felicitas
901 1891 959 1949 illis
980 1904 1058 1950 certo
1088 1902 1291 1970 comparetur:
1386 1948 1393 1963 „

103 2006 221 2048 summe
241 1999 342 2066 potens
362 1989 460 2085 pmnia
475 1987 579 2065 procul·
592 2004 657 2045 esse
668 1987 764 2064 iussit,
786 1987 890 2060 quibus
903 1987 1031 2045 benefica
1043 1988 1106 2064 ejus
1120 1989 1241 2047 consilia
1264 1990 1295 2048 in

103 2086 214 2144 irritum
231 2086 419 2143 mitterentur.
459 2084 613 2152 Quomodo
632 2094 729 2160 posset
741 2082 864 2142 condere
878 2094 1032 2143 creaturam
1047 2094 1158 2142 aeterne
1172 2084 1295 2143 miseriae

102 2186 281 2245 obnoxiam?
323 2183 475 2252 Quomodo
498 2194 595 2262 posset
615 2185 702 2242 uitam
727 2183 859 2250 tribuere,
874 2201 937 2256 quae
959 2202 1046 2261 parvo
1068 2197 1190 2262 excepto
1210 2187 1297 2243 inter·

102 2283 189 2351 uallo,
204 2283 272 2341 dum
287 2283 318 2341 iu
329 2283 410 2340 terris
425 2282 489 2356 quis
504 2291 641 2350 uersatur,
654 2299 768 2339 summo
781 2280 853 2339 foret
867 2281 898 2338 in
912 2299 1003 2340 nevum
1018 2282 1155 2340 cruciatui
1166 2283 1192 2339 2⁵

143 2378 234 2458 Resp.
249 2380 368 2438 Bonitas
383 2379 494 2438 infinita
516 2378 571 2437 Dei
586 2379 615 2436 in
636 2379 694 2435 vita
708 2377 852 2455 largienda
866 2387 1023 2447 exercetur,
1038 2380 1112 2437 sicut
1125 2388 1153 2436 et
1167 2381 1196 2438 in
1211 2379 1298 2438 tribu·

102 2477 186 2538 endis
195 2471 330 2536 subsidiis
340 2477 444 2551 quibus
458 2478 524 2551 quis
537 2475 605 2534 felix
614 2473 734 2534 evadere
749 2476 850 2553 possit.
886 2476 1032 2554 Sapientia
1043 2475 1140 2535 diviua
1151 2477 1181 2536 in
1195 2479 1231 2536 iis
1247 2478 1307 2536 eli·-

103 2576 206 2656 gsndis
219 2595 281 2650 quae
297 2585 372 2634 tanto
385 2576 436 2634 fini
451 2577 620 2634 conveniant
628 2573 788 2632 ostenditur
802 2593 810 2631 ι
832 2576 957 2651 potentie
970 2575 1055 2634 etiem
1071 2576 1101 2634 in
1114 2577 1297 2636 iisanroren·

104 2677 149 2736 dis
156 2677 286 2736 obicibus
301 2695 376 2750 quos
390 2674 507 2733 adversa
518 2674 664 2748 aliquavis
675 2672 803 2750 objiciat.
827 2674 970 2732 Oaeterum
986 2674 1046 2733 hoec
1060 2694 1120 2734 non
1134 2677 1255 2753 exigunt
1268 2686 1300 2735 ut

105 2786 232 2834 creature
243 2773 387 2832 rationalis
401 2772 528 2832 libertate
543 2781 645 2836 careat,
662 2787 724 2841 qure
740 2769 838 2844 procul
863 2769 949 2828 dubio
971 2770 1084 2847 insigne
1105 2783 1148 2829 est
1169 2771 1299 2840 donum;

105 2873 152 2933 vel
165 2884 196 2931 ut
209 2871 272 2946 ejus
286 2870 393 2929 abusus
407 2867 616 2945 copiosissimis
631 2883 747 2943 prorsus
762 2864 898 2925 subsidiis
912 2864 1017 2925 divinis
1032 2866 1210 2945 impediatur.
1232 2869 1300 2949 Ipsa

106 2966 300 3034 Dei-libertas,
314 2984 380 3040 quta
404 2982 516 3022 summa
539 2973 569 3020 et
590 2964 752 3020 necessaria
766 2961 901 3038 perfectio
921 2972 975 3030 est,
990 2964 1080 3040 exigit
1096 2975 1126 3023 ut
1141 2965 1235 3042 possit
1249 2985 1300 3044 pro

106 3068 225 3126 arbitrio·
234 3084 288 3123 suo
302 3064 376 3123 dona
392 3052 498 3142 majora
513 3062 562 3120 vel·
572 3062 682 3120 minora
696 3061 839 3118 tribuere:
861 3078 994 3137 suprema
1008 3063 1071 3139 eJus
1086 3064 1220 3140 majestas
1235 3082 1301 3141 pos·

107 3166 177 3224 tolat
189 3183 206 3222 a
220 3162 487 3222 creatura-rationali
499 3170 530 3219 et
542 3161 631 3219 libers
645 3159 814 3233 obsequium
827 3178 834 3227 ;
856 3170 886 3217 et
893 3160 1014 3236 justitia,
1027 3178 1090 3233 que
1105 3160 1155 3229 illi,
1176 3172 1258 3235 aeque
1268 3181 1301 3221 ac

108 3276 217 3322 cetere
232 3260 432 3339 perfectiones,
444 3260 587 3326 conuenit,
599 3257 733 3335 'injuriam
747 3256 851 3315 illatam
867 3256 1039 3334 puniendum
1054 3257 1186 3317 ostendit.
1223 3257 1302 3319 Gon·

108 3358 204 3418 dendo
212 3368 367 3416 creaturam
377 3354 643 3415 eterne-felicitatis
656 3371 841 3431 capacem-se
852 3354 957 3412 bonurn
971 3354 1187 3428 beneficumque
1202 3357 1303 3433 probat
1401 3351 1404 3358 ’

109 3457 192 3517 Deus
204 3475 213 3514 ι
234 3455 311 3530 qnod
324 3469 418 3519 autern
433 3464 545 3511 etenum
558 3452 681 3511 miseriae
695 3453 733 3509 sit
747 3452 880 3520 obnoxia,
892 3470 930 3510 ex
942 3452 1003 3529 ejus
1014 3452 1140 3511 libertate
1154 3454 1310 3531 contingit.-

108 3554 192 3615 nullo
214 3572 280 3612 cnm
304 3551 407 3610 divine
432 3550 565 3609 bonitatis
587 3549 775 3616 detriment03
798 3567 850 3606 nec
871 3549 947 3608 enim
969 3549 1063 3624 aliqua
1083 3552 1250 3610 necessitate
1272 3552 1302 3610 in

108 3665 218 3713 tantum
235 3652 341 3711 malum
364 3651 492 3708 incurrit.
535 3649 601 3707 Vita
624 3659 669 3705 est
692 3647 858 3724 preclarum
880 3646 997 3718 donum,
1020 3647 1095 3720 quod
1116 3666 1152 3707 en
1173 3649 1312 3708 facultate·

109 3747 287 3826 adipiscendi
301 3746 462 3805 felicitatem
479 3746 644 3822 perpetuam
656 3742 736 3801 valde
751 3753 878 3820 angetur.
899 3742 933 3802 Si
943 3743 1029 3821 igitur
1040 3745 1185 3822 perbreve
1197 3758 1302 3806 tautum

110 3847 290 3907 intervallum
306 3845 370 3918 quis
383 3844 452 3902 felix
465 3843 512 3910 sit,
527 3841 845 3900 eluiem-tribuendum.

151 3947 202 4004 79.
226 3941 293 4022 Obj.
308 3947 339 4001 8.
361 3943 450 4001 Poena
472 3939 566 3999 omnis
590 3940 668 4016 iuste
690 3937 810 4015 irrogata
830 3936 865 3995 ad
892 3942 1096 3999 correctionem
1122 3943 1314 4018 peccantium·

110 4043 196 4118 dirigi
207 4040 312 4099 debet:
334 4039 401 4097 alias
416 4037 488 4096 foret
507 4033 641 4104 vindicta,
656 4052 721 4108 quos
741 4050 855 4092 summo
875 4043 904 4092 et
925 4037 1035 4112 optimo
1049 4037 1112 4096 Deo
1129 4037 1312 4129 indignant..

110 4139 180 4198 Jarn
204 4136 270 4194 verd
292 4133 425 4193 correctis
448 4132 655 4211 peccatoribus,
677 4130 784 4188 tollitur
803 4130 899 4188 omnis
919 4149 1005 4190 cause
1018 4150 1119 4209 penas
1133 4134 1306 4210 irrogandis

111 4239 201 4316 igitur
214 4237 258 4295 ltae
275 4235 406 4294 desinant
418 4249 537 4291 necesse
551 4242 604 4289 est.

447 4379 488 4446 (l)
508 4377 537 4427 L.
545 4377 561 4429 i.
573 4375 630 4426 dial.
644 4374 697 4425 adv.
712 4348 795 4438 Peleg.

448 4467 490 4529 (2)
511 4464 541 4513 ln
552 4464 619 4513 culce
631 4460 720 4511 Oomm
739 4461 880 4512 inlotam.

512 4550 609 4600 Oomnn
621 4549 648 4598 in
660 4566 681 4599 c.
693 4549 727 4600 iii.
738 4548 818 4599 Jonas.

464 4554 479 4598 3

462 4552 492 4700 43
509 4635 605 4697 Comm.
615 4633 649 4687 sd
659 4652 681 4686 c.
691 4635 739 4689 lxv.
750 4635 818 4687 isaie
829 4650 852 4685 v.
864 4637 905 4685 20.

462 4727 491 4792 ὓ)
511 4724 641 4776 Unilarian
653 4724 806 4788 Miscellsny,
817 4722 863 4773 vol.
877 4722 908 4773 vi.
920 4737 943 4788 p.
957 4725 1012 4771 116.
