2798 5092
575 339 804 402 arrunnrx.
1227 338 1288 401 aro
1377 298 1396 336 ‘³

98 494 184 559 Hune
198 498 234 558 sb
248 498 304 558 alie
318 497 549 578 distinguendum
564 499 599 557 P.
615 499 657 559 Le
671 498 779 559 031373
797 500 826 558 13
849 497 999 557 annalibus
1021 497 1196 558 Francorum
1218 516 1286 558 cou-
1386 488 1393 502 ⁸

84 585 87 595 '
101 595 202 666 tendit,
215 616 302 672 quam
317 599 487 658 sententiam
500 597 679 676 amplectitur
692 598 727 657 P.
743 597 878 656 Perrone.

134 696 185 755 93.
209 695 389 755 Summanus
404 696 443 755 ll.
458 697 565 755 electus
580 705 634 765 est,
649 694 702 754 sed
716 704 737 732 ‘⁶
749 696 831 756 tertio
846 694 892 754 dic
915 694 1010 754 subito
1030 695 1182 763 obmutuit,
1196 706 1225 755 et
1242 711 1287 754 se·
1387 678 1397 699 ²

98 792 196 866 quenti
211 792 258 852 die
272 794 422 854 defunctus
437 795 513 855 est.'’

134 895 185 950 94.
208 892 389 953 8333333333
412 893 551 954 111326
575 894 676 954 Μ33711
688 900 748 956 752
770 893 860 953 3174
882 895 989 972 Aprilis
1010 899 1069 955 757
1090 895 1288 972 pontificatum

93 989 194 1049 omnir.
236 988 273 1049 In
284 988 399 1050 (1311133
413 1009 445 1049 se
459 990 579 1050 contulit
599 1001 747 1069 rogaturus
773 992 942 1069 Pippiuum,
958 1002 989 1050 ut
1012 990 1218 1069 Longobardos
1239 990 1290 1066 qui

95 1085 226 1144 civitates
250 1087 391 1148 Romenae
413 1088 553 1148 Ecclesiae
574 1102 778 1166 usurpaverant
798 1089 985 1165 reprimeret:
1007 1107 1064 1162 qua
1077 1107 1114 1146 ex
1139 1089 1290 1147 occasione
1392 1124 1397 1149 r

93 1180 254 1258 Pippiuum
268 1198 363 1260 regem
379 1185 502 1243 inunxit.
542 1184 659 1243 Litteris
681 1183 816 1262 deinceps
838 1185 1001 1262 imploravit
1015 1202 1112 1260 opem,
1127 1203 1193 1242 cum
1209 1186 1290 1242 Aris·

94 1276 214 1355 tulphus
229 1297 281 1338 rex
295 1278 549 1357 Longobardorum
570 1280 693 1340 Romam
717 1280 896 1340 obsedisset:
919 1281 1084 1339 “Sanctam
1108 1280 1163 1338 Dei
1188 1280 1291 1339 Eccle·
1378 1310 1389 1321 ν

52 1417 55 1421 .
95 1377 169 1435 siam
184 1388 213 1435 et
226 1390 354 1437 nostrum
370 1378 565 1438 Romanorum
586 1379 750 1457 reipublice
771 1379 909 1457 populum
923 1380 1120 1438 commisimus
1143 1390 1292 1457 protegen·

93 1471 196 1532 dum.”
217 1473 301 1532 Votis
316 1473 464 1552 respondit
477 1475 667 1553 Pippiuus‚et
681 1475 716 1534 de
731 1474 928 1553 Longobardis
941 1476 1030 1535 victor
1044 1475 1144 1554 viginti
1158 1475 1290 1535 civitates

98 1569 248 1649 Stephano
262 1569 384 1630 tradidit.
421 1571 572 1632 Desiderio
586 1572 654 1630 favit
668 1581 699 1630 ut
713 1572 880 1649 Aristulpho
894 1571 1027 1631 defuncto
1040 1571 1214 1641 succederet,
1226 1591 1291 1650 pro·

93 1669 234 1728 missione
257 1671 336 1746 prius
359 1681 475 1747 accepta
498 1669 685 1729 restituendus
707 1670 791 1729 urbes
814 1688 884 1742 quas
906 1680 1004 1730 contra
1017 1682 1098 1747 pacta
1120 1670 1291 1750 Aistulphus

96 1764 265 1825 detinuerat.
307 1766 441 1827 Pontifex
456 1765 511 1825 1317
525 1768 656 1844 plurimis
672 1767 834 1826 nominibus
849 1766 976 1826 illustris.
1125 1834 1127 1838 7
1387 1832 1391 1837 ,

134 1868 184 1924 96.
208 1865 240 1924 S.
256 1864 375 1925 Psuuus
389 1865 414 1926 l.
429 1869 497 1925 329
519 1865 592 1943 Mnji
607 1870 666 1926 757
682 1865 715 1923 ad
730 1870 769 1923 28
789 1864 808 1923 J
810 1866 870 1923 unii
884 1869 942 1925 767
964 1862 1069 1924 Sedem
1091 1865 1288 1942 Apostolicam

96 1965 197 2022 tenuit.
240 1962 409 2049 Decesspris
424 1963 480 2032 331,
495 1964 541 2022 331
555 1976 583 2022 et
597 1963 682 2022 frater
701 1982 853 2040 germanus
869 1944 937 2030 erat,
954 1963 1071 2021 virtutes
1093 1963 1218 2022 imitatus
1236 1973 1290 2033 est,

98 2059 218 2137 Pippini
235 2070 331 2135 contra
344 2058 550 2138 Longobardos
564 2070 592 2118 et
608 2059 728 2120 Graecos
742 2079 826 2137 opem
840 2059 946 2136 pluries
961 2059 1110 2136 expetivit,
1127 2060 1257 2137 plurimis
1272 2079 1290 2119 a

95 2156 307 2236 Longobardis,
321 2155 474 2217 Desiderio
488 2157 572 2225 duce,
588 2157 672 2216 illatis
687 2158 809 2235 injuriis.

138 2256 188 2312 96.
210 2253 390 2312 8333333333
413 2253 468 2313 IV.
483 2259 532 2313 37
555 2253 677 2332 Augusti
700 2272 775 2311 anno
793 2257 852 2313 766
875 2252 910 2311 ad
932 2253 1041 2311 2diem
1063 2253 1209 2312 Februarii
1231 2258 1291 2314 772

93 2358 193 2407 sancte
207 2349 376 2427 gubernavit
398 2349 572 2409 Ecclesiam.
614 2349 687 2407 Post
709 2348 793 2407 Pauli
818 2349 928 2407 obitum
950 2349 1167 2417 Constantinus,
1191 2348 1291 2418 laicus,
1355 2428 1358 2433 ‚
1395 2386 1397 2393 ι

96 2461 205 2505 aemma
219 2465 304 2505 manu
319 2447 348 2506 in
362 2445 461 2506 sedem
481 2445 656 2524 pontificiam
679 2447 805 2505 intrusus
819 2445 920 2513 suerat,
941 2464 1028 2523 opera
1048 2447 1182 2514 Totonis,
1198 2446 1290 2505 iratris
1380 2454 1397 2523 ‘t

94 2544 143 2601 sni
157 2542 238 2602 ducis
254 2542 408 2621 Nepesini,
431 2552 460 2602 et
473 2525 626 2621 episcopus
650 2554 876 2609 consecratus,a
901 2543 1029 2621 Georgio
1051 2543 1190 2623 episcopo
1212 2543 1289 2602 Prae·
1375 2538 1397 2627 si

95 2641 221 2701 uestino.
263 2642 319 2700 Per
340 2660 445 2702 annum
460 2646 489 2700 et
511 2660 639 2701 mensem
661 2643 752 2701 tenuit
766 2640 875 2710 sedern,
891 2661 949 2716 quo
971 2641 1064 2719 adhuc
1080 2641 1206 2710 sedente,
1222 2641 1292 2701 Phi·
1368 2630 1394 2727 j

95 2738 194 2815 lippus
221 2739 380 2816 presbyter,
396 2738 516 2797 factione
539 2737 661 2813 quadum
687 2738 810 2805 favente,
826 2756 930 2796 nomen
953 2738 1098 2813 pontificis
1120 2739 1289 2815 usurpavit;

97 2835 150 2895 sed
163 2846 283 2910 uterque
298 2835 548 2915 pseudo-pontifex
560 2836 667 2912 ejectus
683 2847 726 2893 est
740 2835 887 2911 Stephano
901 2834 1001 2893 electo.
1025 2833 1134 2893 Habuit
1147 2834 1292 2919 synodum

99 2933 213 3004 Rome,
228 2952 303 2993 anno
317 2937 388 3003 769,
403 2935 432 2992 13
447 2953 505 3009 qua
516 2933 721 2993 Constantinus
736 2931 903 3010 deprecatus
918 2943 961 2990 est
973 2932 1094 2990 veniam.
1137 2932 1293 3010 ALongo·
1344 2962 1365 3021 ⁴<

97 3032 193 3092 bardis
203 3052 305 3110 passus
315 3033 472 3100 molestias,
488 3033 625 3092 Oarolum
640 3033 669 3091 et
683 3031 937 3099 carolomannum,
948 3029 1123 3090 Francorum
1137 3050 1230 3110 reges,
1241 3032 1293 3091 ob·
1359 3018 1394 3125 {⁴⁴

97 3119 217 3190 testatus
232 3140 318 3190 estut
331 3131 478 3208 suppetias
493 3131 535 3189 illi
549 3131 662 3197 ferrent,
678 3141 706 3189 et
718 3129 860 3209 justitias
881 3127 913 3187 S.
925 3127 1020 3196 Petri,
1036 3129 1164 3187 civitates
1181 3129 1292 3188 scilicet

99 3246 220 3302 quarum
231 3229 281 3307 jus
295 3227 357 3288 sedi
366 3229 544 3307 Apostolicae
556 3239 625 3295 erat.
639 3237 768 3286 curarent
780 3226 978 3285 restituendas.
1002 3225 1190 3284 Gravissimis
1205 3225 1291 3285 minis
1367 3234 1370 3238 '

100 3327 258 3396 intentatis,
272 3346 309 3387 ne
330 3327 471 3395 alteruter,
497 3346 586 3386 uxore
601 3324 756 3404 repudiata,
780 3327 868 3384 filiam
890 3324 1034 3384 Desiderii
1059 3325 1114 3383 sibi
1135 3324 1291 3403 copularet,

97 3434 199 3485 contra
219 3424 426 3504 Evangelieam
450 3425 554 3502 legem,
570 3443 621 3482 eos
642 3424 772 3493 monuit,
796 3443 859 3482 eam
882 3423 959 3481 enirn
985 3422 1070 3481 Berta
1091 3408 1189 3483 eorum
1205 3433 1293 3482 mater
1339 3434 1344 3439 '
1374 3423 1377 3428 ’

98 3541 199 3583 secum
213 3521 333 3581 duxerat
346 3541 384 3580 ex
397 3521 479 3580 ltalia
493 3540 527 3580 eo
544 3521 665 3580 consilio
679 3532 710 3579 ut
724 3521 847 3580 alterutri
863 3521 992 3580 nuberet.

138 3623 187 3681 97,
209 3618 542 3679 113333333137313
564 3618 711 3677 Februarii
733 3618 870 3676 suffectus
885 3627 938 3677 cst.
980 3615 1160 3685 Desiderius,
1176 3617 1293 3695 Longo·
1322 3586 1354 3675 lf

98 3717 250 3778 bardorum
266 3737 327 3785 rex,
340 3717 501 3776 civitatibus
516 3716 644 3794 pluribus
657 3716 762 3794 inJuste
774 3716 926 3792 usurpatis,
941 3715 1047 3773 Urbem
1059 3714 1151 3790 ipsam
1162 3713 1293 3773 obsidere
1374 3768 1381 3781 ,

98 3817 219 3896 paravit,
235 3815 286 3875 sed
300 3815 435 3894 pontifice
450 3814 775 3885 excommunicationem
791 3815 926 3881 minante,
942 3813 1070 3871 Viterbio
1085 3813 1114 3871 iu
1130 3812 1294 3890 Longobar·

96 3913 176 3971 diam
189 3913 317 3981 recessit,
331 3911 408 3971 unde
423 3911 528 3970 luctum
541 3921 573 3970 ut
593 3911 736 3988 pleraeque
751 3910 879 3968 civitates
895 3919 997 3985 sponte
1013 3927 1045 3967 se
1065 3907 1214 3968 Hadriano
1228 3909 1294 3967 rub·

91 4009 226 4089 jicerent.
269 4010 403 4070 Concilio
418 4010 541 4069 Nicaeno
555 4009 595 4069 Il.
612 4029 662 4088 per
676 4009 785 4087 legatos
802 4007 934 4085 prefuit:
958 4007 1135 4066 Felicianam
1146 4006 1293 4067 damnavit

99 4109 136 4168 de
151 4106 262 4167 Christi
277 4107 430 4186 adoptione
444 4108 596 4176 heresimt
618 4117 646 4166 et
660 4107 714 4165 alia
728 4107 850 4184 plurima
864 4104 961 4165 sancte
982 4105 1101 4184 peregit,
1116 4103 1162 4164 (113
1176 4109 1215 4164 75
1236 4105 1294 4165 De·

96 4205 221 4267 cembris
233 4204 344 4266 79636
360 4223 481 4283 3333333
496 4204 610 4264 tandem
625 4203 786 4263 translatus.
1360 4258 1385 4287 ,r

138 4307 189 4364 98.
204 4304 237 4364 S.
246 4304 311 4364 Luo
320 4303 374 4364 III.
385 4304 478 4363 statim
489 4303 638 4372 successit,
647 4320 760 4362 summo
769 4302 898 4362 omniurn
909 4319 1061 4360 consensu.
1084 4299 1295 4382 Carolusmeg·
1380 4292 1389 4303 '¹

96 4421 153 4465 ttua
167 4402 206 4472 ei,
221 4403 311 4462 missa
323 4403 475 4480 legatione,
490 4402 644 4480 gratulatus
665 4410 718 4470 est,
734 4412 762 4459 et
777 4402 982 4460 Paunrurarus
998 4399 1043 4459 sui
1063 4398 1230 4461 firmitatem
1245 4421 1296 4463 ex·

95 4501 191 4580 petiit,
199 4498 232 4564 133
243 4501 326 4578 eujus
339 4497 477 4561 indicium
492 4500 571 4559 misit
579 4497 615 4557 ad
625 4516 691 4558 eum
704 4498 833 4575 pontifex
847 4496 941 4554 claves
954 4494 1144 4556 confessionis
1157 4496 1189 4556 S.
1202 4497 1293 4568 Petri,

96 4598 210 4659 scilicet
223 4615 262 4657 ex
275 4594 429 4675 sepulchro
442 4596 506 4674 ejus
518 4595 695 4674 desumptas,
710 4605 739 4654 et
752 4593 895 4653 vexillum
905 4592 983 4651 urbis
998 4591 1112 4653 Rome.
1141 4594 1169 4652 A
1178 4594 1296 4653 nelariis

95 4696 266 4761 hominibus
279 4706 393 4755 sanctus
408 4693 540 4773 pontifex
553 4694 715 4754 vulneratus
729 4702 783 4764 est,
799 4693 897 4771 lingue
917 4691 1025 4762 excisa,
1040 4701 1070 4752 et
1089 4691 1181 4754 oculis
1195 4691 1294 4761 erutis,
