2812 5092
584 334 875 471 urrunnu.

11 554 16 565 1
103 490 243 567 regnavit,
264 499 355 550 morte
374 491 522 569 repentina
542 493 679 561 sublatus,
704 491 774 551 dum
794 492 831 551 de
851 489 1042 551 restaurandis
1069 489 1165 550 Urbis
1192 486 1305 546 rnoeniis
1340 498 1345 564 J

2 576 55 673 ..²
106 589 252 667 cogitaret.
295 589 445 650 Constanti
459 594 555 650 animo
569 591 672 651 dicitur
683 591 782 661 luisse,
797 591 864 650 licet
877 590 1003 669 podagra
1021 573 1134 667 corpus
1151 587 1307 646 conticere
1333 594 1345 674 q

14 680 52 721 '²
106 693 160 745 tur.
1325 676 1345 731 ²

145 788 194 844 89.
217 784 460 857 Conseruarum,
472 806 568 864 syrus,
580 798 676 846 sancte
690 787 858 865 gubernavit
871 786 1034 847 Ecclesiam
1049 787 1119 847 a24
1133 781 1238 843 Martii
1250 784 1307 842 799
1331 772 1345 819 1

54 928 65 963 ,
106 880 142 941 ad
156 886 175 939 Β
190 884 296 961 Aprilis
321 888 380 944 715
405 884 501 964 (juxta
516 886 620 945 aliosi)
642 886 748 963 Aprilis
769 883 852 965 714).
893 886 920 943 A
939 883 1105 943 Justrnrauo
1133 870 1345 963 imperatore

15 996 29 1019 ··
103 980 238 1041 rnvrtatus
248 982 527 1062 consuntrncpotm
537 1003 568 1044 se
578 986 707 1052 contulit,
720 993 751 1042 ut
760 983 981 1042 controversiam
993 981 1029 1040 de
1040 980 1211 1039 canonibus
1222 977 1345 1073 Trul

59 1074 62 1081 ’
104 1079 178 1138 lanis
192 1091 386 1159 componeret,
402 1101 459 1156 qua
472 1080 622 1142 occasidne
637 1083 693 1160 ipsi
709 1082 882 1158 imperatori,
897 1081 962 1159 (qui
973 1099 1090 1139 summo
1110 1079 1228 1137 honore
1242 1094 1305 1136 euna

103 1188 266 1256 exceperat,
282 1175 370 1255 pedes
384 1197 482 1238 sacros
496 1179 678 1238 exosculatus
681 1178 702 1256 ,)
715 1178 915 1238 eucharistiam
939 1177 1000 1236 suis
1014 1176 1153 1235 manibus
1164 1174 1345 1233 ministra·

20 1340 23 1347 Ι
104 1271 154 1330 vit.
196 1273 346 1334 Suibertus
361 1275 434 1352 apud
450 1275 581 1334 Saxones
596 1275 672 1334 ielici
692 1293 840 1343 successu,
864 1293 900 1333 eo
914 1272 1041 1341 sedente,
1063 1272 1221 1331 laborarit.
1261 1271 1304 1330 Ab
1330 1280 1345 1427 p

102 1371 241 1448 episcopo
269 1369 587 1450 Constantinopolitano
611 1372 734 1441 Joanne,
757 1373 807 1447 qui
828 1390 894 1430 eum
919 1387 1095 1431 onnnrrartr
1124 1384 1303 1427 sacnnnurn

102 1485 200 1527 cunr
218 1467 386 1546 designavit,
401 1480 517 1547 rogatus
532 1468 610 1528 misit
625 1469 799 1529 Michaelem
814 1468 1039 1546 Apocrisiarium
1055 1465 1303 1542 Constantinopo-
1341 1513 1345 1549 4

102 1565 164 1634 lim,
180 1566 229 1639 qui
250 1568 403 1644 episcopos
418 1565 557 1641 quosdam
573 1568 731 1626 restitueret
746 1566 885 1625 Ecclesiae
896 1564 1105 1633 communioni,
1123 1582 1214 1638 quern
1229 1562 1300 1622 dam·
1323 1562 1345 1629 G,

101 1663 197 1724 nando
211 1664 365 1724 concilium
385 1664 437 1725 Vl.
453 1666 614 1724 amiserant.
658 1665 836 1743 Pauperibus
851 1675 910 1723 erat
923 1674 1012 1741 pater.
1314 1682 1345 1743 q

141 1764 190 1819 99.
213 1762 245 1820 S.
262 1761 437 1822 Gnaeonrns
454 1764 505 1832 ΙΙ.,
518 1765 675 1832 sanctitate,
690 1763 827 1832 doctrina,
843 1773 870 1821 et
881 1761 1012 1839 plurimis
1026 1759 1176 1838 preclaris
1191 1744 1345 1885 ιΙοιὶΙιιιι11ΙΙ

68 1887 74 1898 ·
101 1858 220 1928 effulsit,
234 1861 364 1938 pontifex
381 1862 457 1921 adis
485 1866 521 1921 19
546 1863 631 1939 Maji,
646 1863 713 1920 anni
734 1880 820 1939 supra
841 1860 918 1928 dicti,
934 1858 970 1918 ad
990 1863 1023 1917 11
1048 1858 1205 1917 Februarii
1227 1872 1316 1916 anno

101 1962 170 2018 791.
202 1956 367 2019 Cumanum
377 1958 522 2029 Castrum,
535 1959 612 2035 quod
626 1959 806 2037 Longobardi
821 1958 983 2036 eripuerant
993 1957 1135 2016 Romane
1149 1946 1318 2023 Ecclesia,
1291 1934 1345 2073 ,η’

105 2057 186 2117 ducis
201 2058 359 2135 populique
374 2058 557 2135 Neapolitani
573 2058 823 2135 operecuperavit.
866 2056 1073 2115 Gorbinianum
1086 2053 1123 2113 ad
1135 2048 1323 2132 Frisingen·

101 2175 149 2216 ses
163 2157 220 2216 fide
234 2157 404 2217 imbuendos
418 2159 547 2236 episcopi
562 2159 697 2234 dignitate
712 2167 842 2215 auctum
847 2156 934 2214 misit.
979 2153 1163 2222 Boniiacius,
1179 2154 1322 2232 Anglus

102 2266 168 2333 post
181 2255 293 2313 labores
307 2254 480 2332 apostolicos
495 2254 700 2333 apudtrrisios
720 2263 749 2313 et
775 2252 887 2321 Cattos,
903 2252 1065 2311 Saxouibus
1093 2252 1314 2319 conterminos·

100 2353 255 2429 episcopus
270 2364 450 2411 consecratus
465 2364 508 2411 est
523 2372 540 2410 a
555 2352 696 2430 Gregorio
711 2352 786 2429 ipso,
796 2352 959 2428 juramento
974 2368 1026 2426 pro
1040 2367 1122 2407 more
1137 2350 1222 2426 prius
1236 2365 1300 2426 pre·

100 2451 167 2507 stito
182 2449 217 2508 de
231 2448 392 2509 obedientia
406 2449 468 2508 sedi
482 2450 654 2526 Apostolicae
670 2448 838 2526 praestanda.
867 2447 987 2524 Synodo
999 2447 1102 2506 Romae
1116 2457 1220 2506 coacta
1231 2463 1299 2505 anno

99 2551 159 2607 ⁷26
173 2546 411 2606 iconoclastarum
426 2545 570 2604 damnavit
590 2546 733 2604 heresim.
775 2546 853 2603 Eum
879 2565 894 2601 a
909 2545 1016 2603 Leonis
1031 2544 1136 2612 lseuri,
1154 2563 1210 2623 per
1223 2541 1298 2603 satel-

98 2643 164 2702 lites
179 2661 257 2719 suos,
279 2643 309 2701 vi
332 2642 456 2701 Rotnani
478 2652 506 2701 et
529 2641 712 2725 Longobardi
737 2640 933 2700 defenderunt.
975 2641 1078 2702 Plures
1100 2642 1295 2701 sanctissimas

100 2739 189 2800 edidit
202 2731 376 2799 sanctiones.
1163 2754 1176 2807 j

138 2839 187 2903 91.
210 2835 242 2895 S.
259 2835 434 2895 Graecinus
448 2835 514 2904 111,
538 2855 633 2913 syrus,
650 2857 666 2894 a
683 2840 718 2894 18
733 2836 830 2896 Martii
853 2841 910 2896 731
935 2836 969 2894 ad
990 2840 1029 2894 28
1045 2835 1231 2895 Novembris
1244 2836 1293 2896 741

100 2934 183 2994 sedit.
206 2934 387 3009 Bonisacipm
399 2933 485 3011 pallio
500 2933 624 3000 donavit,
640 2933 848 3012 archiepiscopi
862 2933 997 3013 dignitate
1007 2932 1120 2992 collata.
1146 2931 1294 3012 Synodum

100 3034 202 3095 Romae
218 3033 314 3091 habuit
327 3051 402 3091 auno
417 3037 486 3100 738,
499 3032 648 3091 Bonisacio
666 3033 857 3111 praesentem
872 3031 977 3106 quade
991 3031 1209 3092 Germanorum
1219 3048 1297 3109 nego-

101 3133 147 3192 tiis
171 3132 314 3209 precipue
336 3141 430 3189 actum
450 3142 503 3188 est.
546 3128 693 3196 Garolum,
717 3129 985 3206 Majorem·Dom'us
1006 3129 1093 3205 regies
1108 3129 1295 3196 Francorum,

99 3228 155 3296 bis,
170 3228 267 3287 missis
281 3227 392 3304 legatis,
408 3226 517 3303 rogavit
530 3235 560 3282 ut
584 3224 789 3302 Longobardos
814 3244 894 3303 reges
921 3224 1129 3302 Luitpraudum
1146 3236 1176 3284 et
1201 3224 1296 3286 Hilde-

103 3325 251 3393 brandum,
267 3342 312 3384 res
338 3324 370 3382 S.
386 3322 463 3381 Petri
486 3323 515 3381 in
541 3322 694 3381 exarchatu
719 3323 884 3382 Rauennate
906 3334 933 3381 et
947 3322 1050 3381 ducatu
1066 3323 1215 3392 Romano,
1230 3322 1292 3382 diri·

99 3423 222 3502 pientes,
237 3424 422 3500 reprimeret3
444 3438 540 3494 quera,
556 3439 585 3478 re
600 3431 722 3497 peracta,
737 3439 871 3479 ranarum
885 3420 1020 3498 dignitate
1035 3419 1126 3478 auxit.

139 3523 188 3577 99.
211 3519 243 3577 S.
259 3520 439 3585 Zacuamas,
455 3535 573 3595 graecus,
589 3536 606 3575 a
620 3521 657 3575 30
681 3517 710 3574 N
713 3518 856 3576 uvernbris
871 3516 916 3575 die
930 3521 986 3578 741
1005 3515 1040 3574 ad
1065 3520 1101 3574 14
1124 3508 1296 3578 Maritima

101 3616 185 3676 sedit.
226 3613 432 3693 Luitpraudum
448 3614 512 3690 plus
527 3614 617 3672 semel
631 3613 722 3684 flexit,
738 3628 766 3672 et
780 3625 900 3689 quatuor
927 3615 1074 3673 civitatum
1088 3616 1296 3674 restitutionem

101 3715 136 3774 ab
150 3733 185 3774 eo
199 3713 370 3791 impetravit.
411 3711 503 3771 Rachi
518 3713 580 3788 ejus
601 3710 771 3780 successori,
787 3713 936 3771 Perusiam
950 3710 1104 3780 obsidenti,
1129 3713 1212 3790 pacis
1234 3732 1298 3773 con·

102 3811 167 3871 silis
181 3808 400 3877 commendavit,
413 3807 485 3867 adeo
499 3808 575 3866 felici
589 3827 736 3877 successu,
751 3818 783 3866 ut
796 3809 923 3867 abdicato
939 3827 1027 3886 regno
1037 3812 1230 3870 monasticam
1244 3830 1297 3871 am·

103 3909 206 3987 plexus
220 3907 259 3966 sit
272 3906 368 3965 vitam.
398 3904 501 3963 Galliae
516 3923 659 3982 proceres,
674 3923 709 3963 eo
724 3904 878 3974 sedentes
893 3904 1057 3964 Ohilderico
1069 3903 1138 3973 111,
1156 3918 1298 3984 postremo

104 4024 141 4068 ex
156 4005 400 4083 Merovingioruur
416 4004 515 4080 stripe,
530 4002 566 4060 ad
581 4002 717 4081 Pipinum
733 4021 836 4063 nomen
853 4005 961 4081 regium
977 4003 1199 4074 transtuleruntr
1215 4024 1298 4081 quum

103 4105 151 4164 bic
162 4107 222 4183 jam
238 4113 323 4162 totam
339 4102 531 4160 auctoritatem
547 4100 727 4159 consueverit
741 4119 884 4160 exercere.
913 4099 947 4159 Id
960 4099 1065 4159 iactum
1080 4119 1148 4160 esse
1162 4103 1298 4162 Zacharia

100 4202 236 4279 probante
251 4200 375 4258 referunt
387 4199 540 4275 scriptores
556 4199 695 4274 plerique,
711 4217 786 4271 quos
808 4209 902 4256 tamen
925 4198 1038 4256 Natalis
1059 4198 1229 4260 Alexander
1244 4201 1297 4260 ialli

105 4297 258 4357 contendit.
299 4297 440 4356 Bonisacii
454 4314 500 4354 res
514 4305 608 4373 gestas
624 4296 762 4372 probavit,
775 4306 888 4370 tresque
903 4297 936 4354 ab
949 4313 984 4354 eo
994 4307 1104 4354 erectos
1116 4298 1299 4378 episcopatus

103 4397 134 4456 in
150 4397 304 4455 Germania
316 4396 503 4455 confirmavit.
546 4392 698 4474 Virgilium
725 4395 934 4472 presbyterum,
949 4395 1039 4457 trium
1055 4395 1213 4456 criminum
1229 4396 1300 4457 dela·

104 4504 175 4560 tum,
191 4492 303 4568 synodo
317 4492 422 4562 habita,
438 4493 464 4551 si
478 4493 673 4570 probarentur,
694 4491 824 4550 severius
843 4490 1018 4551 tractandum
1040 4490 1179 4551 decrevit.
1223 4493 1299 4553 Eum

104 4598 200 4650 tamen
213 4590 291 4648 omui
306 4591 471 4667 suspicione
494 4604 643 4667 purgatum
667 4587 793 4647 unierunt
812 4587 944 4665 plerique
956 4605 994 4646 ex
1007 4585 1159 4665 designato
1176 4588 1302 4668 Virgilio

104 4685 320 4766 salizburgensi
333 4687 482 4768 episcopo,
497 4687 546 4761 qui
560 4695 627 4764 post
643 4694 762 4747 mortem
777 4685 807 4747 iu
820 4684 917 4747 album
936 4693 1102 4748 sanctorum
1123 4696 1170 4747 est
1183 4682 1300 4750 relatus.
