2798 5092
93 340 149 403 ltu
345 335 403 397 DE
424 332 806 427 stuunmutt'rottuat
827 332 1020 395 tumulto,

129 500 179 554 22.
201 492 332 555 Materia
346 505 584 554 sacramentorum
598 492 700 551 dicitur
714 511 759 551 res
785 491 911 551 adhibita
931 491 960 551 in
975 491 1011 550 iis
1024 489 1214 550 conficiendis
1234 489 1281 551 rel

90 601 169 652 aetus
184 592 327 651 sensibilis
341 611 439 652 eorum
453 591 586 651 effectum
600 591 694 649 minus
709 590 834 666 perfecte
849 590 1025 667 significans.
1067 588 1117 646 sic
1133 605 1208 662 aqua
1223 606 1280 649 mu

89 687 159 746 teria
170 697 216 746 est
226 689 378 764 baptismi:
394 689 475 765 panis
489 696 519 745 et
529 687 626 745 vinum
638 686 755 744 materia
766 696 832 744 sunt
845 684 1021 743 eucharistiae
1034 703 1042 739 t
1058 682 1153 743 oleum
1166 682 1282 742 maaria

90 795 135 845 est
147 797 280 845 extremas
295 787 445 846 unctionis.
487 784 521 844 In
536 784 706 859 quibusdam
726 794 820 843 autem
843 784 1026 842 sacramentis
1040 792 1123 840 actus
1137 781 1282 841 sensibilis

91 885 187 944 iocum
202 885 286 943 habet
300 886 435 947 materiae.
476 883 510 955 ln
524 883 700 961 poenitcntia,
713 900 801 956 quum
816 881 904 940 instar
913 880 1017 957 judieii
1031 881 1078 948 sit,
1093 888 1176 941 actua
1195 879 1284 957 paeni·

91 986 185 1052 tentis,
201 983 361 1043 confitentis
388 992 504 1060 peccata
526 991 554 1040 et
575 1000 674 1057 poenas
696 980 905 1057 amplectentis,
927 981 1046 1038 materia
1066 979 1217 1047 habentur,
1239 977 1283 1037 vel

92 1081 171 1155 quasi
187 1081 312 1138 materia.
343 1078 378 1138 In
390 1079 581 1144 matrimonio,
594 1097 645 1154 pro
657 1077 765 1135 ratione
779 1086 950 1144 contractus,
965 1076 1006 1135 uti
1021 1075 1167 1152 plerisque
1182 1075 1287 1152 placet,

91 1196 210 1256 corpora
223 1187 289 1235 sunt
303 1177 419 1235 materia
433 1177 507 1234 circa
527 1194 612 1248 quam
627 1183 772 1232 versatur:
794 1174 842 1232 alii
856 1191 1032 1233 consensum
1047 1173 1145 1250 ipsum
1160 1173 1285 1231 materie

90 1276 184 1336 locum
199 1275 303 1334 habere
316 1275 424 1343 dicunt,
439 1275 662 1352 acceptationem
685 1291 749 1331 esse
770 1271 902 1331 formam.
944 1270 1056 1345 Forma
1077 1281 1121 1330 est
1134 1272 1286 1330 verborum

90 1374 191 1436 series.
216 1373 319 1447 quibus
341 1373 458 1430 materia
481 1371 515 1430 ad
538 1379 746 1429 sacramentum
762 1369 905 1428 definitur.
947 1367 1109 1442 Aliquando
1135 1369 1191 1427 alia
1205 1369 1287 1446 signa

92 1471 241 1539 ruborum
257 1468 315 1527 vim
328 1469 465 1537 obtinent,
480 1468 520 1526 uti
535 1468 620 1526 mutis
636 1467 817 1525 nubentibus.
858 1465 1002 1524 Lutherus
1016 1483 1131 1523 omnem
1147 1465 1206 1523 vim
1221 1463 1288 1524 fidei

92 1568 229 1635 tribuens,
244 1568 427 1624 sacramentis
443 1564 548 1624 nuliam
563 1567 658 1623 inesse
675 1565 792 1641 putavit,
807 1563 858 1622 sed
873 1583 907 1622 ea
918 1573 1026 1622 tantum
1041 1562 1181 1621 inservire
1196 1570 1228 1620 ut
1239 1580 1287 1620 ex·

92 1664 191 1721 citetur
204 1662 285 1721 tides.
325 1663 419 1721 Verba
438 1663 523 1740 igitur
546 1675 786 1720 sacramentorum
813 1661 899 1721 instar
915 1660 1063 1719 concionis
1078 1660 1198 1718 habuit:
1225 1677 1287 1733 quae

92 1759 234 1818 sentiendi
248 1761 317 1819 ratio
333 1759 464 1829 Calvino,
480 1761 645 1833 caterisque
662 1758 843 1817 novatoribus
858 1759 962 1817 arrisit.
1004 1757 1189 1816 Narrationis
1204 1757 1288 1815 etiam

89 1857 211 1917 sormam
226 1858 420 1936 praeseferunt,
435 1858 520 1917 refert
529 1858 638 1916 scilicet
652 1857 781 1915 minister
802 1855 871 1930 quid
885 1855 983 1914 iecerit
997 1855 1042 1913 vei
1053 1855 1176 1931 jusserit
1190 1853 1289 1913 Chris·

92 1965 148 2022 tus,
164 1974 222 2014 uon
236 1955 298 2033 ipse
313 1955 418 2029 aliquid
434 1955 577 2014 conficere
592 1962 733 2013 censetur.
755 1953 802 2011 Ea
816 1951 924 2010 ratione
939 1951 1058 2010 recitant
1071 1948 1292 2028 Episcopaliani

96 2051 218 2111 instituti
232 2052 401 2111 sacramenti
415 2051 573 2110 historiam.
1063 2065 1066 2070 ·

131 2153 180 2207 23.
203 2149 354 2207 Veteribus
368 2149 501 2207 omnibus
516 2147 570 2205 alia
584 2146 702 2205 omnino
718 2145 868 2205 verborum
886 2164 950 2218 quae
972 2144 1003 2203 in
1023 2144 1210 2203 sacramentis
1225 2162 1292 2203 con·

92 2246 223 2307 ficiandis
237 2246 414 2313 adhibentur,
429 2244 534 2303 insedit
547 2245 643 2312 notio;
666 2262 834 2321 persuasum
860 2244 936 2301 enim
952 2243 1113 2302 habueruut
1127 2243 1213 2301 verba
1227 2256 1292 2319 pro·

93 2345 159 2405 ferri
180 2342 215 2401 ad
232 2341 426 2415 definiendum
450 2343 576 2402 materiae
597 2361 691 2410 usum,
713 2349 742 2400 et
763 2341 798 2400 ad
820 2342 878 2399 vim
900 2341 927 2398 ei
942 2339 1171 2417 impertiendam.
1213 2339 1293 2398 Hinc

94 2441 208 2516 quoties
230 2439 268 2513 ¹de
294 2439 388 2497 valore
413 2440 547 2515 baptismi
572 2440 715 2516 agebatur,
743 2439 772 2498 id
800 2439 946 2516 praecipue
968 2438 1172 2512 inquirebatur,
1196 2447 1293 2496 utrum

94 2536 234 2595 invocatis
267 2536 354 2593 tribus
382 2534 485 2593 divinis
516 2538 646 2612 personis
681 2535 893 2593 administratus
929 2535 1054 2593 suisset.²
1106 2534 1202 2594 Docet
1235 2536 1293 2593 Au·

94 2632 245 2710 gustinus3
268 2639 288 2667 ‘⁸
298 2631 378 2689 Deus
405 2631 484 2689 adest
505 2631 678 2706 evangelicis
693 2632 788 2689 verbis
815 2632 886 2699 suis,
910 2632 973 2689 sine
1002 2632 1105 2705 quibus
1134 2631 1294 2709 baptismus

96 2729 206 2789 Christi
221 2730 380 2788 consecrari
392 2748 450 2788 non
464 2728 603 2806 potest.'’²
644 2728 730 2797 Quod
741 2739 834 2788 antem
850 2732 913 2807 ipse
932 2728 1002 2789 aliis
1018 2730 1104 2789 verbo
1119 2730 1176 2789 Dei
1192 2731 1295 2790 tribuat

95 2830 154 2889 vim
170 2827 257 2896 iilam,
274 2835 294 2863 “
307 2846 365 2885 non
387 2826 579 2902 quiadicitur,
594 2827 646 2886 sed
661 2829 727 2901 quia
747 2827 871 2887 creditur
883 2828 927 2896 ;’'²
946 2848 1004 2888 non
1019 2838 1063 2887 est
1076 2829 1293 2907 intelligendum

96 2926 132 2985 de
153 2925 210 2984 fide
232 2925 414 3001 suscipientis
439 2936 816 3000 sacramentum‘tamquam
838 2946 923 2985 causa
944 2927 1055 3004 gratiae,
1077 2945 1143 2985 uam
1166 2926 1296 3004 agnoscit

95 3025 267 3103 baptismum
280 3024 428 3082 infantium
444 3024 559 3082 valere:
582 3023 680 3082 sedda
698 3027 783 3083 verbo
798 3024 874 3098 quod
889 3024 946 3083 fide
962 3034 1082 3094 tenetur,
1104 3033 1124 3061 “
1141 3045 1210 3084 nam
1224 3035 1252 3085 et
1266 3026 1295 3084 in

96 3124 161 3200 ipso
175 3122 261 3180 verbo
279 3121 353 3179 aliud
368 3133 411 3178 est
424 3140 511 3179 sonus
526 3121 676 3188 transiens,
690 3120 766 3179 aliud
781 3131 826 3179 est
839 3123 928 3179 virtus
944 3140 1081 3181 manens:
1103 3120 1160 3180 hoe
1175 3133 1221 3180 est
1235 3140 1295 3180 ver·

96 3205 165 3279 bum
179 3217 247 3276 fidei
268 3217 343 3290 quod
360 3216 580 3295 praedicamus.'’
625 3226 644 3252 ‘⁴
659 3216 726 3275 Hoc
748 3218 864 3276 verbum
885 3217 954 3275 fidei
979 3228 1086 3275 tantum
1107 3217 1182 3275 valet
1196 3218 1227 3276 in
1241 3218 1296 3277 Ec·

99 3318 187 3376 ciesia
200 3315 267 3381 Dei,
282 3324 313 3371 ut
333 3314 488 3391 peripsam
512 3312 685 3380 credentem,
700 3312 880 3382 offerentem,
895 3314 1121 3383 benedicentem,
1138 3315 1296 3393 tingentem

99 3413 184 3470 etiam
198 3410 340 3469 tantillum
354 3409 471 3467 mundet
484 3409 631 3478 infantem,
642 3411 772 3482 quamvis
786 3409 914 3471 nondum
926 3411 1070 3474 valentem
1082 3410 1168 3470 corde
1178 3412 1296 3472 credere

102 3510 135 3568 ad
146 3510 297 3586 justitiam,
312 3519 341 3567 et
354 3526 403 3567 ore
418 3509 544 3566 confiteri
560 3507 594 3565 ad
610 3507 779 3567 salutem.”³
876 3508 877 3511 ’
1198 3586 1200 3590 ³

140 3604 199 3664 24.Δ
213 3607 370 3673 Quaesitum
386 3616 430 3662 est
443 3625 460 3662 a
473 3605 614 3682 theologis
630 3618 722 3665 utrum
739 3607 856 3664 materia
868 3616 897 3665 et
911 3607 1001 3667 forma
1015 3618 1260 3669 sacramentorum
1282 3630 1300 3669 a

105 3704 223 3764 Christo
237 3705 341 3763 suerint
351 3702 484 3773 definitas,
499 3713 527 3762 et
541 3705 578 3763 in·
588 3705 680 3782 specie
694 3705 897 3769 determinata.
938 3707 983 3764 De
999 3707 1139 3783 baptismo
1153 3719 1183 3767 et
1194 3708 1301 3768 eucha-

93 3801 183 3880 ristia
194 3811 304 3859 constat
317 3820 365 3859 eas
380 3820 444 3859 esse
459 3803 496 3859 ita
510 3802 651 3860 definitas.
694 3802 739 3860 De
754 3803 863 3861 caeteris
877 3812 985 3862 certum
1008 3804 1119 3862 ridetur
1134 3805 1198 3882 ipsa
1213 3808 1301 3866 verba

99 3919 162 3960 :non
176 3917 241 3957 esse
256 3899 428 3975 praescripta,
444 3918 530 3972 quutn
547 3919 603 3958 non
618 3898 716 3958 eadent
734 3901 848 3974 ubique,
865 3920 957 3974 neque
972 3903 1050 3959 omni
1071 3911 1163 3970 aetate,
1179 3922 1302 3962 noscan-

104 4011 149 4059 tur
168 4007 310 4074 usurpata.
353 3995 496 4056 Caeterum
520 4017 554 4056 ea
574 4001 603 4056 in
618 3999 746 4072 qtiolibet
768 4009 945 4058 sacramento
967 3998 1134 4069 adhibenda⁸
1150 4013 1220 4061 sunt
1234 4022 1300 4077 quae

106 4096 240 4155 Ecclesia
251 4095 352 4171 jubet;
374 4107 402 4151 et
415 4095 442 4152 id
457 4097 575 4155 omnino
591 4096 743 4156 videndum
758 4117 794 4156 ne
809 4096 877 4172 quid
892 4095 1120 4174 praetermittatur
1139 4099 1219 4172 quod
1234 4102 1301 4159 sub·

31 4217 35 4225 ·
109 4191 238 4251 stantiam
252 4191 344 4267 ipsam
359 4190 485 4266 attingat.
526 4193 583 4259 Qui
605 4195 772 4272 contingunt
794 4195 897 4272 linguae
912 4193 1023 4252 defectu
1046 4210 1157 4251 errores
1181 4197 1224 4254 nil
1239 4196 1304 4255 offi-

111 4285 197 4355 ciunt,
213 4288 324 4360 quoties
339 4290 484 4347 communi
498 4289 645 4350 hominum
659 4292 768 4370 judicio
787 4293 872 4350 verba
892 4309 1010 4349 sensum
1024 4288 1149 4350 eundem
1164 4293 1305 4370 praesefe·

443 4485 484 4550 (1)
504 4482 568 4534 Vide
579 4483 663 4534 innoc.
676 4501 714 4551 ep.
726 4460 787 4535 xxii.

443 4572 485 4637 (2)
504 4570 535 4620 1..
547 4571 578 4621 vi·
591 4571 621 4621 de
629 4571 703 4636 Bapt.
713 4577 797 4623 contm
807 4569 897 4621 Donat
910 4587 931 4622 c.
942 4584 1000 4620 xxv.

443 4653 483 4718 (3)
501 4654 582 4706 Tract.
593 4655 667 4707 lxxx.
677 4655 705 4706 in
715 4656 787 4706 Joau.
