2798 5092
468 337 526 399 DE
547 338 736 400 VIRGINIS
758 340 914 403 cumo.
1231 349 1290 405 2⁰³!

98 494 197 555 Filium
213 514 301 555 suum
327 495 421 555 Deum
448 497 562 557 misisse
586 498 654 558 dicit
666 499 845 579 Apostolus:
869 501 980 560 “misit
994 502 1074 561 Deus
1096 502 1188 561 filium
1203 522 1289 563 suum

96 591 194 651 factum
221 611 259 651 ex
284 592 451 652 1111111118]ἰ
489 593 746 659 ἐξαπέστεικνόδεὸς
763 601 807 652 τὸν
822 600 874 652 tab
891 595 974 658 ἆυτόυ,
990 599 1114 670 γενόμενον
1124 603 1153 653 ἐκ
1172 605 1290 670 moesos.

96 686 276 755 Emmanuel,
290 688 371 747 Deus
384 689 544 759 nobiseum,
557 702 673 751 vocatur
687 711 773 767 quem
784 693 875 771 Virgo
889 695 1022 771 concepit
1036 706 1066 753 ct
1082 696 1212 773 peperit:
1234 693 1291 764 ns&

96 783 157 854 ἡμῶν
169 785 272 847 ὁθεός.Ι
311 784 392 863 Ergo
406 784 500 844 Maria
512 787 591 866 virgo
606 771 695 847 mater
708 798 752 848 est
775 789 832 848 Dei
854 799 883 849 et
904 790 1023 850 Domini
1038 793 1137 868 nostri,
1151 793 1200 867 qui
1214 792 1291 851 filius

99 894 138 942 cst
152 883 209 942 Dei
223 883 327 942 Patris.

135 978 290 1063 Probatur
309 965 353 1039 II.
370 997 407 1040 es
419 980 578 1044 Patribus.

131 1083 180 1138 73.
203 1079 236 1136 S.
252 1078 396 1137 lanarius
410 1079 454 1138 M.
482 1091 501 1118 ‘⁶
514 1081 595 1141 Deus
610 1093 708 1142 noster
720 1082 808 1142 Jesus
824 1083 999 1143 Christusiu
1013 1094 1093 1143 utero
1107 1095 1233 1162 gestatus
1246 1098 1290 1146 est

98 1173 266 1234 aMaria.”⁸
286 1175 318 1232 S.
333 1174 478 1235 Josrmns
493 1177 579 1238 dicit:
602 1188 622 1216 ‘⁸
632 1198 699 1239 eum
714 1181 764 1254 qui
778 1180 937 1240 secundum
953 1181 1125 1242 voluntatem
1141 1181 1244 1248 Patris,
1255 1202 1292 1241 ex

97 1273 200 1351 virgine
214 1273 328 1350 generis
343 1273 474 1343 Abrahae,
491 1275 580 1335 tribus
600 1275 676 1335 Juda
697 1286 726 1335 et
740 1277 836 1355 stirpis
853 1277 957 1347 David,
972 1279 1086 1356 genitus
1111 1286 1165 1345 est,
1181 1277 1290 1338 Filium

97 1369 149 1429 Dei
164 1368 364 1428 ()111·18111111.”4
402 1373 523 1446 &toeng-
542 1410 549 1423 ·
566 1409 573 1424 ·
591 1376 1129 1448 stup>svtysvrsp>sarouiovsoubanptgov·
1172 1375 1203 1432 S.
1227 1374 1292 1433 IRE·
1323 1404 1326 1411 ·

96 1484 191 1526 umus:
215 1466 374 1524 “Verbum
388 1465 516 1524 existens
530 1480 568 1520 ex
583 1461 687 1530 Maria,
703 1481 766 1536 quae
783 1462 876 1521 adhuc
890 1476 950 1521 erat
962 1463 1063 1542 Virgo,
1078 1479 1154 1527 recte
1169 1472 1291 1548 accipie·
1321 1458 1326 1537 J

97 1567 140 1625 bat
153 1567 368 1646 generationem
384 1563 457 1622 Adae
481 1559 772 1638 recapitulationis.”⁵
813 1563 978 1622 Dromrsrus
1002 1567 1241 1628 Ausxnunarnus
1257 1571 1292 1630 de
1316 1566 1323 1655 J

101 1664 170 1723 lsaia
186 1664 308 1738 loquens
323 1662 410 1721 dicit:
434 1657 588 1718 “ostendit
602 1659 659 1718 Dei
680 1659 847 1737 genitricem
863 1660 1011 1738 Virginem
1035 1666 1178 1737 quendam
1192 1687 1294 1727 conee-
1314 1658 1319 1725 Ῐ

98 1760 220 1838 pisse.''⁰
261 1761 293 1819 S.
308 1761 503 1819 Arusnasrus
525 1755 608 1815 docet
627 1774 665 1815 ex
679 1756 846 1834 Scriptura:
870 1767 889 1794 “
904 1768 964 1816 tum
980 1759 1087 1821 Filium
1102 1763 1193 1823 fuisse
1214 1785 1290 1826 sern-
1317 1746 1320 1753 ¹

99 1877 152 1935 par,
167 1869 197 1917 et
211 1875 276 1917 esse
290 1855 386 1916 Deum
400 1873 408 1920 t
430 1856 479 1928 qui
494 1855 532 1911 sit
545 1853 684 1920 Verbum,
697 1862 725 1910 et
739 1853 885 1930 splendor,
901 1874 933 1912 ac
948 1857 1088 1931 sapientia
1102 1860 1215 1919 Patris:
1233 1873 1293 1922 tum

100 1969 191 2035 postea
205 1965 321 2034 propter
335 1973 387 2014 nos
403 1950 524 2011 eundern
540 1949 621 2008 illum
636 1961 783 2028 assumpta
797 1970 881 2010 earne
894 1952 930 2010 de
946 1953 1065 2031 Virgine
1080 1956 1137 2014 Dei
1152 1960 1291 2036 genitrice

103 2052 348 2112 Mariahominem
364 2067 429 2108 essa
453 2046 606 2106 iactum.”⁷
646 2047 679 2104 S.
695 2046 835 2106 Bastarna
849 2047 884 2107 de
906 2049 1031 2109 humana
1046 2051 1156 2111 Christi
1172 2074 1294 2131 genera·

104 2150 172 2210 tione
192 2150 350 2224 disserens,
371 2145 521 2222 Virginem
534 2153 651 2208 §sermm
667 2149 773 2204 νοοιῐ.8
813 2145 845 2202 S.
862 2145 1037 2207 Ganaoarus
1060 2146 1296 2212 Nazmuznrrusr¹

105 2249 236 2324 “Siquis
253 2248 387 2308 Sanctam
403 2244 525 2304 Mariam
540 2242 696 2320 Deiparam
710 2261 768 2302 non
782 2242 882 2312 credit,
899 2255 979 2304 extra
999 2247 1186 2309 Divinitatem
1203 2250 1295 2310 cst.’'⁰

106 2347 131 2406 S.
144 2348 371 2408 Hmnonurrusz·
388 2342 528 2402 “Natum
550 2341 645 2400 Deum
671 2360 737 2400 esse
759 2341 795 2400 de
820 2343 931 2420 virgine
953 2344 1108 2416 credimus,
1135 2350 1203 2422 quia
1225 2350 1295 2429 legi·

106 2444 221 2504 mus.”¹⁰

135 2546 182 2602 74.
205 2538 360 2600 Rationem
375 2557 426 2596 cur
440 2537 530 2614 Virgo
544 2536 670 2613 Deipara
683 2535 804 2596 dicenda
818 2536 866 2604 sit,
881 2539 1016 2615 praeclare
1031 2541 1157 2618 explicat
1178 2542 1209 2602 S.
1233 2544 1295 2622 Gy-

107 2638 175 2699 rillus
203 2637 438 2698 Alexandrinus:
470 2617 576 2703 “Quia
600 2653 668 2693 vero
691 2654 771 2694 sacra
793 2636 885 2712 Virgo
911 2637 1005 2697 Deum
1030 2642 1107 2698 carni
1133 2642 1295 2702 secundum

107 2737 278 2816 hypostasim
292 2735 403 2795 unitum
418 2733 603 2810 corporaliter
615 2734 724 2809 genuit,
739 2733 776 2791 ob
790 2732 818 2790 id
833 2733 912 2792 illam
926 2754 1042 2809 quoque
1057 2737 1212 2815 Deiparam
1228 2759 1294 2799 esse

107 2833 216 2895 dicimus
230 2854 239 2902 ς
262 2851 320 2892 non
333 2831 410 2906 quod
426 2830 482 2890 Dei
503 2830 590 2887 Verbi
606 2840 705 2886 natura
719 2829 862 2888 existendi
885 2831 999 2890 initium
1015 2850 1052 2891 ex
1066 2853 1150 2892 carue
1165 2839 1291 2905 traxerit,

108 2932 148 2991 sed
164 2931 232 3008 quia
248 2932 373 2990 humana
395 2940 495 2987 natura
508 2926 666 2986 secundum
690 2926 870 3004 hypostasim
886 2929 942 2985 sibi
965 2931 1054 2997 unita,
1070 2949 1236 3008 corpoream
1258 2952 1296 2993 ex

108 3043 176 3090 utero
190 3031 367 3089 nativitatem
382 3039 532 3104 expertum
546 3024 650 3083 est.”²²
691 3025 758 3082 “Si
779 3024 859 3082 Deus
874 3035 902 3082 et
923 3025 1068 3085 Dominus
1089 3041 1186 3088 noster
1206 3032 1294 3090 Jesus

109 3125 242 3195 Christus,
270 3123 416 3201 quomodo
445 3123 500 3182 Dei
533 3121 657 3200 genitrix
690 3139 747 3180 non
779 3133 834 3190 est,
865 3141 928 3196 quae
957 3123 1037 3181 ilium
1068 3127 1165 3200 genuit
1198 3140 1295 3187 sancta

112 3226 255 3304 rirgoi’'¹¹

139 3519 174 3584 (1)
192 3516 247 3567 Gal.
260 3515 291 3566 iv.
302 3516 328 3564 4.

140 3601 178 3668 (1)
196 3602 260 3652 Mat.
270 3601 288 3650 i.
299 3602 342 3649 23.

141 3686 179 3754 (³)
197 3687 247 3752 Ep.
259 3684 369 3749 adpr.
655 3752 659 3757 Ι

139 3772 174 3838 (4)
194 3771 259 3822 Diei.
269 3786 328 3821 cum
339 3766 475 3833 Tryphone
485 3765 579 3816 Judso.
588 3780 614 3815 u.
625 3767 667 3816 4³.

141 3859 179 3924 (5)
198 3857 229 3909 1..
240 3858 275 3908 iti.
286 3857 334 3907 adr
343 3855 402 3905 brer.
415 3871 437 3904 c.
453 3854 523 3904 xxxi.
551 3852 794 3921 mmepcmsoiremv
813 3851 879 3917 apud
888 3852 1007 3904 Ireueum
1019 3854 1141 3918 significat
1152 3859 1195 3920 qui
1206 3859 1296 3907 instau-

114 3956 155 3993 ttre
164 3945 241 3996 voluit
248 3943 383 4001 bominem,
393 3957 500 4005 eumque
511 3957 525 3990 e
536 3941 606 4006 lapsu
617 3941 716 4003 erigere.

143 4031 181 4097 (6)
199 4031 230 4082 Ῑιι
240 4046 304 4095 resp.
313 4029 345 4079 ad
355 4044 429 4094 quas.
445 4029 469 4076 5.
482 4026 642 4078 samosateni.

142 4118 179 4184 (7)
198 4118 267 4168 Orat.
278 4117 311 4167 iv.
322 4124 407 4166 contra
418 4115 531 4165 Arianos.

142 4203 179 4270 (8)
197 4203 274 4255 Hom.
285 4218 344 4253 xxv.
352 4201 383 4251 de
394 4202 503 4251 bumana
512 4199 605 4251 Christi
615 4214 696 4261 gener.

145 4289 182 4357 (t)
200 4289 277 4355 Epi.
289 4288 320 4338 ad
332 4285 502 4346 Cleodoniam,
513 4302 557 4336 seu
570 4286 637 4335 Orat.
649 4287 689 4331 51.

145 4374 198 4441 (to)
216 4374 247 4424 L.
258 4382 343 4424 contra
354 4371 505 4422 Helvidium.

148 4461 201 4528 (11)
218 4462 268 4527 Ep.
280 4464 296 4510 3
308 4460 339 4509 ad
350 4459 449 4508 Nestor.
460 4473 482 4506 c.
493 4461 517 4506 2.

151 4548 204 4614 (tt)
223 4549 269 4613 Ep.
282 4546 312 4596 ad
325 4543 469 4595 Monachus.
