2798 5092
89 314 148 369 tro
465 308 521 368 DE
544 306 733 370 VIRGlNlS
754 306 910 370 CULTU.

130 466 286 527 Probatur
300 464 343 525 II.
359 482 396 525 eu
410 466 570 526 traditione
583 485 675 545 quum
687 465 797 525 Patres
811 474 968 526 testentur.

131 569 181 622 80.
204 564 235 621 S.
254 563 428 622 Gnnoomus
442 564 624 623 Nrssnuus:
647 572 667 600 “
679 563 732 622 llla
747 577 811 640 post
834 574 944 641 partum
961 565 1041 641 virgo
1050 565 1221 640 incorrupta
1234 580 1291 619 ma·

93 674 135 721 ter
160 661 238 719 foret
256 659 397 719 filium.'’²
437 661 470 718 S.
487 663 676 720 Auuuosrus:
700 672 719 697 ‘¹
733 661 859 738 Egregia
883 662 969 738 igitur
984 661 1087 730 Maria,
1099 679 1164 733 quae
1177 662 1290 738 siguum

59 775 67 795 ⁴
93 780 180 820 sacroe
196 760 363 837 virginitatis
378 761 489 829 extulit,
504 773 534 819 et
548 761 720 819 intemerata
736 760 904 839 integritatis
922 762 1002 838 pium
1019 759 1138 819 Christo
1152 756 1291 817 vexillum

95 859 208 916 levarit.
250 857 291 917 Et
304 866 399 916 tamen
421 876 486 916 cum
502 876 602 917 omnes
624 857 658 916 ad
680 858 788 916 cultum
802 858 970 935 virginitatis
986 859 1098 917 Sancta
1113 857 1215 915 Mariae
1230 872 1293 933 pro·

94 965 229 1015 vocentur
242 955 387 1032 exemplo,
404 955 516 1015 fuerunt
529 956 578 1029 qui
593 974 656 1013 eam
672 968 809 1032 negarent
822 957 961 1033 virginem
978 972 1192 1033 perseverasse.
1228 950 1291 1011 Hoc

93 1060 210 1114 tuntum
224 1053 417 1133 saerilegium
430 1053 515 1112 silere
525 1053 696 1131 jamdudum
713 1055 875 1123 maluimus,
887 1053 937 1113 sed
954 1055 1022 1128 quis
1036 1070 1123 1112 causa
1138 1052 1251 1111 vocarit
1263 1052 1293 1111 in

94 1152 230 1220 medium,
246 1153 284 1210 ita
298 1152 401 1230 utejus
416 1151 607 1229 prolapsionis
621 1153 707 1210 etiam
722 1152 889 1229 Episcopus
904 1163 1077 1230 argueretur,
1094 1150 1291 1209 indemnatum

95 1270 153 1309 non
167 1251 329 1327 putarimus
341 1247 609 1322 relinquendum.''¹
648 1257 668 1285 ‘⁶
678 1250 724 1308 An
740 1268 807 1308 vero
826 1250 970 1308 Dominus
984 1249 1071 1308 Jesns
1086 1267 1150 1307 eam
1165 1249 1220 1306 sibi
1237 1266 1293 1306 ma·

97 1359 169 1407 trem
183 1348 309 1425 eligeret,
324 1365 388 1421 quae
404 1345 479 1404 virili
493 1346 603 1403 semine
625 1346 717 1405 aulam
740 1359 839 1423 posset
860 1347 1000 1406 incestare
1015 1346 1158 1406 celestem
1171 1344 1219 1400 l”³
1258 1342 1288 1401 S.

95 1448 318 1506 Hrnuounuus:
341 1445 480 1504 “Natum
502 1444 597 1502 Deum
621 1462 685 1502 esse
710 1444 746 1502 de
760 1445 870 1522 virgine
895 1445 1052 1515 oredimus,
1068 1447 1135 1519 quia
1149 1444 1291 1523 legimns:

96 1545 220 1602 Mariam
247 1543 380 1622 nupsisse
401 1554 468 1619 post
489 1551 600 1619 partum
624 1560 683 1601 non
707 1540 862 1610 credimus,
882 1544 949 1618 quia
969 1560 1027 1602 nou
1050 1541 1221 1620 legimus.”⁴
1261 1542 1292 1601 S.

97 1643 288 1700 Erreuaurus
302 1660 310 1698 ε
333 1650 353 1678 “
365 1641 414 1700 Sic
426 1641 531 1700 Sancte
545 1641 639 1699 Maria
650 1642 730 1718 virgo
743 1652 932 1719 nuncupatur,
944 1659 998 1700 nec
1012 1642 1166 1720 appellatio
1179 1642 1236 1701 ista
1248 1642 1296 1700 ali·

95 1737 208 1812 quaudo
242 1738 472 1797 commutabitur.
515 1737 588 1796 Hrec
621 1738 699 1796 enirn
732 1743 868 1815 perpetuo
898 1739 1062 1816 incorrupta
1088 1736 1294 1816 permansit.”⁶

95 1838 294 1896 Gnuusnrus:
317 1836 461 1913 “integra
485 1835 542 1894 fide
563 1834 735 1894 credendum
761 1835 880 1895 Beatam
896 1837 1020 1896 Mariam
1036 1837 1092 1896 Dei
1107 1836 1219 1894 Christi
1237 1856 1295 1895 ma·

95 1947 176 2002 trem,
205 1945 233 1993 et
259 1935 399 2012 virginem
425 1936 603 2013 concepisse,
632 1946 662 1993 et
689 1934 830 2011 virginem
859 1934 1004 2013 genuisse,
1033 1944 1062 1993 et
1089 1943 1155 2012 post
1182 1938 1295 2013 partnui

97 2033 237 2110 virginem
258 2031 497 2109 permansisse.”⁰
548 2032 579 2089 S.
616 2032 810 2090 Accusamus
846 2032 882 2090 de
917 2032 1035 2110 Pelagio
1061 2031 1150 2091 dicit:
1181 2033 1295 2093 “Man-

93 2131 198 2189 ichaeos
237 2130 360 2207 appellat
391 2129 557 2196 catholicos,
598 2147 676 2186 more
699 2128 775 2186 illius
806 2129 964 2196 loriniani,
992 2130 1042 2202 qui
1080 2138 1144 2189 ante
1185 2148 1292 2206 paucos

94 2249 183 2287 annos
198 2229 348 2286 haereticus
375 2247 476 2295 novus,
493 2227 681 2304 virginitatem
698 2227 810 2285 Sanctae
827 2227 926 2286 Mariae
942 2227 1113 2296 destruebat,
1130 2240 1159 2286 et
1173 2230 1290 2308 virgini·

94 2329 143 2384 tati
158 2346 244 2383 saerae
260 2326 372 2401 nuptias
387 2326 515 2384 fidelium
530 2323 742 2400 coaequabat.”⁷
782 2322 857 2384 Haec
878 2325 989 2399 aliaque
1005 2325 1157 2385 manifesto
1172 2328 1293 2404 probant

95 2423 272 2482 traditionem
291 2423 326 2481 de
341 2435 475 2500 perpetua
490 2424 649 2501 virginitate
665 2424 775 2492 Mariae,
791 2442 875 2496 quam
889 2421 995 2482 idcireo
1007 2423 1123 2499 plurimi
1135 2435 1295 2504 agnoscunt

95 2521 270 2596 Αιιςίἰιιιιιί.8

134 2615 288 2674 Probatur
301 2614 363 2674 III.
379 2633 416 2674 eo:
437 2614 581 2675 conciliis.

134 2719 183 2772 81.
207 2715 307 2773 Patres
337 2713 601 2782 chalcedonenses,
628 2715 657 2773 in
686 2715 827 2774 Sermone
854 2716 1089 2793 prosphonetico,
1112 2717 1294 2777 Marcianum

95 2815 298 2890 Imperatorem
313 2813 502 2886 alloquentes,
519 2813 667 2890 Virginem
690 2813 746 2873 Dei
762 2813 941 2874 Genitricem
961 2815 1119 2892 praedicant
1139 2825 1294 2895 “propter

93 2929 158 2969 eum
175 2911 224 2983 qui
239 2911 428 2987 virginitatem
444 2911 499 2987 ipsi
514 2912 599 2969 etiam
613 2923 679 2988 post
692 2923 862 2989 conceptum
876 2911 993 2989 largitus
1008 2923 1063 2981 est,
1079 2924 1164 2987 atque
1180 2927 1214 2973 ut
1226 2914 1291 2975 Deo

95 3006 213 3085 dignum
228 3019 296 3074 erat,
312 3017 423 3067 uterum
441 3009 602 3086 obsignarit
617 3022 648 3066 ut
662 3009 767 3067 nullius
782 3009 893 3086 injurie
909 3007 1013 3068 deinde
1027 3009 1171 3087 pateret.”
1215 3010 1293 3072 Con·

94 3106 377 3184 stantinopolitanum
404 3106 458 3165 111.
485 3107 546 3165 haec
572 3107 673 3164 habet:
697 3107 828 3166 “Maria
849 3107 997 3185 virginitas
1022 3120 1086 3167 ante
1114 3119 1240 3187 partum,
1266 3112 1295 3173 in

98 3218 189 3283 partu,
205 3216 312 3281 etpost
326 3215 437 3281 partum
452 3202 691 3262 intemerabilis.'’

138 3303 286 3361 Accedunt
310 3301 434 3358 rationes
463 3299 641 3376 theologicae.
694 3301 791 3367 Quum
819 3313 916 3359 uterus
945 3302 1074 3380 Virginis
1099 3307 1295 3387 sanctuarinm

100 3402 203 3460 lactum
217 3402 255 3458 sit
269 3399 335 3467 Dei,
345 3417 401 3456 non
417 3398 512 3456 decuit
525 3397 595 3455 illud
607 3397 692 3455 altera
705 3398 785 3476 prole
800 3399 923 3474 impleri.
951 3399 1045 3460 Mater
1059 3401 1127 3459 Filii
1142 3407 1296 3480 praeseutia

95 3510 192 3556 saneta
205 3498 323 3557 omnino
336 3497 410 3555 facta
423 3508 476 3564 est,
491 3506 520 3554 et
542 3495 606 3555 Deo
629 3496 723 3571 plena,
739 3513 824 3570 quam
840 3498 932 3556 carnis
955 3501 1130 3559 commercio
1152 3503 1292 3575 quodam·

98 3594 183 3653 modo
199 3595 345 3671 prolanam
360 3595 423 3653 fieri
438 3594 548 3653 Christi
562 3595 655 3653 honor
669 3613 727 3654 non
740 3594 819 3653 sinit.

131 3752 172 3819 (l)
192 3751 223 3800 In
235 3751 302 3803 Orat.
313 3752 343 3801 de
360 3751 421 3803 Nat.
433 3751 533 3803 Christi.

131 3839 174 3906 (2)
194 3837 301 3888 institut.
312 3837 381 3901 Virg.
393 3854 414 3890 c.
426 3854 449 3889 v.

164 3926 175 3991 )
195 3921 288 3978 Ibidem
300 3938 322 3972 c.
334 3923 367 3973 ri.

130 4013 173 4078 (t)
194 4009 225 4059 L.
236 4006 268 4060 de
279 4022 345 4073 perp.
354 4007 424 4070 Virg.
435 4006 466 4057 B.
478 4007 514 4060 Μ.

133 4098 176 4165 (5)
196 4097 263 4158 Her.
274 4095 367 4148 lxxviii.

134 4184 176 4251 (6)
194 4184 226 4235 L.
236 4183 268 4234 de
280 4181 349 4233 Ecol.
361 4180 442 4242 dogm.
454 4195 475 4230 c.
487 4180 546 4231 lxix.

136 4272 174 4329 (7)
193 4267 286 4318 Contra
298 4271 314 4316 2
326 4282 363 4332 ep.
375 4265 458 4326 Pelng.
469 4264 484 4313 l.
496 4266 512 4314 i.
524 4282 543 4315 c.
554 4267 579 4317 ii.

137 4351 179 4418 (8)
199 4359 214 4384 “
222 4351 279 4403 The
290 4350 418 4419 perpetual
429 4348 546 4415 virginity
558 4353 587 4402 of
594 4352 636 4402 the
648 4353 747 4404 Mother
757 4356 784 4405 oi
793 4350 849 4407 God
860 4371 906 4406 our
922 4352 1027 4405 Savionr
1037 4354 1059 4404 is
1070 4372 1098 4406 so
1109 4356 1186 4423 likely
1199 4377 1214 4410 a
1225 4361 1298 4426 thing

101 4438 148 4488 and
160 4454 187 4488 so
205 4439 352 4504 universelly
372 4437 489 4498 received,
508 4437 561 4489 that
572 4441 584 4488 I
596 4440 627 4489 do
647 4450 692 4490 not
710 4458 750 4491 see
768 4428 826 4507 why
847 4458 885 4492 we
904 4441 991 4491 should
1004 4450 1049 4493 not
1059 4444 1117 4494 look
1128 4461 1199 4511 upon
1210 4449 1230 4499 it
1252 4466 1298 4501 aar

101 4524 369 4589 genuineApostolical
380 4523 533 4575 Trndiuont’
568 4527 662 4593 Bishop
673 4528 773 4582 Patrick
781 4542 815 4580 on
826 4526 964 4589 Tru‘dltion,
974 4527 1025 4580 No.
1038 4533 1078 4580 78.
1090 4547 1116 4597 p.
1129 4535 1171 4584 sl.
1208 4535 1298 4590 Oxfori

101 4609 198 4667 Tracts,
207 4609 254 4660 vol.
267 4612 297 4661 4:
876 4608 889 4639 ³
891 4612 895 4629 ¹
