2798 5092
145 333 203 390 184
578 327 635 402 DE
657 328 798 401 CULTU
821 329 903 389 DEI.

134 488 195 559 ,sed
209 487 298 549 altum
311 487 347 549 de
362 488 425 549 Deo
435 489 581 560 ,rebusque
595 487 700 549 divinis
712 507 831 551 seucum
843 485 951 565 prodit.
993 484 1138 551 ceterum
1153 483 1265 549 Paulus
1281 501 1340 547 non

72 618 77 628 ·
142 587 282 661 rationem
304 606 359 661 qua
381 585 462 649 Deus
485 585 628 644 colebatur
650 605 667 643 a
685 584 795 645 Juoais
812 584 978 657 ,censendus
1003 595 1049 643 est
1068 584 1267 660 impugnasse,
1280 594 1341 641 erat

143 685 221 743 enim
236 683 371 741 divinitus
386 683 569 760 prescriptar
591 682 642 740 sed
656 684 686 741 in
700 700 736 741 eo
761 691 835 740 totus
857 694 916 740 erat
930 692 961 740 ut
974 679 1137 740 ostenderet
1161 679 1235 758 legis
1260 679 1339 741 illius

143 778 345 857 obligationem
361 779 493 838 desiisse.
1273 816 1277 822 -

184 881 230 936 ll.
257 874 323 955 Obj.
335 879 365 943 4.
388 875 491 937 cultus
506 874 663 935 catholicus
678 874 876 937 traditionibus
898 873 1032 931 humanis
1052 872 1162 940 nititur,
1187 890 1254 945 ques
1271 890 1340 933 sen·

143 975 198 1043 sim
213 973 275 1034 sine
290 992 377 1035 sensu
392 954 552 1040 creveru'nt,
564 974 726 1049 Augustino
736 974 798 1050 jam
810 990 865 1030 suo
880 983 1009 1047 tempore
1023 980 1160 1044 querente
1175 968 1210 1026 de
1231 968 1270 1037 iis
1291 969 1343 1042 qui

143 1071 241 1139 fideles
254 1073 488 1130 ceremoniarum
510 1071 689 1130 multitudine
715 1072 848 1139 obruunt,
862 1079 892 1142 et
913 1079 933 1106 “
946 1068 1097 1128 servilibus
1119 1067 1257 1152 oneribus
1278 1085 1343 1144 pre-

96 1198 101 1205 *
142 1179 233 1237 munt,
248 1181 279 1227 ut
293 1170 464 1229 tolerabilior
477 1171 516 1228 sit
528 1168 656 1229 conditio
669 1170 688 1228 J
691 1168 884 1229 udaaorum.’'²

181 1267 271 1346 Reap.
294 1265 413 1327 Cultum
426 1286 574 1327 servamus
589 1268 623 1325 ab
637 1267 844 1341 antiquissimis
860 1264 1036 1343 temporibus
1052 1262 1344 1340 traditum,1lccuple·

142 1367 216 1425 tibus
231 1367 308 1425 enirn
322 1355 499 1425 documentis
514 1367 667 1443 probamus
681 1364 787 1437 seculo
807 1375 908 1438 quarm
918 1363 1019 1433 saltem
1031 1363 1136 1421 rituum
1152 1361 1341 1438 splendorem

19 1499 50 1550 ..²
140 1475 170 1525 et
184 1465 297 1542 copiam
321 1483 454 1543 magnam
476 1464 576 1534 inisse,
592 1482 664 1538 quos
684 1462 718 1522 ad
739 1464 803 1540 ipsa
824 1462 981 1541 primordia
1002 1461 1143 1529 Ecclesiae
1156 1479 1216 1520 non
1232 1466 1350 1520 temere'

140 1560 267 1621 referunt
279 1561 333 1619 riri
348 1561 460 1620 eruditi.
502 1562 629 1629 Questus
649 1570 694 1619 est
714 1573 809 1620 autem
830 1560 1008 1637 Augustinus
1023 1558 1059 1618 de
1073 1558 1248 1636 specialibus
1264 1557 1344 1617 loco·

141 1676 205 1717 rum
229 1657 352 1716 ritibus:
374 1657 511 1717 “Omnia
534 1658 629 1732 itaque
656 1657 731 1729 talia,
747 1675 811 1730 quar
835 1675 929 1731 neque
950 1667 1111 1723 sanctarum
1128 1654 1342 1730 Scripturarum

101 1764 107 1793 ³
143 1754 357 1813 authoritatibus
372 1755 563 1823 continentur,
572 1773 631 1812 ,nec
653 1755 683 1812 in
705 1754 834 1813 conciliis
856 1754 1057 1831 episcoporum
1073 1761 1175 1810 statuta
1189 1751 1344 1810 inveniun-

34 1882 65 1929 ῃ,
141 1861 195 1921 tur,
205 1871 258 1912 nec
269 1852 477 1912 consuetudine.
487 1853 628 1910 universae
643 1851 785 1919 Ecclesiae
799 1853 930 1915 roborata
941 1861 1018 1919 sunt,
1031 1850 1082 1909 sed
1094 1869 1147 1928 pro
1159 1849 1342 1908 diversorum

141 1951 270 2010 locorum
285 1951 406 2010 diversis
421 1951 547 2010 moribus
562 1950 806 2009 innumerabiliter
820 1949 972 2017 variantur,
988 1948 1026 2006 ita
1039 1956 1071 2005 ut
1091 1948 1141 2005 vix
1156 1956 1205 2004 aut
1217 1945 1342 2005 omnino

139 2065 295 2121 numquam
311 2048 432 2108 inveniri
446 2048 559 2125 possint
572 2065 676 2115 cause,
690 2065 762 2120 quas
782 2047 813 2105 in
833 2047 870 2105 iis
890 2043 1074 2104 instituendis
1095 2044 1229 2102 homines
1244 2043 1340 2102 secuti

140 2155 216 2212 sunt,
232 2144 281 2202 ubi
295 2144 412 2203 facultas
427 2145 566 2213 tribuitur,
581 2144 644 2201 sine
659 2142 716 2201 ulla
730 2143 905 2202 dubitatione
919 2141 1075 2200 resecanda
1088 2138 1259 2198 existimo,”
1319 2148 1321 2155 '

183 2245 229 2301 12.
255 2239 320 2319 ooj.
333 2246 361 2300 5.
383 2241 468 2301 Ritus
481 2240 610 2318 plerique
623 2259 641 2299 a
653 2239 762 2300 Judeis
777 2240 823 2298 vel
837 2238 1002 2298 Gentilibus
1023 2245 1090 2295 sunt
1110 2237 1252 2297 mamati:
1275 2255 1338 2295 non

47 2404 57 2437 ,
140 2348 235 2397 autem
248 2337 395 2415 oportebat
407 2337 620 2414 simplicitatem
634 2336 728 2395 cultus
742 2335 891 2395 christiani
908 2335 953 2393 his
968 2333 1095 2393 inficere.

31 2462 128 2556 CX
179 2434 269 2512 neap.
292 2435 362 2494 Non
375 2435 414 2495 ita
426 2453 458 2493 se
472 2453 518 2493 res
532 2434 626 2502 habet,
641 2438 773 2508 quamvis
794 2433 925 2493 nonnulli
944 2433 1017 2492 ritus
1039 2430 1188 2490 videantur
1202 2430 1343 2503 aliquate-

44 2552 62 2599 t
135 2551 194 2603 nus
204 2531 326 2610 judaicis
340 2531 452 2600 affines,
466 2532 593 2606 alioquin
605 2532 691 2608 louge
706 2532 740 2589 ab
752 2532 788 2616 iis
800 2530 926 2590 discreti.
948 2530 998 2589 Ex
1012 2529 1192 2588 ethnicomm
1207 2529 1341 2588 moribus

50 2622 66 2689 ἐ·
135 2643 230 2698 ortam
244 2649 309 2695 esse
322 2631 502 2693 occasionem
513 2631 601 2698 ritum
623 2630 748 2704 aliquem
769 2629 936 2690 instituendi
957 2647 1016 2688 non
1031 2645 1179 2706 negamus,
1195 2636 1228 2684 ut
1242 2644 1341 2704 prave

49 2774 62 2809 s.
140 2728 346 2804 corrigerentur
360 2725 591 2795 consuetudines,
606 2726 677 2786 vitio
699 2727 779 2799 omui
794 2735 933 2786 resecato.
973 2722 1107 2784 Prosectd
1127 2722 1274 2783 laudanda
1294 2734 1343 2782 est

43 2812 73 2906 t]-
135 2826 254 2903 sapiens
268 2826 316 2884 illa
330 2827 497 2894 oemnomia,
510 2845 568 2900 qua
581 2826 697 2884 veritate
711 2826 741 2884 in
766 2837 827 2884 tuto
853 2824 947 2900 posita
966 2841 1063 2882 mores
1077 2821 1112 2881 ad
1127 2822 1190 2899 ejus
1205 2840 1341 2883 normam

59 2986 67 3011 ,
136 2923 335 2991 emendentur,
350 2934 378 2982 et
401 2924 467 2984 finis
489 2935 662 3002 proponatur
683 2941 740 2996 quo
761 2932 860 2981 sancte
881 2922 950 2981 fiant
971 2939 1034 2994 quas
1056 2921 1136 2998 prius
1157 2920 1194 2978 ob
1216 2937 1340 2996 pravum

64 3092 67 3097 Ι
140 3020 227 3078 finem
252 3020 340 3096 impia
354 3029 434 3078 erant
454 3031 482 3077 et
504 3017 679 3077 detestanda.
721 3026 742 3057 ‘⁸
755 3019 825 3078 Non
839 3015 1004 3085 similiter‚”
1029 3016 1123 3091 inquit
1144 3015 1341 3092 Augustinus,

144 3128 164 3155 ‘⁶
175 3137 241 3177 cum
256 3119 387 3195 gentibus
401 3118 536 3185 vivimus,
551 3118 666 3177 easdem
681 3135 809 3183 res,.non
823 3113 857 3174 ad
872 3114 995 3174 eundem
1009 3115 1096 3173 finem
1111 3113 1289 3172 referendo.²

182 3220 228 3275 13.
247 3214 315 3293 ooj.
328 3219 357 3273 6.
380 3214 622 3292 supplicationes,
633 3232 707 3287 aqua
719 3213 912 3278 lustrationes,
926 3211 1017 3270 thuris
1031 3211 1172 3279 incensio,
1186 3228 1340 3271 cereorum

138 3313 231 3389 copia,
247 3309 373 3378 donaria,
388 3321 544 3382 ceteraque
559 3309 681 3386 plurima
705 3310 740 3367 ab
766 3309 903 3367 Ethuicis
924 3308 1076 3384 desumpta
1101 3316 1179 3374 sunt,
1201 3324 1257 3364 nec
1280 3324 1338 3365 suo

136 3409 209 3467 ,vitio
225 3417 352 3484 purgata,
369 3407 464 3465 insuia
477 3407 555 3466 enim
569 3416 636 3464 sunt
649 3416 677 3464 et
690 3405 899 3482 superstitiosa.

178 3503 267 3582 Reap.
288 3504 436 3563 Falluntur
449 3504 634 3563 vehementer
648 3504 697 3576 qui
714 3504 776 3562 hec
798 3503 896 3562 omnia
918 3503 953 3560 ab
973 3501 1098 3560 ,ethnicis
1119 3500 1259 3568 derivant,
1279 3500 1341 3578 ple·

21 3606 77 3680 ρκ’
138 3619 226 3674 reque
241 3601 324 3658 enim
349 3601 379 3659 iu
402 3600 480 3659 cultu
503 3619 588 3674 quem
612 3599 694 3658 Deus
718 3600 782 3676 ipse
806 3598 915 3660 ludaeis
943 3598 1118 3676 prescripsit
1139 3598 1339 3657 verosimilius

27 3774 29 3778 Ι
136 3699 243 3761 habent
256 3697 480 3765 fundamentum,
495 3699 626 3771 quamvis
640 3696 717 3774 apud
731 3716 784 3757 uos
799 3697 912 3756 diversa
924 3697 991 3764 sint,
1007 3708 1037 3754 et
1046 3695 1212 3754 christianis
1225 3707 1338 3772 myste-

31 3792 34 3798 '
137 3795 187 3852 riis
213 3794 434 3852 accommodata.
476 3794 608 3852 Profectb
634 3793 698 3852 Deo
720 3794 840 3869 jubente
855 3794 939 3859 „circa
960 3793 1060 3851 urbem
1082 3790 1342 3853 Hierichuntinam
1373 3809 1387 3859 f

60 3910 65 3925 ¹
136 3910 202 3950 arca
216 3891 322 3967 septies
338 3890 500 3948 circumlata
518 3902 571 3958 est,
594 3900 622 3947 et
636 3890 742 3965 saepius
764 3889 833 3947 alias
854 3888 977 3947 solemni
998 3906 1105 3965 pompa
1124 3888 1181 3946 lata
1201 3870 1337 3956 refertur,

136 3986 258 4055 Davide,
272 3987 392 4054 Levitis,
406 3997 435 4044 et
449 3986 555 4063 populo
569 3988 703 4045 universo
724 3984 819 4062 gaudii
841 3986 948 4044 indicia
967 3986 1056 4044 sacris
1077 3986 1208 4053 canticis,
1225 3998 1254 4043 et
1269 3987 1336 4046 aliis

137 4085 293 4144 rationibus
310 4083 452 4142 dantibus.
494 4085 685 4161 Aspersiones
709 4082 804 4160 plures
826 4083 965 4159 aMoyse
980 4083 1152 4160 prescriptae
1175 4093 1254 4150 sunt,
1270 4083 1338 4144 Dee

138 4192 271 4251 auctore;
286 4191 314 4240 et
327 4182 357 4240 in
374 4180 459 4239 reteri
474 4180 610 4240 Ecclesia
623 4192 834 4239 consueverunt
845 4179 992 4238 christiani
1004 4179 1168 4238 Ecclesiam
1177 4179 1341 4256 ingressuri

138 4290 197 4340 toto
211 4299 242 4338 se
257 4299 383 4359 mergere
408 4299 539 4357 corpora,
554 4279 600 4337 vel
620 4298 721 4337 manus
742 4278 842 4337 saltem
857 4277 983 4345 abluere,
998 4288 1029 4337 ut
1042 4277 1212 4336 munditiem
1228 4280 1339 4339 anime

339 4517 381 4584 (l)
401 4517 449 4583 Ep.
461 4519 493 4567 lv.
506 4515 566 4565 alias
577 4513 644 4563 cxix.
653 4528 707 4578 qus
719 4522 756 4564 est
764 4513 796 4562 ll.
808 4513 839 4564 ad
847 4511 995 4564 ianuarium
1005 4529 1026 4564 c.
1038 4513 1090 4563 dx.

340 4602 383 4667 (2)
403 4602 498 4653 Contra
508 4601 631 4650 Faustum
642 4600 658 4648 l.
670 4615 714 4648 xx.
723 4616 745 4649 c,
756 4597 829 4648 xxiii.
