2798 5092
143 350 203 409 194
625 348 853 409 ΑΡΡΕΝΒΙΧ.

184 512 252 568 191.
272 506 458 568 &uramus
471 506 569 577 VIII,
590 507 765 567 Benedictus
785 506 956 585 cajetsnns,
969 516 1055 566 anu
1065 507 1173 577 dimus,
1186 510 1336 587 presbyter

144 607 296 667 cardinalis
312 607 414 666 doetus
427 620 456 665 et
468 625 569 684 sagax,
583 606 636 664 sed
649 607 677 664 si
696 606 860 665 aucmribus
873 607 913 664 sit
924 603 1010 672 tides,
1025 607 1183 666 ambitione
1195 609 1338 686 abreptus,

143 704 191 766 dic
203 710 245 764 et
259 704 429 764 Decembris
452 708 529 762 1294
547 704 657 763 clectus
669 715 726 762 cst.
758 703 873 782 Regem
893 703 1066 772 Galliarum,
1079 704 1252 783 Philippum
1276 707 1339 766 Pul·

147 801 262 869 chrum,
277 802 419 861 Ecclesiae
438 801 655 861 conculcantem
671 803 748 878 jun,
762 816 793 860 et
804 801 945 878 legatum
965 801 1165 868 Pontificium,
1178 817 1278 862 contra
1293 806 1341 881 jus

144 901 285 979 gentium,
299 899 438 959 custodie
458 899 625 969 tredentem,
639 899 820 959 mathemate
845 901 998 977 percussit,
1011 912 1042 957 et
1063 901 1145 977 regio
1159 901 1227 978 jure
1239 903 1340 979 spolia·

145 1009 206 1056 tum
227 997 422 1075 pronuntiarit
433 1007 463 1055 et
477 1008 567 1055 totum
581 1016 702 1075 regnum
716 997 805 1055 sacris
819 996 976 1064 interdixit,
989 1009 1022 1055 ut
1033 997 1157 1055 aliorum
1167 997 1274 1056 damm
1287 1017 1337 1057 rex

144 1108 381 1155 commoreretur.
425 1093 497 1154 lude
521 1106 620 1154 wcuts
642 1106 688 1153 est
711 1106 811 1154 contra
838 1096 1004 1171 pontificem
1024 1096 1186 1172 conjuratio
1206 1096 1336 1165 nefanda,

142 1194 263 1272 ipseque
284 1195 414 1271 captiuus
428 1192 520 1252 Iactus
544 1193 695 1270 Anagnia,
709 1208 739 1251 et
752 1192 891 1270 deinceps
905 1192 1053 1260 liberetur,
1073 1204 1141 1269 poa
1153 1213 1265 1270 pancos
1278 1194 1337 1253 dies

142 1290 215 1350 obiit
234 1291 370 1350 erumnis
394 1291 522 1357 obrutus,
545 1309 622 1349 auno
649 1294 736 1359 1333,
761 1307 850 1364 quum
873 1283 999 1346 sedisset
1018 1296 1110 1348 auum
1133 1302 1213 1355 octo,
1228 1309 1340 1369 mensus

143 1406 259 1456 norem,
274 1387 337 1447 dies
351 1386 524 1447 octodecIm.
566 1387 683 1448 PrImns
697 1388 854 1467 publicarit
866 1385 1036 1446 Jubileum.

631 1565 760 1625 Secum
779 1562 865 1624 xlv.

185 1725 251 1783 192.
273 1723 468 1786 Barasrot-us
482 1727 549 1796 XI,
563 1726 659 1784 verius
673 1724 724 1791 X.,
739 1735 823 1782 antea
836 1723 977 1807 liicoltus
992 1723 1166 1792 eominus,
1181 1743 1221 1783 ex
1235 1724 1334 1784 ordine

142 1816 378 1889 Predicaiorum,
400 1822 503 1882 humili
532 1822 598 1882 loco
624 1833 719 1888 natus,
745 1820 847 1878 virtute
871 1837 986 1879 summo
1015 1821 1128 1879 muneri
1156 1839 1209 1898 par
1236 1820 1334 1879 erasit

141 1916 266 1978 Matrem
282 1920 408 1996 pulchris
422 1935 550 1981 omnum
565 1921 692 1979 restibus
706 1918 799 1978 noluit
812 1937 987 1996 agnoscere3
1008 1918 1060 1977 sed
1075 1938 1129 1996 pro
1142 1937 1223 1978 inore
1236 1918 1337 1978 vilibus

140 2012 317 2074 indumentis
333 2028 439 2077 tectam
453 2037 519 2077 cum
534 2017 640 2076 amoris
654 2027 684 2074 et
695 2015 815 2074 honoris
829 2015 944 2074 indiciis
955 2016 1081 2092 excepit.
1106 2017 1194 2074 ·Peci
1210 2017 1341 2094 reipubli·
1376 2042 1393 2055 =

141 2129 183 2170 ce
197 2112 362 2173 christiane
384 2126 417 2173 ut
433 2115 608 2182 consuleret,
626 2111 744 2172 rescidit
758 2111 922 2171 decessoris
936 2114 982 2171 sui
1004 2115 1035 2172 iu
1048 2130 1145 2190 regem
1165 2131 1341 2190 regnumque

141 2205 300 2269 Galliarum
321 2222 393 2269 scta.
435 2212 555 2272 Pressit
576 2209 717 2269 Ecclesite
740 2221 807 2268 octo
828 2220 937 2268 mutum
960 2226 1087 2277 menses,
1106 2209 1171 2268 dies
1194 2209 1342 2278 undecim,

139 2301 290 2365 defunctus
303 2312 323 2365 1
336 2306 408 2366 Iulii
422 2307 468 2366 die
486 2311 572 2375 1304,
588 2305 732 2366 miraculis
748 2317 949 2384 postmortem
965 2305 1070 2364 clarus.

184 2407 249 2465 193.
273 2405 422 2466 Caenus
436 2406 487 2475 V.,
501 2416 584 2464 autea
597 2403 773 2464 Bemmdus
786 2402 822 2463 de
843 2404 958 2481 Agutis,
980 2403 1217 2482 archiepiscopus
1238 2403 1338 2463 Burdi-

140 2499 278 2579 galeusis,
300 2514 367 2579 post
386 2502 520 2561 undecim
542 2519 657 2561 meuses
681 2500 790 2558 electus
814 2512 869 2568 est,
894 2501 985 2578 gratia
1007 2499 1140 2577 Philippi
1160 2500 1292 2569 Pulchri,
1315 2501 1340 2558 si

141 2595 226 2656 same
242 2598 281 2657 sit
293 2595 376 2655 fides.
418 2597 477 2656 Hic
492 2597 602 2674 primus
615 2596 766 2654 Arenicne
790 2596 875 2653 sedit.
917 2597 1047 2655 Plurima
1066 2596 1254 2656 inEcclesite
1268 2596 1360 2656 nuli-

141 2701 227 2753 istem
243 2694 375 2770 patrarit,
389 2694 486 2753 missis
501 2693 569 2753 fidei
593 2693 774 2772 preconibus
791 2692 820 2750 iu
843 2693 1029 2753 'lamrcrum
1048 2694 1213 2772 imperium,
1231 2704 1258 2753 et
1272 2712 1339 2752 cou·
1369 2705 1372 2708 ’

140 2789 208 2850 cilio
223 2790 417 2851 OEcumenico
430 2791 591 2850 Viennensi
605 2790 757 2849 celebrato.
779 2789 965 2867 Templurios
979 2789 1056 2850 haud
1069 2791 1177 2868 injuria
1189 2790 1337 2850 damnatos

1359 2210 1393 2219 ..-

17 2942 19 2945 .
141 2899 262 2948 censent
274 2889 405 2947 nonnulli
420 2899 487 2967 post
500 2888 650 2947 Ferretum
672 2888 869 2955 vicentinum,
891 2889 1060 2965 pontificum
1080 2889 1202 2948 minime
1218 2887 1349 2947 laudato·

139 3001 223 3045 rem:
255 2995 276 3022 ⁶⁴
288 2987 353 3046 Nec
366 2986 524 3065 putandum
540 2998 653 3044 cattam
668 2985 810 3044 salubrem
828 2997 885 3044 tam
905 2985 970 3045 Deo
984 2996 1095 3063 gistum
1109 2997 1265 3063 pastorem,
1276 2987 1368 3045 odio·

140 3083 186 3160 pel
200 3102 285 3160 prece
299 3094 465 3162 cormptum
479 3104 497 3142 a
507 3084 621 3163 justitia
635 3083 807 3151 declinasse,
821 3102 888 3143 uam
902 3085 1000 3143 omnia
1012 3085 1097 3152 bene,
1111 3095 1141 3143 et
1150 3085 1295 3163 sapienter
1309 3087 1352 3142 ab

140 3198 177 3241 eo
190 3193 272 3260 gesta
285 3201 371 3241 nemo
393 3182 496 3241 mentis
522 3183 632 3260 Integer
651 3179 818 3258 ambigit.”¹
858 3180 939 3241 Obiit
958 3185 999 3240 20
1019 3181 1129 3259 Aprilis
1151 3202 1229 3243 auno
1252 3187 1348 3249 1314,

142 3296 231 3355 quum
246 3279 368 3338 sedisset
382 3299 472 3339 annos
484 3291 560 3349 octo,
577 3297 691 3338 meuses
706 3278 817 3348 decem,
832 3278 895 3338 dies
910 3279 1087 3353 qulndecim.

183 3380 251 3436 194.
272 3378 410 3437 Josurtus
438 3377 550 3445 XXII,
582 3378 677 3436 verius
698 3379 795 3446 xxt,
816 3390 900 3437 antea
922 3376 1049 3436 Iacobus
1070 3376 1106 3435 de
1127 3376 1215 3446 Ossa,
1237 3378 1342 3438 Gallus

138 3486 235 3554 gente,
251 3493 288 3533 ex
304 3488 382 3552 patre
403 3486 499 3533 sutore
518 3477 755 3534 veteramentario
777 3488 870 3542 uatus,
884 3475 993 3534 electus
1013 3485 1063 3533 est
1077 3486 1145 3553 pust
1157 3476 1338 3534 intervallum

140 3589 279 3632 annorum
295 3571 427 3640 duorum,
443 3572 585 3631 mensium
600 3573 697 3640 trium,
713 3571 824 3631 dierum
839 3571 1056 3649 septemdecim.
1100 3571 1178 3631 Cum
1193 3571 1339 3631 Ludovlcu

140 3668 265 3736 Basaro,
281 3686 347 3745 rege
370 3668 577 3736 Romanorum,
600 3687 686 3746 grave
710 3669 809 3727 habuit
832 3668 998 3737 dissidium,
1020 3687 1108 3742 quem
1128 3679 1159 3727 et
1178 3667 1337 3747 depositum

140 3768 215 3827 solio
230 3767 422 3846 pronuntiarit
435 3767 472 3824 ob
486 3767 655 3843 gravissima
675 3767 810 3825 facinora
854 3766 1115 3844 Pseudo-pontifex
1137 3766 1243 3826 Petrus
1265 3767 1337 3844 Ray·

140 3864 283 3925 ualduccii
297 3864 332 3921 de
358 3862 507 3931 corbaria,
530 3863 751 3932 Franciscanus,
766 3865 816 3937 qui
843 3864 958 3923 Nicolai
980 3865 1097 3923 nomiue
1117 3863 1246 3923 intrusus
1268 3877 1335 3922 esta

141 3963 302 4030 Ludovico,
323 3962 403 4042 brevi
427 3960 562 4036 deposuit
587 3975 681 4021 vestes
702 3961 892 4039 pontificales.
933 3961 1017 4021 Fidei
1039 3962 1156 4039 puritati
1177 3961 1335 4040 invigilavit

140 4062 287 4128 Ioannes3
317 4059 367 4118 sed
390 4058 599 4132 inquestione
624 4070 684 4118 orta
704 4059 739 4117 de
762 4059 872 4117 visione
897 4057 1001 4117 divine
1020 4057 1154 4117 essentie
1177 4057 1334 4117 antediem

134 4158 249 4235 judicii,
264 4159 294 4217 in
308 4157 476 4236 opinionem
492 4156 642 4234 propendit
661 4176 762 4216 eorum
777 4156 826 4232 qui
841 4155 999 4216 docueruut
1011 4166 1126 4215 sanetus
1140 4174 1209 4215 cum
1224 4155 1335 4216 Christo

138 4257 255 4337 quidem
277 4257 390 4316 interim
411 4255 529 4324 versari,
556 4265 585 4314 et
605 4256 779 4315 beatitudIne
799 4256 865 4325 frui,
881 4275 935 4315 nec
955 4267 1051 4316 tamen
1071 4258 1166 4334 ipsam
1179 4258 1332 4317 essentiam

138 4351 263 4414 divinam
278 4355 392 4414 intueri.
433 4355 587 4414 Praeccnes
601 4353 794 4432 Evangelicus
810 4354 840 4414 itt
854 4354 1021 4414 Armeniam
1043 4353 1132 4423 misit,
1149 4364 1179 4415 et
1200 4355 1271 4416 alias
1288 4360 1332 4432 up·

139 4452 202 4513 litui
216 4455 360 4531 pontilicis
375 4455 504 4534 implerit
518 4467 622 4532 partes,
633 4472 723 4513 annos
738 4453 936 4514 novemdecim
948 4472 958 4523 ς
973 4452 1123 4513 defunctus
1136 4452 1337 4516 4Deeett'tbris
1378 4455 1388 4489 ¹

141 4548 188 4611 die
205 4551 292 4609 1334.

644 4708 848 4778 (inactus
