2798 5092
455 293 718 357 nonnemo
740 292 1009 357 utrumnum
1275 296 1343 384 1er

131 459 160 518 ad
174 461 272 520 Deum
301 457 445 525 transire,
466 465 494 514 et
507 455 575 514 alter
588 456 618 514 iu
639 453 744 512 saeculo
769 452 962 512 remanere.'’¹
1002 452 1147 530 Exempla
1167 459 1330 511 sanctornm

134 560 253 637 plurima
267 554 505 625 referunturqui
526 551 660 629 conjugio
683 550 725 608 uti
739 562 853 628 propter
866 549 1015 609 Christum
1029 549 1189 608 noluerunt.
1231 548 1276 608 De
1296 549 1329 606 8.

129 655 234 715 Thecla
262 652 295 712 id
323 659 468 709 testantur
488 649 519 705 S.
541 647 733 726 Epiphanius,
754 656 783 705 et
807 645 840 703 S.
861 646 1051 714 Ambrosiue3
1083 645 1120 704 de
1142 647 1175 705 8.
1198 644 1330 712 Goecilia,

127 754 236 820 Alexio,
251 762 283 810 et
298 747 473 825 Euphrasia
493 745 611 803 Simeon
632 743 863 821 Metaphrastes3
885 742 919 801 de
939 742 1050 802 duobus
1072 743 1209 802 militibus
1224 744 1257 803 8.
1273 744 1331 802 An·

125 851 276 931 gustinnet
302 846 342 905 de
359 845 393 902 S.
409 841 557 902 Leobardo
569 841 601 899 S.
618 841 775 918 Gregorius
790 840 989 909 Turonensis3
1011 838 1046 898 de
1061 841 1171 916 virgine
1191 840 1333 919 Gregoria

126 947 154 1006 8.
169 943 354 1022 Gregorius.
378 939 432 1006 M;
458 937 493 995 de
507 935 636 995 Edilrida
649 936 759 1014 Angliae
770 937 869 1014 regina
882 936 1062 995 Venerabilis
1078 936 1182 994 Beda.⁸
1221 937 1331 997 Dicun-

126 1055 167 1104 tnr
178 1044 270 1103 etiam
299 1036 465 1098 Pontifices
487 1034 610 1092 Romani
624 1035 729 1111 saepius
745 1034 917 1093 matrimonii
940 1032 1015 1092 haud
1029 1034 1218 1094 consummati
1233 1034 1332 1093 vincu-

126 1144 181 1203 lum
195 1137 374 1200 diremisse,
390 1133 427 1192 ob
439 1131 620 1208 gravissimas
634 1150 744 1200 causas,
760 1142 861 1209 prater
880 1132 1026 1210 religionis
1048 1133 1206 1190 solemnem
1222 1132 1330 1208 profes-

125 1241 246 1299 sionem.
296 1229 446 1292 Nonnulli
460 1225 584 1305 theologi
598 1239 693 1288 tamen
713 1241 816 1306 negant
836 1229 920 1287 aliam
934 1230 971 1288 ob
985 1248 1099 1290 cansam
1122 1241 1223 1306 preter
1236 1229 1330 1306 ipsam

127 1334 345 1416 professionem
373 1325 536 1403 religiosam
559 1325 703 1383 vinculum
724 1326 819 1384 dirimi
847 1345 944 1404 posse.
984 1325 1130 1385 (laterum
1152 1344 1240 1400 quum
1267 1326 1331 1385 solo

129 1433 254 1512 prestito
282 1441 447 1488 consensu,
463 1432 526 1479 ante
546 1422 673 1499 conjugii
688 1440 783 1490 usum,
801 1441 859 1480 non
875 1423 1002 1481 uideatur
1014 1422 1085 1482 adeo
1100 1422 1225 1499 perfecta
1238 1441 1330 1481 sacra·

127 1530 210 1604 menti
225 1525 307 1586 ratio
330 1532 365 1580 ut
379 1518 454 1577 solvi
468 1527 589 1591 nequeat
611 1518 717 1591 absque
742 1519 846 1595 injuria
869 1520 961 1596 ipsius
977 1519 1021 1578 vel
1041 1519 1279 1590 contrabentium,
1294 1520 1330 1578 iis

126 1625 304 1688 assentimur
319 1618 373 1693 qui
397 1625 515 1674 censent
535 1634 663 1673 summos
686 1615 826 1673 Ecclesia
842 1627 965 1675 rectores
979 1635 1038 1674 suae
1054 1616 1200 1694 potestatis
1225 1616 1330 1675 limites

126 1745 156 1785 ea
166 1726 194 1783 in
211 1741 243 1782 re
256 1715 342 1778 haud
358 1712 530 1772 excessisse.
553 1712 617 1779 Quo
627 1712 692 1789 jure
704 1712 850 1771 dirimatur
861 1713 1006 1790 religionis
1021 1715 1199 1791 professione
1213 1714 1331 1784 emissa,

128 1822 264 1899 quaritur
279 1837 298 1874 a
314 1810 470 1887 theologis,
486 1828 606 1882 quorum
621 1810 708 1882 aliqui
723 1809 756 1869 ad
768 1810 817 1886 jus
832 1811 969 1880 naturale,
984 1811 1032 1869 alii
1047 1810 1082 1870 ad
1092 1813 1142 1889 jus
1157 1812 1328 1872 ecclesiasti·

127 1938 201 1986 cum,
211 1909 317 1991 aliiad
325 1909 379 1986 jus
392 1904 518 1963 divinum
532 1903 603 1963 illud
617 1904 750 1963 referunt.
772 1905 820 1964 Ex
834 1925 942 1964 canone
954 1905 1134 1975 Tridentino,
1145 1908 1184 1965 ait
1195 1907 1333 1966 Benedic-

128 2030 171 2078 tus
181 2012 283 2078 xlv,
302 2017 323 2045 ‘¹
336 2003 497 2064 clarissime
512 2000 670 2061 ostenditur
679 2002 752 2059 lianc
763 2002 963 2061 solubilitatem
976 2004 1116 2080 originem
1126 2005 1229 2062 babere
1240 2006 1331 2082 ajure

128 2108 290 2177 divinotsi
306 2102 499 2177 etenim,post
509 2099 587 2158 huuc
596 2098 760 2158 Tridentini
773 2117 924 2167 canonem,
940 2098 975 2157 de
990 2098 1046 2158 fide
1061 2111 1106 2157 est
1119 2103 1331 2162 matrimonium

127 2223 215 2272 ratum
239 2202 322 2265 solvi
337 2217 391 2277 per
406 2196 626 2273 professionem,
639 2196 796 2255 solubilitas
811 2195 909 2254 debuit
921 2214 986 2254 esse
1002 2196 1136 2274 imposita
1150 2216 1167 2254 a
1180 2198 1242 2256 solo
1257 2198 1333 2269 Deo,

129 2309 249 2384 quieam
262 2299 365 2380 potuit
374 2295 467 2355 facere
477 2295 648 2372 sempiterne
660 2313 766 2362 veram,
776 2295 817 2353 uti
828 2295 966 2354 subtiliter
975 2305 1185 2372 argumentatur
1196 2296 1282 2355 Oard.
1296 2298 1331 2357 de

129 2399 299 2466 Laurea.’'⁸
343 2394 420 2454 Hac
434 2391 619 2455 eruditissimi
633 2393 777 2469 pontificis
798 2392 938 2452 sententia
951 2393 1029 2470 gravi
1043 2393 1171 2471 prolecto
1183 2395 1280 2454 nititur
1289 2415 1335 2461 ra·

129 2505 214 2564 done.
257 2492 352 2566 Quod
381 2501 477 2548 autem
498 2500 595 2566 aperta
615 2508 673 2548 non
700 2489 878 2567 proferantur
901 2489 1072 2549 documenta
1093 2490 1169 2550 illius
1196 2492 1333 2555 divinitus

131 2601 201 2659 data
215 2592 377 2657 facultatis,
393 2606 452 2646 non
466 2585 550 2644 debet
570 2604 623 2645 nos
638 2588 752 2655 morari,
768 2606 857 2662 quum
872 2586 1023 2646 traditione
1037 2588 1108 2647 orali
1122 2600 1150 2647 et
1165 2608 1218 2648 usu
1234 2590 1336 2650 Eccle-

129 2698 180 2756 sia
194 2695 263 2753 satis
281 2691 457 2749 innotescat.
498 2682 532 2741 ld
546 2682 686 2742 catholico
698 2684 809 2743 homini
823 2684 891 2742 satis
906 2702 970 2742 esse
982 2683 1076 2745 debet.

171 2797 218 2854 59.
242 2783 471 2850 Matrimonium
486 2780 655 2849 infidelium,
669 2801 720 2841 seu
736 2801 794 2841 non
805 2783 1022 2859 baptizatorum,
1036 2781 1208 2862 legitimum
1223 2785 1336 2858 dicitnr,

131 2889 207 2950 hand
220 2898 321 2947 tamen
338 2886 455 2946 ratam,
470 2896 559 2951 quum
574 2879 743 2936 sacramenti
758 2878 787 2935 vi
800 2888 902 2936 careat.
944 2876 1020 2935 Illud
1034 2879 1109 2937 solvi
1123 2899 1221 2956 posse,
1236 2883 1338 2942 altern-

130 2988 221 3049 troad
235 2985 327 3046 fidem
344 2995 496 3044 converso,
512 2977 536 3033 si
559 2977 665 3054 conjux
687 2974 759 3035 nolit
783 2976 890 3048 absque
911 2977 1083 3035 contumelia
1104 2978 1249 3038 creatoris
1264 3000 1332 3040 con·

134 3087 220 3148 sertio
235 3077 370 3160 conjugii
385 3075 452 3143 frui,
475 3074 559 3133 tradit
585 3073 769 3132 Innocentius
784 3072 853 3142 lll.,
868 3072 1000 3149 Apostoli
1015 3073 1179 3135 testimonio
1194 3087 1223 3135 et
1236 3079 1338 3138 Eccle-

135 3185 184 3243 sia
210 3174 426 3241 consuetudine
454 3172 581 3230 innixus.
623 3172 688 3229 “Si
716 3172 784 3229 alter
811 3170 969 3230 infidelium
995 3171 1151 3248 conjugum
1180 3173 1216 3231 ad
1245 3175 1333 3236 fidem

136 3282 319 3342 Catholicam
346 3282 537 3338 convertatur,
558 3271 645 3328 altero
667 3270 711 3329 vel
733 3271 811 3330 nullo
827 3269 923 3336 modo,
939 3270 983 3328 vel
1005 3288 1064 3329 non
1078 3270 1141 3330 sine
1155 3272 1335 3350 blasphemia

136 3379 224 3439 divini
238 3374 381 3440 nominis,
397 3369 444 3427 vel
459 3377 489 3427 ut
503 3387 568 3427 eum
591 3368 733 3444 pertrahat
755 3370 790 3427 ad
812 3368 931 3428 mortale
952 3381 1112 3446 peccatum,
1127 3369 1154 3429 ei
1175 3370 1336 3434 cohabitare

138 3475 261 3549 volente,
278 3471 330 3546 qni
345 3467 526 3540 relinquitur,
541 3465 576 3524 ad
589 3466 725 3534 secunda,
740 3467 765 3525 si
780 3466 912 3534 voluerit,
926 3477 991 3525 vota
1005 3469 1143 3526 transibit.
1185 3469 1225 3529 Et
1239 3471 1268 3531 in
1283 3473 1339 3534 hoc

138 3590 205 3632 casu
228 3567 431 3644 intelligimus,
458 3561 534 3635 quod
560 3564 599 3619 ait
623 3562 801 3637 Apostolus:
826 3563 876 3620 ‘Si
896 3563 1020 3621 infidelis
1041 3563 1172 3634 discedit,
1188 3566 1339 3630 discedatt

137 3672 222 3730 frater
235 3668 314 3727 enim
332 3662 374 3720 vel
391 3678 472 3718 soror
486 3678 543 3717 non
558 3671 602 3717 est
613 3660 741 3718 servituti
751 3661 896 3737 subjectus
910 3661 938 3718 in
952 3661 1166 3738 hujusmodi.'’⁴
1192 3664 1338 3744 lntegrum

139 3765 272 3844 Apostoli
285 3759 482 3832 testimonium
498 3757 600 3814 referre
611 3758 708 3833 juvat:
733 3758 876 3830 “Siquis
892 3757 976 3815 frater
998 3777 1117 3818 uxorem
1140 3761 1224 3820 habet
1237 3765 1337 3823 inride-

142 3865 211 3930 lem,
228 3870 257 3918 ct
271 3859 337 3917 haec
361 3855 504 3912 consentit
527 3854 651 3911 habitare
676 3873 741 3912 cum
763 3854 824 3920 illo,
839 3873 897 3912 non
915 3852 1041 3927 dimittat
1060 3855 1150 3916 illam.
1192 3859 1271 3917 Etsi
1285 3880 1342 3934 qua

141 3958 243 4018 mulier
258 3954 353 4014 fidelis
367 3952 452 4009 habet
465 3950 556 4008 virum
572 3950 728 4019 infidelem,
738 3951 822 4009 ethic
836 3953 980 4009 consentit
993 3952 1120 4012 habitare
1135 3974 1200 4013 cum
1212 3956 1269 4023 illa,
1282 3977 1340 4018 non

142 4056 262 4122 dimittat
277 4053 383 4111 virum.
426 4048 624 4105 Sanctificatus
640 4060 683 4106 est
697 4049 773 4106 enim
789 4047 969 4106 virinfidelis
985 4069 1035 4126 per
1049 4052 1198 4110 mulierem
1214 4051 1340 4124 fidelem,

143 4164 171 4212 et
186 4152 361 4212 sanctificata
376 4156 419 4203 est
433 4145 534 4203 mulier
557 4145 681 4204 infidelis
707 4165 758 4223 per
778 4146 869 4204 virum
890 4145 1023 4206 fidelem:
1046 4149 1172 4222 alioquin
1188 4149 1239 4206 lilii
1255 4157 1342 4213 vestri

447 4373 489 4437 (l)
509 4370 588 4420 Extra
599 4371 629 4421 de
640 4387 749 4422 convers.
761 4373 861 4438 conjug.
872 4389 926 4437 cap.
937 4384 1028 4424 verum.

447 4457 489 4524 (2)
510 4457 575 4506 Hist.
587 4457 656 4508 Eccl.
667 4458 683 4507 l.
693 4457 726 4506 iv.
738 4472 760 4507 c.
771 4457 828 4507 xix.

445 4543 487 4607 (3)
508 4543 600 4602 Quart.
615 4543 673 4592 ete.
684 4558 710 4591 n.
724 4544 765 4591 35.

445 4627 487 4695 (4)
507 4627 592 4690 Extra,
605 4628 666 4694 Gap.
679 4634 772 4693 quanto
782 4630 812 4681 de
826 4627 950 4679 Divertiis.
