2798 5092
122 403 180 460 366
602 396 826 459 APPENDIX.

125 577 181 632 que
208 567 322 617 secutus
343 566 386 616 est
409 558 505 636 Cyrus
530 557 752 617 Alexandrinus.
793 554 911 615 Dolosis
932 553 1022 611 literis
1037 549 1171 610 Honorio
1187 542 1317 623 pontiflci

124 655 257 715 Romano
272 655 369 722 illusit,
384 654 535 729 effecitque
550 667 580 714 ut
593 655 824 731 intempestivum
846 651 992 710 silentium
1017 649 1051 708 de
1065 666 1123 706 una
1138 645 1183 703 vei
1198 643 1235 702 de
1249 640 1317 699 dua·

124 754 178 811 bus
193 752 403 830 operationibus
419 752 629 830 praeciperetur,
640 750 701 811 tum
712 749 873 828 apontiiice
883 748 913 807 in
925 744 1113 824 responsione
1124 741 1158 800 ad
1173 739 1318 816 Sergium,

126 859 185 908 tum
202 850 236 907 ab
250 848 420 926 imperatore
433 850 462 907 iu
476 849 582 908 Edicto
607 849 653 906 cui
677 866 782 907 nomen
802 844 951 905 Esthesis.
993 840 1124 919 Pyrrhus
1142 848 1172 896 et
1198 834 1319 901 Paulus,

124 946 175 1019 qui
189 944 325 1021 deinceps
340 942 685 1022 constantinopolitanam
700 945 799 1002 sedern
820 949 1004 1018 occuparunt,
1019 937 1121 996 eodem
1143 936 1173 993 in
1187 933 1250 992 luto
1265 932 1321 990 ha·

127 1053 235 1102 serunt.
275 1038 420 1103 Constans
435 1044 597 1120 imperator,
614 1042 741 1101 Heraclii
765 1060 866 1119 nepos,
881 1036 1014 1098 haeresim
1038 1036 1124 1095 etiam
1145 1034 1226 1098 fovit,
1242 1028 1321 1090 edito

126 1136 231 1210 ¹edicto,
248 1140 326 1216 quod
344 1138 464 1227 Qum
479 1138 599 1207 vocavit,
623 1159 697 1201 anno
719 1143 787 1198 648.
828 1138 970 1197 Damnata
992 1145 1037 1194 est
1058 1153 1075 1191 a
1095 1130 1222 1191 Martino
1243 1128 1270 1187 i.
1291 1129 1321 1186 in

127 1236 240 1314 synodo
255 1238 440 1299 Lateranensi
455 1256 529 1296 anno
544 1241 611 1304 646,
627 1248 685 1295 eta
709 1236 823 1313 synodo
843 1234 1019 1294 oecnmenica
1044 1241 1135 1298 sexta,
1159 1246 1236 1286 anno
1251 1230 1321 1295 680,

127 1332 380 1412 Constantinopoli
400 1334 551 1397 celebrata.
593 1332 694 1411 Viguit
715 1344 810 1395 tamen
831 1343 930 1411 postea
952 1324 1027 1409 ap'ud
1047 1325 1213 1392 Chaldaeos,
1229 1334 1259 1381 ct
1272 1324 1324 1381 Ar·

80 1450 237 1501 menos.

90 1520 98 1609 'l
166 1528 347 1587 Pannrcraur
361 1547 436 1589 anno
447 1532 505 1588 663
518 1527 676 1606 nuncupari
690 1536 836 1604 coeperunt
848 1523 963 1599 quidam
974 1521 1201 1582 Manichaeorum
1217 1526 1322 1575 restau·

91 1644 94 1671 =
91 1616 219 1684 rantes
234 1643 353 1693 errores,
365 1624 437 1688 duce
453 1627 544 1689 Paulo
559 1626 737 1684 Samosatis
730 1643 759 1682 ιιι
771 1625 906 1683 Armenia
916 1620 1047 1680 oriundo.
1083 1619 1151 1677 Duo
1161 1618 1324 1675 statuebant

88 1702 94 1751 ἶ
127 1722 279 1799 principia,
295 1721 423 1801 Virginis
439 1725 643 1782 maternitatem
658 1722 816 1799 negabant,
839 1719 987 1779 Christum
1010 1718 1095 1779 verba
1109 1734 1162 1775 sua
1175 1725 1322 1790 tamquam

81 1834 84 1841 ·
126 1818 221 1877 cibum
235 1820 336 1878 animae
351 1820 498 1901 Apostolis
511 1820 634 1889 dedisse,
649 1839 707 1879 uon
721 1829 815 1878 autem
829 1836 933 1895 corpus
944 1834 1029 1875 snum
1043 1827 1071 1873 et
1085 1814 1257 1890 sanguinem
1271 1812 1327 1870 snb·

126 1915 209 1993 panis
219 1916 316 1974 etvini
329 1918 480 1994 speciebus
490 1916 675 1976 effutiebant:
690 1916 783 1974 crucis
795 1916 1000 1993 impugnabant
1012 1911 1223 1971 venerationem
1238 1930 1246 1980 ;
1262 1928 1325 1987 pro·

126 2013 226 2090 phetas
235 2025 263 2072 et
277 2025 401 2083 sanctos,
411 2015 569 2096 presertim
584 2016 616 2073 S.
627 2014 756 2089 Petrum,
765 2011 976 2091 explodebant;
998 2029 1078 2085 aquae
1088 2009 1226 2086 baptismi
1239 2008 1326 2068 rerba

126 2108 302 2191 Evangeiica
324 2112 541 2181 substituebant,
564 2112 667 2187 quibus
689 2111 823 2173 Christus
846 2128 879 2168 ss
898 2129 1002 2187 aquam
1026 2108 1122 2166 viram
1143 2105 1323 2167 declarabat:

127 2208 255 2285 aliosque
269 2210 486 2291 propugnabant
500 2214 635 2271 errores.¹

641 2387 725 2446 vni.
751 2388 888 2447 Sancum.

121 2578 124 2585 ·
166 2544 390 2613 iconocnsssm,
404 2561 456 2604 seu
481 2545 680 2613 iconorrscrrr,
701 2565 777 2604 anno
796 2551 856 2605 723
880 2547 910 2604 in
934 2564 1028 2604 sacras
1050 2545 1191 2624 imagines
1206 2545 1324 2613 'furere

131 2657 236 2714 sasque
247 2640 376 2718 frangere
388 2652 545 2719 coeperunt.
586 2642 702 2702 iezidus
713 2643 838 2702 Arabum
855 2642 988 2721 calipha,
1001 2643 1021 2702 J
1024 2640 1105 2701 ndaeo
1119 2643 1326 2720 praestigiatore

129 2737 275 2807 suadente,
290 2757 340 2798 eas
359 2758 376 2798 e
397 2739 627 2799 Christianorum
652 2740 766 2817 templis
787 2739 975 2799 deturbandas
1000 2740 1114 2807 statuit;
1136 2739 1218 2814 quod
1239 2741 1326 2799 edam

129 2835 255 2895 decrevit
274 2837 428 2914 imperator
447 2837 508 2896 Leo
529 2837 645 2897 isaurus
666 2856 741 2897 anno
757 2842 828 2907 726,
849 2839 1048 2916 instigantibus
1068 2837 1189 2906 iudeis,
1205 2849 1235 2898 et
1248 2838 1326 2898 Oon·

128 2936 264 3002 stantino,
281 2935 310 2992 N
313 2935 412 2995 acoiiae
425 2936 454 2994 io
470 2936 599 3014 Phrygis
613 2936 745 3006 Salutari,
760 2937 909 3015 episcopo.
951 2937 1068 2997 Restitit
1088 2955 1140 3014 pro
1163 2938 1273 2996 viribus
1293 2937 1325 2994 S.

131 3032 294 3091 Germanus
309 3033 466 3110 patriarcha
481 3033 827 3111 Constantinopolitanus,
842 3053 932 3108 saque
945 3034 981 3093 de
995 3054 1082 3094 cansa
1100 3034 1176 3094 Sede
1198 3034 1326 3114 dejectus

129 3143 183 3190 est.
227 3131 369 3191 Haresim
383 3131 529 3191 damnarit
548 3132 706 3209 Gregorius
729 3133 769 3192 ΙΙ.
785 3134 815 3191 in
836 3131 951 3209 synodo
966 3133 1106 3201 Romana,
1121 3145 1151 3191 st
1166 3131 1327 3211 Gregorius

126 3229 182 3289 111.
198 3231 228 3289 in
242 3231 299 3290 alia
311 3229 426 3308 synodo
440 3229 573 3290 Romana
593 3249 669 3289 anno
692 3235 763 3289 732.
804 3231 837 3289 S.
851 3230 958 3290 Josnni
978 3231 1170 3299 Damasceno,
1186 3231 1326 3291 Damasci

129 3326 280 3394 Proefecto,
303 3339 332 3387 et
356 3328 514 3406 imaginum
534 3339 649 3387 strenuo
677 3326 831 3396 defensori,
853 3328 991 3407 caliphas
1014 3329 1132 3388 refertur
1158 3340 1327 3406 amputasse

129 3443 246 3486 uranum
261 3426 417 3494 dexteram,
432 3427 601 3503 imperatore
626 3426 727 3485 salsam
750 3425 917 3486 insidiarum
939 3428 1135 3504 suspicionem
1159 3428 1327 3504 injiciante3

131 3541 216 3596 quarn
231 3533 326 3582 tamen
340 3524 367 3583 ei
380 3543 476 3584 coram
491 3523 620 3601 Virginis
645 3524 769 3600 imagine
794 3525 886 3584 oranti
905 3524 1042 3584 divinitus
1059 3526 1218 3584 restitutam
1234 3536 1329 3585 narrat

131 3618 258 3678 Joannes
284 3620 564 3698 Hierosolymitanus
590 3621 620 3679 in
648 3622 710 3699 ejus
733 3621 802 3679 vita.
843 3622 1003 3681 Duodecim
1031 3623 1189 3699 imperialis
1210 3624 1331 3702 collegii

129 3715 307 3795 professores
323 3736 456 3777 unacum
472 3717 644 3776 bibliotheca
657 3718 844 3794 amplissima,
861 3719 968 3777 tricena
981 3733 1009 3777 et
1023 3720 1075 3777 tria
1088 3719 1179 3778 millia
1189 3720 1331 3783 librorum

130 3814 305 3880 continente,
320 3814 452 3875 incendio
466 3816 591 3892 periisse
606 3816 890 3893 imperatorisjnssn,
906 3829 1014 3875 veteres
1028 3817 1182 3893 scriptores
1198 3817 1337 3894 prodide-

133 3925 211 3973 runt.
255 3911 357 3971 Plures
371 3913 420 3971 alii
433 3911 503 3971 diris
526 3914 676 3990 suppliciis
689 3914 782 3972 vexati
796 3924 872 3982 sunt,
887 3915 946 3973 imo
960 3915 1044 3974 morti
1058 3915 1172 3983 addicti,
1188 3917 1337 3994 imperan-

130 4011 204 4069 tibus
215 4009 276 4068 Leo
288 4008 397 4075 isauro,
412 4009 532 4087 ejusque
546 4010 760 4068 successoribus
776 4012 966 4071 Constantino
979 4011 1171 4090 Oopronymo
1186 4027 1216 4073 et
1230 4014 1337 4073 Leone

132 4108 194 4183 ejus
216 4107 286 4166 filio.
328 4110 386 4164 336
401 4106 544 4183 Episcopi
558 4117 659 4184 agente
674 4107 774 4166 isauro
788 4108 1009 4168 conciliabulum
1024 4109 1148 4168 habuere
1163 4109 1337 4171 Constanti·

133 4205 241 4281 nopoii,
256 4223 330 4262 anno
345 4208 414 4272 754,
430 4203 459 4264 in
475 4223 532 4277 quo
546 4205 685 4282 imagines
700 4203 886 4274 damnarunt3
908 4206 1008 4265 meritd
1030 4206 1138 4265 idcirco
1151 4210 1301 4285 reprobati
1314 4229 1337 4267 a.

134 4299 280 4376 Stephano
295 4300 350 4359 111.
362 4302 392 4360 in
405 4300 519 4380 synodo
534 4302 664 4377 Romana
678 4322 752 4362 anno
766 4306 836 4363 769.
866 4304 957 4362 Paulo
972 4315 1054 4363 antea
1067 4303 1337 4367 iconomachorum

135 4395 269 4456 haeresim
293 4397 439 4459 damnarit
458 4400 588 4479 synodus
614 4400 888 4479 Hierosolymitsna,
904 4401 992 4459 tribus
1006 4402 1186 4479 patriarchis,
1208 4406 1337 4466 Alexan·

134 4491 215 4554 drino
240 4498 348 4557 scilicet
373 4501 562 4569 Antiocheno,
584 4510 614 4559 et
640 4499 918 4579 Hierosolymitano,
939 4520 1005 4560 cum
1034 4501 1095 4560 suis
1123 4503 1337 4585 suffraganeis,

113 4768 116 4773 ν
233 4703 274 4770 (i)
293 4703 357 4754 Vide
368 4702 509 4757 Osdrsnum
517 4706 545 4757 in
552 4706 760 4774 compendiobist.
770 4706 935 4774 Euthymium
946 4707 974 4760 in
985 4707 1106 4772 Panoplia
1117 4709 1156 4763 tit.
1167 4727 1213 4764 xx.
