2812 5092
446 308 505 367 on
524 307 667 369 o-un'ru
689 306 989 383 unniouuuuu.
1249 314 1307 369 aaa

613 997 753 1057 CAPUT
776 999 812 1056 V.

378 1232 432 1283 DE
469 1232 636 1285 CULTU
670 1232 1042 1296 RELIQUIARUM.

152 1461 219 1517 116.
242 1457 291 1518 Ex
312 1478 415 1538 magna
429 1478 486 1535 qua
499 1471 613 1521 sanctos
628 1447 772 1540 prosecuti
785 1470 853 1521 sunt
865 1459 964 1520 fideles
983 1463 1173 1531 veneratione,
1197 1463 1300 1523 lactum

107 1566 163 1622 est,
179 1567 208 1614 ιιι
222 1574 372 1633 corporum
387 1556 531 1631 reliquiae,
546 1568 575 1615 et
588 1557 643 1616 alia
663 1574 729 1630 quae
754 1555 906 1631 aliquando
919 1568 1081 1616 sanctorum
1103 1558 1222 1625 fuerant,
1238 1576 1302 1635 epe·

107 1651 174 1711 ciali
188 1652 295 1712 honore
310 1662 339 1711 et
362 1653 438 1711 cultu
464 1653 587 1727 quodam
612 1653 765 1713 afficerent.
807 1653 890 1712 Piam
913 1653 987 1712 haue
1001 1653 1234 1714 consuetudinem
1249 1655 1303 1713 im·

106 1751 246 1826 pugnavit
260 1750 359 1824 quinto
373 1750 480 1809 seculo
491 1751 675 1828 vigilantius,
688 1749 842 1809 vindicavit
852 1751 920 1808 vero
933 1750 1139 1827 Hieronymus,
1155 1761 1212 1810 tota
1225 1751 1304 1828 plau·

105 1844 192 1904 dente
220 1845 362 1915 Ecclesia,
391 1865 454 1920 quae
482 1847 646 1907 hereticum
673 1846 777 1925 dogma
804 1846 960 1906 damnavit.
1004 1848 1164 1907 Novatorss
1197 1846 1301 1906 decimi

105 1942 183 2002 sexti
196 1943 293 2002 sarculi
308 1943 456 2021 vigilantii
470 1945 644 2021 impietatem
657 1943 742 2022 louge
764 1944 956 2022 praetergressi
972 1955 1048 2011 sunt,
1062 1945 1175 2022 magnis
1189 1945 1300 2020 injuriis

104 2048 204 2097 sancta
218 2057 338 2117 corpora
353 2040 480 2117 pluribus
494 2042 524 2100 iu
538 2040 609 2100 loeis
623 2039 791 2123 afficientes.
832 2039 994 2098 Tridentini
1008 2052 1100 2119 patres
1115 2050 1146 2099 ut
1158 2041 1300 2118 maiorum

104 2153 222 2195 suorum
239 2136 326 2196 fidem
344 2156 507 2213 moresque.
518 2140 672 2207 tuerentur,
697 2147 894 2215 preceperunt
911 2137 1068 2215 episcopis,
1082 2148 1114 2196 ut
1124 2136 1223 2196 fideles
1238 2138 1301 2196 dili·

104 2242 205 2311 genter
219 2232 372 2294 edocerent
395 2244 414 2273 ‘⁶
428 2244 589 2295 sanctorum
613 2252 728 2310 quoque
743 2243 910 2310 martyrum,
924 2244 954 2293 et
966 2235 1086 2294 aliorum
1100 2253 1165 2294 oum
1181 2234 1299 2312 Christo

104 2331 261 2391 viventium
274 2342 371 2391 saneta
386 2351 515 2409 corpora,
536 2351 599 2406 quae
626 2332 690 2391 viva
711 2333 838 2392 membra
852 2331 965 2391 fuemnt
985 2331 1104 2401 Christi,
1119 2344 1147 2391 et
1161 2332 1299 2410 templum

104 2428 228 2507 Spiritus
244 2429 352 2498 Sancti,
368 2429 482 2507 abipso
507 2429 543 2488 ad
564 2439 698 2489 sternam
724 2430 810 2489 vitam
832 2428 995 2488 suscitanda
1018 2442 1047 2487 et
1066 2428 1259 2507 glorificanda,
1282 2451 1298 2488 a
1347 2442 1356 2461 ⁴

105 2523 237 2583 fidelibus
251 2525 411 2584 veneranda
431 2543 506 2593 esse,
528 2543 579 2603 per
592 2543 657 2600 que
668 2526 758 2584 multa
776 2526 915 2585 beneficia
926 2545 943 2583 a
956 2523 1021 2585 Deo
1042 2525 1206 2586 hominibus
1229 2545 1298 2604 prae·

105 2631 236 2681 santur:
258 2622 298 2681 ira
318 2633 348 2681 ιιι
369 2622 552 2692 affirmantes,
564 2633 726 2682 sanctorum
740 2623 868 2698 reliquiis
883 2623 1093 2683 venerationem
1110 2632 1195 2698 atque
1209 2623 1299 2683 hono·

102 2737 162 2778 rem
178 2738 235 2779 non
247 2719 365 2779 deberi:
388 2718 434 2777 vcl
458 2738 517 2786 eas,
532 2719 644 2794 aliaque
669 2738 750 2778 sacra
771 2728 956 2778 monumenta
976 2739 993 2776 a
1015 2717 1147 2777 fidelibus
1161 2720 1297 2778 inutiliter
1369 2786 1372 2791 ¹

101 2816 247 2886 honorari,
261 2827 346 2891 atque
355 2835 458 2876 eorum
473 2818 537 2893 opis
552 2815 736 2895 impetrando
751 2834 837 2874 causa
850 2806 1179 2893 sanctornm'memprias
1193 2815 1295 2877 frustra

101 2912 285 2988 frequentari,
301 2915 418 2974 omnino
439 2913 592 2974 damnandi
606 2914 674 2981 sint,
697 2925 781 2993 prout
798 2913 861 2990 jam
886 2911 996 2990 pridem
1019 2931 1070 2973 eos
1092 2911 1244 2981 damnavit,
1266 2926 1295 2971 et

102 3013 278 3071 nuncetiam
293 3011 407 3070 damnat
421 3011 599 3071 Ecclesiam
756 2999 758 3005 ⁵

608 3220 791 3262 puoroslrro.

144 3362 324 3423 Sanctorum
338 3361 471 3441 reliquiis
484 3360 633 3421 ueneratio
647 3367 734 3439 utque
747 3360 841 3420 Ιιοηοι
851 3359 978 3420 deheim.

140 3460 292 3521 Probatur
306 3459 332 3519 I.
346 3478 382 3519 eu
400 3458 574 3538 scripturis.

145 3558 387 3626 limoticinum
411 3567 503 3617 auteur
530 3557 702 3635 sepelientes
729 3557 888 3625 hominem,
916 3555 1045 3616 viderunt
1065 3555 1247 3623 latrunculos,
1263 3568 1291 3615 et

96 3657 280 3736 projecerunt
294 3656 413 3715 cadaver
432 3656 462 3715 in
482 3654 637 3733 sepulchro
657 3654 769 3714 Elisaei.
811 3654 895 3722 Quod
910 3671 976 3713 oum
997 3653 1136 3731 tetigisset
1149 3672 1215 3713 ossa
1229 3653 1292 3714 Eli·

98 3753 163 3821 s'aei,
177 3753 281 3811 revixit
295 3753 391 3820 homo,
415 3762 443 3810 et
456 3751 533 3809 stelit
546 3769 633 3828 super
656 3751 745 3829 pedes
769 3750 887 3809 suos.”⁸
926 3750 1043 3808 Oesium
1058 3750 1203 3828 propheto
1224 3770 1291 3810 con·

53 3904 57 3923 ;
96 3859 174 3908 tactu
202 3847 331 3907 cadaveri
353 3848 480 3907 restituta
501 3859 545 3905 est
566 3849 633 3916 vita,
659 3847 723 3907 Deo
748 3848 786 3906 ita
807 3857 925 3906 testante
953 3846 1050 3904 famuli
1077 3846 1122 3904 sui
1143 3849 1286 3915 virtutem,
1352 3832 1355 3837 ¹

99 3965 224 4021 eumque
252 3966 355 4007 coram¹
382 3947 546 4006 homiuibus
574 3945 740 4005 honorante.
781 3945 864 4005 Licet
891 3946 976 4023 igitur
1004 3942 1141 4004 honorare
1170 3965 1289 4025 corpora

57 4046 65 4091 ·'
96 4056 272 4106 sauctorum.

53 4130 58 4191 ἶ
141 4147 207 4202 118.
229 4152 249 4180 “
263 4141 340 4202 Ecce
355 4141 457 4200 mulier
478 4159 542 4214 quae
556 4141 703 4218 sanguinis
728 4139 837 4199 fluxum
853 4138 1008 4217 patiebatur
1020 4137 1171 4198 duodecim
1192 4144 1285 4210 annis,
1308 4136 1309 4139 ’
1372 4124 1376 4163 3

96 4243 220 4303 accessit
231 4253 317 4307 retro,
332 4251 361 4298 et
374 4242 464 4318 tetigit
477 4240 616 4299 fimbriam
632 4239 791 4297 vestimenti
804 4239 877 4315 ejus.
918 4235 1039 4294 Dicebat
1058 4237 1133 4295 euim
1149 4238 1220 4296 intra
1233 4258 1283 4299 se:

91 4340 130 4399 st
145 4341 264 4419 tetigero
278 4347 386 4397 tautum
401 4338 599 4397 vestimentum
625 4336 698 4414 ejus,
725 4334 803 4394 salva
830 4351 889 4393 ero.
930 4333 968 4392 m
981 4331 1068 4392 Jesus
1082 4351 1235 4394 conversos
1256 4349 1285 4396 et

361 4516 404 4580 (1)
424 4514 488 4564 Sese.
500 4529 559 4564 xxv.
569 4512 640 4563 Decr.
650 4513 681 4564 de
692 4513 770 4564 invoc.
782 4512 846 4563 Ven.
859 4518 884 4561 et
894 4509 948 4560 lter,

361 4600 404 4666 (2)
423 4599 467 4649 lV.
479 4598 539 4663 Reg.
551 4599 602 4650 xiii.
612 4601 651 4650 el.
