2798 5092
359 346 420 407 m:
441 344 686 407 tennemonn
709 347 1023 410 MlNlSTRORUM.
1254 357 1292 412 bl

96 523 190 599 qnantd
214 523 333 583 diverso
359 523 455 582 sumi:
478 532 650 600 quapropter
672 522 774 581 mirum
796 542 854 582 non
876 534 920 581 est
940 543 1003 584 earn
1019 543 1082 600 qnae
1096 545 1150 585 usu
1166 527 1289 605 profano
1350 542 1353 547 ’

97 621 257 680 electionem
272 621 424 698 suffragiis
447 620 634 698 significabat,
649 638 865 694 nonnumquam
886 639 921 679 eo
935 640 1022 681 sensu
1038 642 1054 680 a
1068 625 1156 682 sacris
1171 626 1294 704 scripto·
1335 644 1339 653 ·

97 720 166 779 ribus
180 721 312 798 usurpari
328 740 336 789 ;
361 739 448 793 quam
461 731 555 777 tamen
567 718 602 776 ad
614 718 828 796 impositionem
841 739 987 788 maurium,
1001 741 1057 795 qua
1071 741 1152 782 sacre
1165 734 1294 802 potestas

100 818 302 886 conserebatur,
319 818 392 876 alias
404 816 511 876 traduci
525 835 562 874 ex
576 816 659 875 dictis
674 817 853 893 apertissime
868 827 987 877 constat.

130 917 177 973 90.
202 912 269 993 obj.
285 919 316 972 4.
342 913 511 990 Cyprianus
526 913 655 990 agnoscit
667 913 805 989 populum
818 912 915 972 divina
928 913 992 992 lege
1002 913 1106 974 habere
1121 926 1293 994 potestatem

97 1010 211 1089 elig'endi
226 1010 334 1089 dignos
351 1008 522 1075 sacerdotes,
539 1010 582 1067 vel
598 1008 730 1088 indignos
752 1011 922 1069 recusandi:
945 1011 1099 1088 “Propter
1119 1014 1193 1087 quod
1209 1014 1292 1092 plebs

97 1108 252 1183 obsequens
268 1106 426 1186 praeceptis
441 1105 612 1174 Dominicis,
627 1117 656 1164 et
670 1107 764 1164 Deum
780 1117 951 1174 metuens,a
971 1119 1120 1186 peccatore
1138 1113 1293 1187 praepusito

97 1224 219 1283 separare
233 1225 266 1263 se
279 1205 377 1273 debet,
395 1223 448 1262 nec
467 1222 498 1262 sc
513 1204 546 1261 ad
560 1205 690 1282 sacrilegi
705 1203 859 1264 sacerdotis
873 1206 1012 1265 sacrificia
1027 1208 1158 1277 miscere,
1177 1209 1292 1282 quaudo

97 1304 152 1380 ipsa
166 1305 292 1363 maxime
307 1303 416 1360 habeat
428 1312 606 1378 potestatem,
623 1303 666 1360 vel
681 1302 805 1379 eligendi
826 1302 928 1381 dignos
950 1305 1123 1374 sacerdotes,
1139 1305 1184 1364 vel
1198 1306 1291 1386 indig-

97 1419 144 1460 nos
157 1399 321 1466 recusandi,
335 1397 415 1472 quod
430 1410 457 1456 et
471 1399 566 1476 ipsum
581 1398 711 1457 videmus
726 1399 760 1457 de
775 1398 871 1458 divina
886 1402 1049 1460 auctoritate
1064 1401 1249 1471 descendere,
1261 1416 1294 1463 ut

97 1495 222 1557 sacerdos
244 1496 330 1575 plebe
353 1506 494 1572 praesente
515 1496 568 1554 snb
589 1497 718 1555 omnium
743 1497 834 1554 oculis
855 1497 1003 1574 deligatur,
1025 1509 1054 1556 et
1074 1499 1177 1577 dignus
1206 1512 1291 1575 atque

98 1591 210 1653 idoneus
225 1594 347 1671 publico
357 1611 369 1670 J
375 1592 470 1650 udicio
484 1612 516 1651 ac
530 1594 693 1651 testimonio
707 1594 955 1671 comprobetur.”¹

131 1689 219 1770 Reep.
241 1691 292 1749 Ex
307 1691 373 1767 ipsa
388 1691 537 1749 verborum
551 1691 625 1749 serie
640 1701 717 1767 patet
731 1691 912 1769 Cypriannm
928 1693 1035 1771 populo
1050 1695 1243 1755 testimoninm
1258 1697 1294 1755 de

99 1787 291 1867 eligendorum
307 1788 418 1846 meritis
438 1787 607 1856 adscribere,
623 1789 818 1865 potiusquam
841 1791 934 1867 ipsam
960 1792 1140 1861 electionem,
1162 1799 1293 1868 quamvis

100 1894 145 1945 ebs
156 1885 284 1964 eligendi
299 1886 404 1943 habere
419 1894 586 1961 potestatem
608 1884 692 1954 dicat,
707 1904 743 1944 eo
767 1888 844 1959 qnod
866 1888 1005 1956 testando,
1020 1890 1191 1949 electionem
1207 1892 1295 1950 veluti

101 1979 328 2040 determinarent.
372 1979 457 2047 Quod
472 1991 564 2039 autem
580 1981 637 2056 ipsi
659 2000 715 2039 non
736 1980 883 2058 eligerent,
905 2001 943 2041 ex
964 1985 1057 2042 verbis
1078 1986 1156 2043 illis:
1180 1987 1297 2064 “plebe

100 2079 278 2157 presente:”
306 2080 459 2155 colligitur.
510 2079 625 2146 Divina,
655 2098 740 2152 qnam
768 2080 880 2156 allegat,
910 2082 1061 2138 auctoritas
1090 2101 1128 2140 ex
1153 2085 1296 2160 exemplis

101 2175 228 2236 Eleazari
244 2198 260 2235 a
277 2177 386 2253 Moyse
401 2195 496 2235 coram
513 2177 620 2254 populo
634 2173 784 2255 designati,
801 2176 940 2244 Matthiae,
956 2187 984 2236 et
998 2176 1194 2248 diaconorum,
1207 2181 1298 2239 tideli-

101 2274 148 2332 bus
161 2275 401 2352 proponentibus,
417 2272 452 2330 ad
467 2292 545 2332 sacra
567 2292 684 2332 munera
705 2284 928 2351 assumptorum,
950 2275 1075 2334 derivata
1096 2288 1149 2346 est,
1173 2296 1236 2351 quae
1258 2277 1294 2336 ad

100 2371 142 2449 jus
161 2372 294 2431 divinum
316 2370 519 2430 adstruendum
539 2390 597 2430 non
620 2372 734 2429 valent:
756 2390 810 2430 nec
830 2373 907 2432 enim
929 2373 992 2451 ipse
1014 2374 1089 2433 aliud
1113 2375 1173 2434 vult
1193 2375 1298 2435 inferre

102 2486 180 2543 quam
197 2487 296 2528 coram
312 2469 395 2546 plebe
411 2469 555 2527 ministros
570 2487 667 2527 sacros
682 2467 884 2551 designandos,
896 2480 928 2528 ut
942 2470 977 2529 de
993 2473 1102 2531 meritis
1117 2492 1216 2532 eorum
1231 2493 1300 2533 cou-

102 2579 161 2628 stet.
203 2578 224 2607 ‘⁶
237 2568 347 2628 (loram
368 2571 446 2628 omui
468 2587 616 2647 synagoga
634 2569 719 2645 jubet
739 2568 820 2626 Deus
842 2571 979 2630 constitui
1000 2571 1189 2640 sacerdotem,
1204 2572 1233 2630 id
1256 2586 1301 2631 est

103 2667 199 2726 instrui
213 2681 243 2726 et
256 2665 371 2726 ostendi
385 2667 577 2725 ordinationes
592 2667 792 2734 sacerdotales,
808 2669 923 2727 nonnisi
944 2669 998 2727 snb
1020 2670 1120 2747 populi
1140 2672 1299 2730 assistentis

105 2766 276 2824 conscientia
299 2765 361 2822 lieri
387 2776 528 2841 oportere,
554 2776 584 2823 nt
608 2765 690 2841 plebe
719 2765 939 2840 praesentent
965 2765 1132 2844 detegantur
1160 2767 1299 2827 malornm

105 2862 230 2930 cumina,
241 2861 287 2920 vel
298 2863 437 2918 bonorum
454 2862 552 2918 merita
565 2861 797 2937 predicentur.”⁹
818 2861 891 2919 liaee
906 2862 971 2919 ideo
985 2875 1067 2940 urget
1081 2863 1148 2935 quia
1157 2863 1299 2922 Basilides

107 2970 132 3015 ct
144 2960 295 3026 Martialis,
317 2957 421 3016 libellis
443 2958 610 3017 idololatriae
631 2959 839 3026 commaculati,
862 2958 891 3017 in
912 2960 1111 3036 episcopatum
1124 2962 1233 3033 absque
1247 2961 1302 3019 nlla

109 3056 251 3115 electionis
267 3055 358 3112 forma
372 3072 403 3110 se
419 3055 608 3130 ingesserant.

142 3155 189 3211 92.
216 3150 285 3230 obj.
303 3154 331 3208 5.
355 3151 445 3207 Vetus
460 3150 512 3208 suit
527 3169 588 3208 mos
604 3161 634 3208 ut
648 3150 721 3207 sacri
736 3150 858 3209 ministri
873 3167 973 3208 omnes
988 3168 1005 3206 a
1018 3149 1150 3208 fidelibus
1165 3151 1303 3228 eligeren-

109 3227 254 3328 ttlr,cujus
278 3249 398 3326 vestigia
422 3248 659 3307 inordinationis
681 3249 735 3307 ritu
757 3249 838 3327 plura
858 3261 1019 3308 occurrunt.
1062 3250 1111 3307 Sic
1134 3249 1300 3327 Episcopus

110 3349 207 3409 clerum
224 3347 422 3426 populumque
437 3346 472 3405 de
488 3347 637 3407 sacerdotii
648 3349 806 3407 candidatis
819 3348 987 3422 alloquitur:
1011 3357 1030 3385 “
1042 3349 1098 3407 Par
1109 3366 1207 3406 eorum
1218 3346 1303 3408 debet

112 3464 170 3506 esse
184 3448 327 3506 sententia
341 3464 462 3518 quornm
477 3464 565 3504 causa
581 3448 742 3505 communis
758 3447 865 3504 existit.
908 3446 1013 3518 Neque
1038 3447 1114 3504 enim
1136 3446 1190 3505 l'uit
1203 3446 1307 3506 frustra

113 3547 262 3624 apatribus
277 3538 450 3611 institutum,
464 3552 496 3600 ut
510 3543 544 3600 de
565 3544 704 3602 electione
730 3545 854 3612 illorum,
870 3544 918 3617 qui
940 3543 975 3601 ad
995 3543 1124 3619 regimen
1147 3544 1242 3602 altaris
1258 3543 1307 3603 ad·

112 3642 220 3703 bibendi
246 3655 323 3708 sunt,
348 3641 511 3699 consuletur
531 3642 616 3700 ctiam
643 3641 787 3719 populus:
811 3684 818 3698 .
843 3685 850 3699 .
875 3684 883 3698 .
906 3641 1054 3699 Sententia
1077 3652 1121 3699 est
1145 3642 1306 3720 expetenda

112 3741 268 3800 multorum.
310 3739 421 3810 ltaque,
437 3737 556 3809 quidde
575 3756 672 3796 eorum
689 3739 797 3796 actibus
817 3751 864 3795 aut
880 3738 1005 3795 moribus
1021 3738 1168 3806 noveritis,
1184 3737 1303 3812 quidde

113 3838 205 3897 merito
218 3836 358 3902 sentiatis,
373 3834 462 3892 libera
473 3852 543 3892 voce
559 3833 721 3911 pandatis.”
764 3833 848 3910 ipsos
863 3832 1035 3892 ordinandos
1051 3835 1199 3908 alloquens
1214 3832 1303 3891 dicit:

114 3941 132 3970 ‘⁴
140 3933 189 3993 lilii
197 3915 388 3996 dilectissimi,
407 3949 480 4005 quos
492 3929 527 3988 ed
540 3941 666 3989 nostrum
679 3930 848 4009 adjutorium
861 3929 976 3988 fratrum
987 3940 1147 3990 nostrorum
1160 3929 1305 3988 arbitrium

114 4030 313 4092 consecrandos
328 4027 462 4107 elegit.’'⁸
854 4022 856 4027 ’

125 4128 231 4209 'Reepn
255 4129 361 4206 Viguit
382 4125 535 4208 aliquando
557 4122 718 4203 disciplina,
734 4142 790 4199 qua
804 4125 878 4182 sacri
905 4124 1027 4184 ministri
1053 4125 1083 4184 in
1103 4123 1218 4201 publico
1233 4121 1307 4182 coetu

116 4226 293 4307 eligebantur,
309 4225 420 4304 populo
435 4223 630 4284 testimonium
645 4222 680 4281 de
696 4224 822 4282 moribus
837 4222 956 4292 serente,
969 4234 998 4282 et
1012 4232 1077 4282 vota
1095 4240 1148 4279 sua
1161 4220 1308 4279 decorum

344 4472 388 4537 (l)
407 4469 436 4520 L.
448 4469 505 4536 iep
516 4469 697 4522 imtinstxvii.
767 4512 772 4518 .

341 4559 384 4621 (2)
404 4555 505 4606 Ibidem.

332 4643 388 4753 ·(³)
408 4641 552 4694 Pontiflcsle
563 4641 712 4702 Romanum,
722 4639 754 4691 de
763 4637 917 4691 ordinatione
929 4635 1073 4702 Presbyteri.
