2798 5092
152 344 192 404 00
432 344 489 405 DE
512 344 743 407 numanum
765 344 1071 407 onurnnrlonn.

148 520 208 564 non
228 503 373 581 permitto,
390 523 485 579 nequa
499 503 639 564 dominari
653 505 683 564 iu
704 504 808 572 virum,
823 503 875 562 aed
895 522 960 562 esse
975 505 1006 563 in
1026 502 1189 564 silentio.”¹
1232 513 1252 541 ‘⁴
1266 504 1356 564 Muli-

149 617 212 658 eres
226 600 295 659 viris
309 601 369 657 auis
384 599 503 658 subditae
519 599 587 668 siut,
599 599 828 659 sicutDomino:
845 601 981 675 quoniam
996 601 1039 658 vir
1051 611 1136 679 caput
1149 609 1194 658 est
1208 599 1352 668 mulieris,

148 698 224 756 sicut
238 696 372 755 Christus
386 707 471 773 caput
485 706 529 755 est
543 697 731 757 Ecclesiae.’'⁸
771 698 867 766 Quum
882 717 936 757 nec
950 698 1064 766 docere,
1080 716 1133 756 nec
1147 697 1230 771 loqui
1245 697 1276 756 in
1294 697 1354 757 Ec·

148 795 235 854 alesia
252 794 418 853 mulieribus
430 795 617 871 permittatur,
632 795 723 870 liquet
736 814 784 854 eas
799 796 834 856 ab
848 797 928 855 omni
944 814 1025 854 sacro
1040 813 1159 854 munera
1173 793 1302 854 excludi.

186 891 339 951 Probatur
353 889 396 950 II.
413 909 449 950 es
462 891 617 952 Patribus.

188 995 256 1049 205.
272 990 508 1049 Tnarmararsus
519 991 572 1048 ait:
589 991 686 1049 “Non
697 991 869 1068 permittitur
879 990 991 1049 mulieri
1001 992 1029 1049 in
1040 991 1175 1049 Ecclesia
1185 989 1284 1064 loqui;
1301 989 1355 1051 sed

89 1101 95 1107 ·
148 1104 201 1145 nec
215 1084 328 1154 docere,
343 1103 397 1144 nec
411 1085 528 1162 tingere,
545 1105 599 1145 nec
613 1085 726 1154 offerre,
741 1105 795 1145 nec
816 1087 903 1145 ullius
918 1087 1007 1146 virilis
1029 1087 1166 1156 muneris,
1183 1086 1292 1147 nedum
1308 1107 1354 1147 sa·

147 1181 298 1241 cerdotalis
313 1180 402 1239 officii
417 1192 522 1240 sortem
538 1181 593 1239 sibi
608 1180 800 1240 vindicarc.‘’⁸

186 1282 256 1337 206.
280 1279 313 1336 S.
328 1278 517 1337 Errrnsnrns
531 1297 538 1334 :
554 1286 574 1314 “
587 1278 619 1335 Si
640 1278 831 1337 sacerdotium
846 1279 1013 1337 mulieribus
1028 1278 1191 1338 mandatnm
1208 1279 1292 1350 foret,
1306 1293 1357 1342 aut

147 1378 317 1438 canonicum
344 1377 498 1450 quidquam
522 1386 654 1453 praeatare
679 1376 765 1436 eisin
781 1377 913 1436 Ecclesia
934 1378 1041 1446 liceret,
1067 1377 1138 1436 nulli
1152 1378 1248 1455 potius
1264 1397 1354 1452 qnam

147 1473 332 1554 Mariae1illud
353 1475 382 1533 in
408 1493 484 1533 novo
498 1475 684 1533 Testamento
705 1475 845 1534 committi
865 1475 1020 1535 sacerdotis
1042 1474 1168 1535 officinm
1190 1476 1291 1536 debuit
1301 1497 1355 1547 ;—

146 1589 246 1629 verum
260 1570 345 1648 longe
360 1570 424 1628 Deo
439 1568 519 1627 aliter
533 1581 575 1629 est
589 1569 730 1628 visum.''⁴

188 1672 258 1728 207.
288 1668 320 1724 S.
344 1666 481 1725 Joannns
506 1665 763 1726 Gnarsosnorros:
790 1667 935 1741 “qnando
957 1667 993 1726 de
1013 1668 1155 1728 Ecclesia
1181 1668 1355 1747 proelectnra

146 1766 249 1844 agitur,
265 1765 398 1823 universa
418 1762 532 1838 quidem
546 1765 692 1824 muliebris
713 1775 823 1835 natura,
838 1766 992 1826 functionis
1007 1766 1089 1825 istius
1106 1766 1176 1826 moli
1191 1787 1224 1825 ac
1240 1769 1355 1847 magni·

147 1863 239 1924 tudini
254 1862 335 1922 cedat
349 1861 508 1940 oportet.”⁵

193 1960 312 2021 Accedit
332 1961 395 2039 ipsa
419 1978 513 2018 rerum
545 1961 751 2029 convenientia,
780 1980 842 2034 quae
871 1960 957 2020 dictat
986 1962 1134 2021 mulierem
1161 1979 1220 2023 non
1248 1962 1355 2024 debere

144 2058 174 2117 in
189 2059 276 2136 gradu
291 2057 471 2117 eminentiori
486 2057 631 2126 constitui,
646 2056 702 2116 Dei
716 2057 795 2116 vices
810 2058 962 2117 obeuntem
977 2058 1007 2116 in
1022 2058 1057 2116 iis
1073 2076 1136 2132 quae
1150 2058 1296 2136 pertinent
1310 2058 1346 2119 ad

144 2158 246 2235 animae
262 2158 394 2216 salutem.

555 2331 753 2374 onsnc'rlonns
768 2333 950 2375 SOLVUNTUR·

182 2479 251 2533 208.
277 2470 344 2552 onj.
363 2476 389 2532 l.
411 2473 520 2531 Saltem
542 2472 696 2549 praedicase
713 2484 836 2551 possunt
857 2473 1005 2544 mulieres,
1027 2475 1137 2553 Spiritu
1152 2474 1210 2571 Dgi
1224 2495 1275 2535 eas
1289 2496 1352 2539 mo·

143 2582 236 2639 vente,
252 2590 317 2631 nam
334 2572 377 2629 vir
392 2579 421 2628 et
435 2569 537 2629 mulier
550 2588 638 2628 unum
653 2571 763 2629 suntin
778 2571 897 2630 Christo
911 2572 930 2630 J
933 2590 994 2630 eu.

182 2669 271 2747 Rcap.
292 2668 346 2728 Vir
359 2679 388 2727 et
402 2668 503 2726 mulier
516 2687 606 2726 unum
621 2679 688 2727 aunt
702 2669 731 2729 in
745 2668 879 2738 Christo,
894 2679 1033 2745 quatenus
1050 2670 1164 2745 utrique
1178 2682 1352 2749 competunt

137 2770 204 2848 jura
217 2769 297 2845 paria
311 2768 340 2826 in
362 2767 398 2824 iis
419 2785 482 2840 qnae
497 2766 533 2825 ad
547 2766 652 2826 animae
672 2767 792 2827 salutem
818 2777 886 2827 sunt
906 2769 1093 2837 necessaria;
1115 2787 1236 2828 munera
1251 2781 1350 2832 autern

141 2887 221 2927 sacra
232 2867 380 2944 Apostolia
395 2865 495 2924 tradita
506 2875 582 2935 sunt,
598 2885 655 2925 non
667 2867 735 2925 item
751 2867 930 2936 mulieribus,
944 2868 1048 2941 quibus
1063 2885 1099 2926 ne
1113 2867 1303 2943 loquerentur
1317 2871 1350 2930 in

141 2964 275 3025 Ecclesia
295 2963 441 3041 prohibuit
455 2962 573 3021 Paulus.
1256 3027 1258 3031 Α

180 3067 251 3123 209.
278 3060 344 3140 obj.
360 3066 390 3119 2.
412 3061 569 3138 Apostolus
581 3061 673 3138 arguit
688 3061 822 3120 mulieres
836 3061 983 3134 loquaces,
999 3079 1063 3134 quae
1076 3060 1348 3138 interrogationibus
1373 3108 1378 3119 .

140 3161 312 3240 importunis
323 3160 485 3219 molestiam
498 3160 656 3217 creabant.⁸
677 3159 798 3217 Constat
808 3169 902 3217 autern
913 3158 1048 3217 mulieres
1063 3159 1229 3217 vaticinatas
1238 3178 1305 3218 esse
1320 3171 1350 3220 et

139 3258 320 3337 predicasse,
337 3276 424 3331 quum
450 3257 553 3314 Petrus
580 3254 673 3313 Joelis
688 3255 853 3314 vaticinium
880 3256 1029 3332 impletum
1051 3256 1192 3315 affirmet:
1218 3256 1349 3336 “Super

141 3356 260 3414 ancillas
274 3372 363 3422 meas,
378 3354 409 3410 in
423 3352 523 3410 dicbus
539 3351 596 3408 illis
619 3350 764 3409 effundam
781 3352 816 3409 dc
831 3353 940 3428 Spiritu
955 3370 1031 3420 rneo,
1048 3362 1077 3410 et
1089 3353 1350 3429 prophetabunt.”⁷

181 3449 270 3529 Reap.
293 3448 449 3526 Apostolus
464 3448 570 3520 absque
586 3445 750 3504 discrimine
764 3448 1009 3523 omnempublice
1023 3448 1161 3522 loquendi
1174 3459 1203 3506 et
1219 3449 1348 3510 docendi

139 3546 303 3604 facultatem
318 3545 484 3604 mulieribus
499 3542 630 3621 denegat,
645 3562 699 3601 nec
713 3544 801 3603 nimia
812 3543 1000 3617 quarumdam
1014 3545 1185 3618 loquacitate
1202 3547 1347 3606 innititur.

139 3643 227 3712 ¹Quod
242 3655 336 3702 autem
351 3644 416 3702 Joel
432 3642 466 3700 de
476 3640 552 3700 dono
565 3642 722 3719 prophetia
737 3643 903 3701 mulieribus
916 3644 1156 3702 communicando
1171 3647 1345 3717 enuntiavit,

139 3736 247 3814 munus
265 3740 385 3799 docendi
400 3759 456 3799 non
478 3740 587 3816 probat,
607 3739 683 3812 aliud
698 3750 741 3798 est
761 3740 837 3798 enim
853 3758 890 3798 ex
905 3740 1028 3817 Spiritus
1043 3740 1134 3799 sancti
1151 3741 1345 3817 inspiratione

138 3840 284 3900 enuntiare
296 3840 399 3907 lutura,
412 3837 489 3912 quod
500 3837 610 3904 Mariae,
624 3838 714 3897 Matri
729 3837 859 3906 Domini,
875 3839 995 3913 aliisque
1009 3840 1142 3916 contigit:
1159 3840 1235 3899 aliud
1250 3852 1349 3902 aucto-

138 3939 247 3999 toritate
263 3936 371 3995 tradere
385 3936 451 3994 fidei
468 3935 609 4002 veritates,
626 3934 670 3992 vel
683 3955 762 3994 sacra
776 3936 854 3995 obire
871 3937 976 3995 munia.

173 4100 216 4164 (1)
240 4098 260 4148 1.
272 4097 339 4148 rim.
351 4095 427 4147 itu.

173 4185 215 4250 (a)
236 4163 301 4250 apl.
314 4200 336 4233 v.
350 4182 391 4234 aa.

174 4272 216 4336 (3)
236 4265 266 4321 L.
278 4271 308 4321 de
319 4271 374 4322 Vel.
386 4271 447 4334 virg.
458 4287 479 4322 o.
491 4271 542 4321 aiil.
567 4298 569 4302 Δ

172 4358 214 4425 (4)
235 4358 301 4408 Har.
313 4360 383 4409 lxxv.

172 4447 214 4511 (t)
234 4443 263 4496 L.
275 4445 353 4496 ILde
362 4446 461 4497 sacerd.

171 4531 213 4598 (6)
233 4533 297 4582 “To
308 4549 407 4598 reprovc
426 4533 468 4582 tho
488 4529 665 4583 inconsiderate
681 4530 730 4583 and
750 4529 864 4606 talkativo
881 4546 976 4581 women
1000 4546 1090 4593 among
1110 4529 1152 4579 the
1171 4525 1345 4594 Corinthiam,

134 4619 192 4669 who
204 4618 314 4668 troubled
326 4618 367 4668 the
380 4617 473 4669 churoh
482 4619 513 4668 of
520 4618 605 4668 Christ
613 4617 673 4668 witlr
684 4618 746 4668 their
755 4617 916 4683 unprolltable
928 4615 1077 4682 questions.”
1097 4615 1209 4680 Barclay,
1220 4616 1349 4685 Apology,

129 4721 202 4770 prop.
212 4724 237 4756 x.
250 4709 273 4765 §.
285 4705 364 4755 xxvii.

155 4791 202 4856 (6)
220 4790 279 4840 Act.
291 4791 317 4842 ir'.
333 4793 375 4841 17.

934 4900 946 4928 ἱ
