2798 5092
455 282 513 344 DE
537 283 679 345 CULTU
701 280 971 344 SANOTORUM.

606 827 747 888 CAPUT
768 828 808 889 ll.
843 900 856 931 e

393 1063 449 1114 DE
486 1062 650 1115 CULTU
684 1060 1012 1120 SANOTORUM.

147 1295 192 1351 17.
215 1291 340 1369 Constat
359 1290 467 1351 cultum
480 1291 657 1369 religiosum,
683 1292 826 1352 inferioris
850 1304 945 1355 tamen
969 1296 1095 1374 generis,
1121 1297 1301 1374 praetoriis

101 1388 239 1448 Ecclesia
249 1386 401 1447 catholiea
409 1387 518 1465 angelis
528 1388 691 1465 sanctisque
704 1389 795 1467 gloria
803 1389 909 1449 caelesti
918 1391 1085 1452 fruentibus.
1126 1392 1169 1451 Ut
1181 1393 1302 1453 dicenda

100 1486 138 1545 de
154 1504 189 1544 eo
202 1484 408 1563 intelligantur,
423 1503 486 1558 qnae
508 1483 543 1543 de
568 1485 661 1545 cultus
684 1485 818 1564 gradibus
833 1486 980 1548 traduntur
999 1488 1204 1559 distinctiones,
1220 1511 1303 1550 unm.

100 1601 188 1656 quam
202 1600 219 1640 e
235 1581 374 1640 memoria
388 1581 533 1639 elabantur
554 1592 678 1659 oportet.
722 1580 885 1661 Supremos
908 1585 1052 1662 igiturest
1075 1585 1168 1645 cultus
1182 1589 1233 1661 qui
1253 1606 1300 1664 ag·

98 1680 197 1739 noscit
219 1678 361 1737 infinitam
384 1677 469 1737 Eutis
493 1679 741 1756 perlectionemet
766 1680 953 1758 majestatem.
994 1681 1127 1764 inferior
1138 1685 1192 1757 qui
1204 1685 1302 1743 nititur

98 1774 309 1853 supernaturali
324 1773 389 1834 dbte
404 1775 439 1832 ab
453 1774 529 1833 Ente
544 1774 690 1852 Supremo
701 1775 836 1844 derivata,
851 1776 897 1835 vel
912 1777 1049 1837 relatione
1064 1778 1102 1837 ad
1114 1778 1180 1837 Eue
1191 1797 1225 1837 ea
1235 1779 1301 1838 dote

99 1887 243 1932 omarum.
286 1871 365 1931 Hinc
379 1871 425 1931 vel
439 1870 594 1932 absolutus
607 1883 663 1941 est,
676 1873 723 1931 vel
737 1871 893 1931 relativus.
931 1871 1096 1933 dbsolntue
1117 1876 1216 1935 nititur
1235 1876 1301 1936 dots

99 1991 166 2046 quas
180 1972 210 2030 in
225 1970 303 2030 Ente
318 1972 497 2049 agnoscitur3
519 1969 662 2030 relatione
676 1981 751 2030 totus
766 1970 887 2030 refertur
897 1971 1029 2031 adalind.
1063 1973 1144 2031 Dens
1159 1975 1237 2033 solus
1252 1975 1299 2033 ab

98 2070 195 2129 soluto
217 2078 247 2127 et
268 2088 403 2146 supremo
429 2069 506 2127 cultu
530 2067 719 2146 dignoscet:
743 2080 865 2127 alumen
891 2069 984 2128 cultus
1009 2078 1171 2129 sanctornm
1197 2071 1300 2129 dicitur

99 2166 188 2225 etiam
210 2163 377 2234 absolutus,
392 2184 482 2239 quum
495 2182 562 2223 rere
583 2165 749 2243 possideant
762 2165 838 2225 dona
857 2166 1102 2243 supernaturaliar
1122 2166 1173 2225 sed
1187 2178 1215 2225 et
1229 2165 1301 2227 reln-

97 2253 181 2322 tr‘uus
195 2275 239 2321 est
254 2280 319 2321 nam
334 2262 526 2321 necessariam
548 2260 634 2320 babet
655 2260 689 2319 ad
712 2260 818 2329 Deum,
834 2262 916 2339 cnjus
931 2281 1019 2321 causa
1032 2262 1215 2331 honorantur,
1230 2264 1304 2323 rsla·

96 2361 233 2420 donem!
275 2359 384 2418 Cultus
401 2356 789 2461 imaginumgQiune.
1296 2438 1299 2443 Ι
1348 2420 1352 2443 2

140 2461 189 2516 le.
211 2456 258 2515 De
279 2456 427 2515 sanctitate
441 2467 470 2514 et
483 2446 573 2534 gloria
588 2465 747 2533 martyrum
768 2457 868 2535 primis
883 2457 996 2518 sareulis
1010 2457 1158 2517 constabat
1171 2476 1210 2518 en
1225 2446 1305 2518 lama

94 2554 223 2635 publica,
238 2555 440 2631 episcoporum
454 2553 607 2613 accedente
628 2554 804 2633 anctoritate,
818 2555 930 2613 seilicet
954 2554 1093 2614 memoria
1107 2573 1207 2614 eornm
1222 2556 1297 2614 cole·

97 2654 180 2713 batur
193 2652 243 2710 ubi
257 2651 335 2730 passi
349 2651 459 2710 fueraut
473 2651 625 2729 supplicia,
641 2649 686 2709 vel
707 2651 755 2710 ubi
778 2651 905 2725 reliquie
920 2670 1021 2712 eornm
1047 2653 1295 2712 conservabantur.

97 2751 157 2813 Die
170 2750 364 2810 anniversario
379 2750 587 2808 conveniebant
600 2748 700 2807 fideles
717 2769 727 2806 a
752 2760 813 2807 aeta
827 2749 956 2826 martyrii
971 2749 1151 2826 legebantur:
1161 2751 1299 2809 offereba-

98 2859 145 2909 tur
167 2849 232 2907 Deo
255 2848 285 2905 in
308 2850 461 2924 gratiarum
486 2848 627 2905 actionem
652 2855 682 2903 et
707 2845 821 2903 laudem
849 2845 1023 2905 sacrificium
1052 2847 1297 2907 eucharisticum.²

99 2947 208 3014 Quarto
234 2945 352 3012 saeculo,
367 2944 566 3021 persecutione
591 2942 707 3019 sopita..
721 2943 771 3016 qui
786 2942 852 2999 ritae
875 2941 984 3000 eximia
1004 2943 1151 3003 sanctitate
1166 2944 1295 3004 bdelium

100 3055 267 3105 ceterorum
283 3046 313 3103 iu
325 3063 357 3102 se
372 3043 534 3102 excitabant
547 3041 777 3109 admirationem,
789 3050 856 3119 post
870 3026 992 3099 mortem
1004 3040 1094 3099 simili
1108 3042 1167 3100 sere
1188 3043 1296 3102 bonore

99 3144 321 3203 celebrabantur.
362 3140 478 3200 litteris
503 3139 671 3216 Eucyelicis
696 3138 822 3216 seriptis,
837 3138 991 3212 aliquando
1005 3138 1184 3215 singulorum
1199 3140 1293 3198 cultus

100 3241 136 3301 ad
148 3242 262 3301 dissitas
276 3241 412 3300 transibat
438 3239 596 3306 Ecclesiae,
622 3255 674 3314 pro
697 3238 855 3296 sanctitatis
869 3237 955 3307 fama,
977 3247 1006 3296 et
1020 3238 1220 3297 miraculorum
1241 3237 1293 3296 sre-

102 3340 233 3412 quentia:
256 3337 307 3397 sed
333 3335 425 3395 adbuc
450 3334 528 3394 nullo
543 3333 660 3393 decreto
673 3332 751 3408 quod
771 3333 962 3393 universalem
977 3343 1118 3410 spectaret
1131 3333 1294 3394 Ecclesiam

104 3437 250 3495 cousuevit
277 3435 412 3493 sanctitas
440 3432 640 3491 defunctorum
666 3429 812 3490 declarari.
854 3429 989 3490 Eminuit
1014 3431 1130 3504 quidem
1156 3431 1294 3491 Romanas

106 3531 188 3591 Sedis
202 3533 365 3599 auotoritas,
379 3549 447 3590 uam
460 3530 568 3589 soeenlo
582 3538 682 3603 quarto
693 3539 814 3593 exeunte
827 3540 889 3586 acta
902 3529 1033 3605 martyrii
1053 3528 1084 3585 S.
1101 3527 1204 3607 vigilii
1222 3531 1296 3607 epis.

104 3631 168 3708 copi
181 3630 344 3689 Tridentini
358 3628 393 3687 ad
407 3629 579 3687 Pontificem
601 3626 691 3686 missa
711 3631 803 3693 ειιιιι,3
817 3634 846 3683 et
859 3625 922 3702 ejus
937 3625 1059 3684 facultas
1069 3644 1150 3703 sape
1162 3627 1294 3700 exquire·

104 3727 181 3786 batur
194 3738 225 3786 ut
238 3745 343 3804 corpus
359 3725 480 3803 alicujus
495 3722 710 3783 viri'sanctitate
723 3720 844 3781 celebris
859 3719 894 3779 de
911 3722 1020 3779 tumulo
1034 3720 1195 3782 honorifice
1206 3722 1296 3781 eleva·

138 3884 468 3951 (l)Le1lrnitziusapposite
488 3883 585 3934 scribit:
602 3879 777 3932 “Generaliter
799 3879 933 3931 tenendum
949 3895 1031 3945 neque
1045 3881 1139 3931 cultum
1156 3888 1294 3931 sanctorum
1321 3851 1388 4014 es

104 3980 145 4022 aut
160 3972 316 4037 reliquiarum
328 3971 431 4037 probari,
443 3969 626 4034 nisiqnatsnns
642 3965 889 4026 adDeumrelertnr,
908 3966 1054 4031 nullumque
1070 3966 1193 4029 religionis
1216 3974 1297 4019 actum
1339 3997 1388 4073 Vp

106 4074 155 4110 esse
165 4060 256 4122 debere,
269 4059 313 4124 qui
323 4058 477 4109 inhonorem
487 4057 562 4108 nnius
573 4053 749 4122 omnipotentis
760 4052 808 4103 Dei
819 4066 871 4103 non
879 4054 1014 4104 resolvatur
1026 4070 1056 4104 ac
1066 4053 1215 4104 terminetur.
1249 4054 1296 4106 Ita·
1308 4014 1355 4086 Α

105 4161 213 4210 quacum
225 4150 305 4198 saneti
317 4147 477 4206 honorantur,
488 4145 551 4196 boc
544 4152 579 4196 rte
589 4142 776 4206 intelligendum
787 4148 824 4191 est
836 4142 1068 4205 quemadmodum
1061 4158 1088 4191 ιιι
1104 4141 1228 4206 Scriptura
1238 4142 1295 4194 diei.
1310 4113 1339 4176 ‘i
1344 4120 1388 4175 ⁴*

104 4240 148 4292 tur,
162 4232 315 4284 honorificati
331 4240 407 4283 sunt
412 4233 485 4283 amici
507 4232 544 4283 tui
560 4232 637 4291 Dens,
648 4238 673 4281 et
689 4227 786 4279 laudate
808 4227 970 4279 Dominum'
963 4245 991 4279 ιιι
1007 4227 1098 4278 senens
1120 4225 1198 4294 ejus”
1232 4228 1307 4293 Systl
1314 4237 1365 4295 μ.
1382 4257 1388 4296 4

107 4320 222 4389 'I'heobp
238 4324 296 4371 160.
396 4325 399 4328 ’
1319 4329 1388 4421 α.

137 4409 176 4476 (2)
196 4408 366 4459 VideEuscb.
385 4405 452 4457 liv
463 4405 600 4456 histEecl.
620 4420 641 4455 e.
657 4419 697 4454 xv
709 4389 1205 4466 Smyrnensiumepistolamdemartyrio
1222 4398 1295 4465 Poly·

105 4495 165 4560 ourpi
186 4495 336 4546 recitantem.
369 4493 434 4544 Eam
454 4492 587 4544 novissime
609 4490 777 4559 produxerunt
799 4486 952 4538 Oxonienses
975 4483 1051 4535 vol.
1044 4500 1062 4536 r.
1086 4483 1195 4536 Reeords
1209 4486 1238 4535 ot*
1255 4486 1369 4614 tlte&

107 4577 211 4642 Choreb,
221 4580 249 4631 N
250 4597 275 4632 o
287 4580 331 4631 xii.

140 4672 180 4738 (3)
198 4668 276 4735 Apud
287 4667 403 4720 Bolland
413 4666 486 4718 adse
498 4666 558 4717 Jnn

136 4899 431 5079 ιιι
490 4919 580 4989 ιι
640 4735 1388 5064 cambi&
