2798 5092
342 356 399 418 DE
421 356 684 419 SANCTORUM
705 357 1010 421 INVOCATIONE.
1208 364 1265 421 201

126 520 170 574 54.
192 516 225 574 S.
249 515 405 576 Hruaauus
419 517 450 576 in
463 518 549 576 verba
563 516 673 575 Christi
688 515 763 594 apud
779 517 926 577 Matth.⁴c.
948 519 1028 578 xviii.
1046 524 1093 579 10.
1135 528 1155 558 ‘⁴
1167 521 1269 598 Angeli

95 613 248 690 pusillorum
277 625 406 688 presunt
431 614 560 673 fidelium
592 614 789 673 orationibus.’
830 614 960 674 Praeesse
989 617 1115 694 Angelos
1142 617 1269 675 absoluta

94 712 224 770 auctoritas
245 722 298 770 est.
341 712 520 772 Salvatorum
545 713 630 790 igitur
649 731 701 789 per
715 711 863 771 Christum
876 715 1017 772 orationes
1033 715 1126 792 angeli
1140 714 1268 789 quotidie

95 806 146 867 lieo
158 808 287 867 offerunt.
330 810 411 887 Ergo
432 809 592 887 periculose
617 809 666 868 ille
688 806 889 876 contemnitur,
906 811 987 888 cujus
1002 810 1142 870 desideria
1157 832 1189 870 ac
1205 830 1270 888 pos·

94 904 224 963 tulationes
239 904 274 963 ad
289 915 425 983 aeternum
441 916 470 964 et
480 905 656 964 invisibilem
671 904 765 964 Deum
780 906 931 964 ambitioso
945 906 1119 983 Angelorum
1132 907 1270 965 famulatu

95 1017 120 1057 ac
132 1001 280 1060 ministerio
294 1002 495 1079 pervehuntur.

68 1152 73 1163 ,
126 1101 165 1154 55.
186 1097 217 1155 S.
234 1098 411 1157 Cresconius
432 1098 650 1158 stusuzurros
671 1098 705 1157 ira
722 1096 864 1157 Oratione
878 1097 912 1157 de
926 1096 1066 1157 laudibus
1084 1096 1117 1157 S.
1132 1097 1247 1158 Basilii
1257 1121 1268 1158 .·

98 1195 160 1254 “Tu
169 1195 244 1263 verri,
255 1217 367 1257 sacrum
382 1209 411 1256 et
424 1197 552 1257 divinum
565 1209 660 1274 caput,
673 1217 690 1256 e
702 1198 775 1256 coelo
785 1217 850 1264 nos,
862 1216 971 1271 quaeso,
987 1200 1107 1276 inspice,
1120 1199 1270 1272 carnisque

37 1284 52 1393 b
96 1291 223 1351 stimulum
238 1313 256 1351 a
270 1292 335 1353 Deo
349 1295 431 1353 nobis
446 1294 480 1354 ad
504 1293 687 1372 disciplinam
701 1292 798 1353 datum
823 1303 870 1352 aut
893 1296 1024 1372 precibus
1046 1296 1102 1353 tuis
1116 1296 1198 1362 siste,
1221 1304 1271 1353 aut
1331 1296 1334 1307 '

96 1399 156 1446 certe
167 1403 196 1448 ut
209 1390 274 1448 sorti
289 1392 386 1450 animo
400 1392 586 1469 perieramus,
602 1391 759 1469 persuadcr
775 1405 859 1466 atque
870 1411 986 1452 omnem
998 1403 1121 1452 nostram
1137 1394 1223 1453 vitam
1235 1393 1270 1451 ad
1335 1398 1341 1469 'r

97 1483 119 1541 id
130 1487 196 1559 quod
219 1489 344 1563 maxime
367 1489 547 1549 conducibile
561 1498 615 1557 est,
631 1489 732 1567 dirige.
777 1491 932 1563 Postquam
959 1501 1054 1549 autem
1079 1510 1117 1549 ex
1138 1491 1192 1549 hac
1212 1491 1271 1550 rita
1338 1478 1341 1485 ’

98 1581 302 1659 migraverimus,
331 1586 410 1646 illino
436 1588 520 1645 etiam
549 1606 602 1646 nos
630 1587 661 1646 in
689 1588 869 1646 tabernacula
896 1597 945 1646 tua
972 1590 1099 1665 suscipe,
1124 1600 1156 1646 ut
1183 1586 1271 1647 simul
1336 1592 1342 1669 ζ

98 1679 214 1750 uiuentes,
229 1694 258 1741 et
281 1684 414 1742 Sanctam
438 1685 609 1743 Trinitatem
634 1683 747 1761 plenius
766 1685 922 1763 puriusque
944 1695 1104 1752 cernentes,
1120 1684 1270 1743 desideriis

99 1778 180 1836 uostris
195 1780 281 1840 finem
294 1781 502 1839 statuamus.''²

127 1878 168 1933 56.
188 1877 219 1935 8.
237 1876 413 1936 Gnuoomus
434 1878 605 1946 Nusssrms,
624 1877 766 1939 Orotiorte
786 1879 820 1937 de
849 1877 880 1936 S.
907 1877 1059 1938 Theodoro
1081 1877 1128 1937 M.
1150 1888 1170 1917 ‘⁶
1183 1878 1272 1938 Inter-

100 1969 153 2030 cede
164 1993 193 2033 ac
207 1974 358 2052 deprecare
374 1995 425 2053 pro
439 1977 529 2052 patria
543 1976 617 2055 apud
632 1995 814 2036 communem
828 1993 925 2053 regem
940 1996 973 2034 ac
986 1976 1156 2034 Dominum.
1192 1977 1271 2036 Nam

99 2071 168 2141 putria
179 2074 311 2150 martyris
326 2084 369 2131 est
383 2075 467 2132 etiam
477 2073 557 2133 locus
571 2075 724 2151 passionis.
747 2115 755 2133 .
773 2116 781 2132 .
798 2115 805 2132 .
828 2074 951 2131 Etiamsi
963 2074 1104 2150 superasti
1119 2073 1269 2142 seculum,

99 2169 186 2225 utucsti
195 2152 318 2227 affectus
329 2178 358 2226 et
372 2188 452 2237 usus,
462 2171 704 2244 necessitatesque
720 2171 850 2230 humana
864 2169 1047 2228 conditionis.
1070 2168 1142 2227 Pete
1156 2186 1270 2245 pacem,

100 2274 123 2320 lt
132 2266 156 2325 hi
168 2270 271 2346 publici
286 2281 442 2331 conventus
456 2290 515 2330 non
528 2271 658 2330 desinant
660 2312 796 2330 .....
820 2271 848 2330 N
851 2289 883 2328 os
899 2271 976 2328 enim
991 2269 1076 2327 etiam
1092 2267 1170 2341 quod
1190 2266 1270 2325 inco·

100 2359 170 2424 lomes
184 2369 286 2426 servati
300 2387 412 2436 sumus,
428 2369 478 2427 tibi
493 2380 641 2446 acceptum
656 2368 815 2427 referimus.
838 2368 968 2426 Petimus
980 2377 1074 2425 auteur
1087 2366 1170 2424 etiam
1184 2364 1271 2422 futuri

100 2466 213 2541 uaporis
228 2465 393 2543 presidium
408 2476 493 2540 atque
506 2465 697 2525 securitatem.
739 2466 823 2533 Quod
838 2467 863 2524 si
878 2466 980 2543 majori
994 2466 1081 2524 etism
1095 2482 1169 2541 opus
1184 2462 1271 2521 fuerit

100 2556 261 2623 adunatione
276 2584 308 2622 ac
322 2564 537 2633 intercessione,
552 2564 669 2633 fratrum
691 2574 803 2624 tuorum
824 2577 982 2642 martyrum
996 2581 1068 2641 coge
1090 2564 1220 2630 chorum,
1242 2569 1272 2619 et

100 2670 149 2717 curu
160 2662 291 2720 omnibus
306 2680 362 2719 una
376 2661 538 2738 deprecare.
566 2660 726 2721 Multorum
744 2661 887 2739 justorum
902 2678 1002 2739 preces
1017 2659 1190 2736 populorum
1207 2675 1272 2734 pec·

99 2756 319 2827 candissolraut.
360 2757 492 2817 Admone
507 2758 635 2827 Petrum,
648 2759 742 2816 excita
755 2758 889 2825 Paulum,
903 2776 1017 2816 necnon
1032 2756 1176 2816 loannem
1192 2755 1272 2813 The·
1335 2764 1339 2771 ’

99 2848 203 2929 ologum,
219 2876 251 2915 ac
266 2856 401 2916 dilectum
414 2855 599 2933 discipulum,
615 2865 646 2914 ut
660 2874 711 2933 pro
733 2855 874 2915 Ecclesiis
889 2873 961 2928 quas
976 2855 1185 2913 constituerunt
1199 2851 1268 2912 soli·

99 2946 231 3011 citisint.'’

127 3052 166 3109 it.
187 3052 218 3109 S.
234 3050 370 3112 Joarmus
385 3052 621 3112 Curuusorronns
647 3051 677 3110 in
692 3051 810 3110 homilia
836 3049 871 3108 da
892 3051 948 3110 88.
964 3051 1099 3118 Bernics,
1114 3049 1271 3118 Prosdnce,

100 3145 286 3215 etliomnina:
310 3149 446 3224 “Neque
462 3150 507 3207 die
522 3159 629 3208 tantum
643 3148 729 3226 hujus
744 3147 915 3216 festivitatis,
925 3147 977 3206 sed
989 3148 1052 3205 aliis
1067 3149 1152 3207 etiam
1162 3148 1273 3214 diebus,

99 3239 329 3316 iisassideamus,
355 3268 403 3307 eas
431 3248 625 3316 obsecremus,
651 3249 836 3316 obtestemur,
859 3259 890 3305 ut
920 3259 1045 3325 patrone
1070 3244 1128 3304 sint
1156 3256 1272 3305 nostre.

99 3337 200 3407 Multam
215 3349 294 3407 enim
316 3346 451 3406 fiduciam
465 3347 594 3405 obtinent
607 3365 665 3405 non
679 3347 807 3405 virentes
829 3344 926 3413 modo,
941 3343 1036 3403 sedet
1057 3353 1185 3411 mortue,
1200 3342 1273 3400 mul·

98 3443 166 3512 loque
178 3445 267 3522 magis
283 3462 349 3502 cum
363 3445 420 3502 sint
434 3453 562 3502 morture.
604 3442 670 3503 Jam
684 3444 761 3503 enim
777 3445 909 3521 stigmata
921 3441 1016 3500 terunt
1030 3440 1150 3498 Christi.
1194 3439 1273 3503 Cum

98 3546 172 3600 tutem
185 3542 317 3620 stigmata
331 3542 393 3600 haec
407 3541 591 3609 ostenderint,
607 3543 703 3601 omnia
715 3542 789 3619 Regi
803 3550 924 3618 possunt
938 3537 1157 3617 persuadere.”l

131 3640 171 3699 58.
208 3641 241 3700 8.
269 3641 429 3706 Arrenius,
457 3641 618 3699 Amasenus
653 3640 830 3718 Episcopus,
859 3639 889 3697 in
925 3639 1070 3697 Encomio
1098 3649 1269 3716 martyrum,

98 3746 197 3798 matrem
208 3757 261 3817 pro
276 3738 328 3796 filii
342 3736 503 3795 valetudine
527 3736 727 3814 deprecantem
750 3736 876 3795 inducit:
900 3736 975 3795 “Ad
997 3754 1087 3795 unum
1112 3746 1270 3813 martyrum

99 3836 228 3907 secedens,
244 3855 295 3916 per
310 3836 389 3896 illum
404 3835 625 3913 postulationem
639 3855 720 3894 suam
735 3835 819 3894 offert
830 3836 968 3902 Domino,
980 3834 1148 3914 hujusmodi
1163 3832 1270 3892 media·

97 3935 169 3994 torem
181 3937 299 3995 vocibus
308 3935 514 4012 interpellans:
537 3935 584 3992 Tu
598 3935 647 4008 qui
662 3946 777 4011 propter
789 3932 938 3993 Christum
955 3953 1056 4011 passus
1072 3952 1118 4004 es,
1129 3929 1274 3991 intercede
1340 3972 1344 4005 r

97 4035 279 4108 propassione
293 4053 326 4091 ac
340 4033 450 4091 morbo.
473 4073 481 4091 .
505 4073 514 4090 .
536 4075 544 4091 .
567 4031 614 4091 Tu
630 4033 693 4109 ipse
703 4050 817 4105 quoque
834 4041 973 4108 martyres
986 4031 1139 4106 aliquando
1152 4028 1271 4106 rogasti,
1342 4016 1347 4081 ἶ

99 4133 229 4205 autequam
244 4131 328 4188 fieres
344 4129 482 4206 martyr.''
500 4172 508 4188 .
525 4172 532 4190 .
549 4172 557 4188 .
579 4128 657 4188 Intra
669 4128 756 4186 dicit:
780 4139 799 4165 ‘⁴
813 4128 890 4188 Nam
903 4130 970 4203 quia
984 4131 1102 4188 minime
1115 4127 1219 4186 idonea
1230 4137 1275 4187 est
1349 4134 1357 4213 ’,ι

98 4226 171 4286 oratio
182 4239 279 4288 nostra
292 4228 327 4286 ad
341 4228 512 4289 flectendum
527 4228 685 4287 Dominum
698 4231 868 4307 intempore
881 4228 1069 4294 necessitatis,
1086 4235 1115 4283 et
1128 4225 1271 4285 calamita·

128 4460 163 4526 (ll
179 4466 242 4519 Vide
253 4467 327 4519 ctiam
339 4467 406 4518 Orat.
417 4466 467 4518 xiv.
478 4466 509 4517 de
520 4467 592 4517 Patre
602 4481 656 4527 suo,
672 4472 697 4517 et
709 4466 776 4517 Oret
787 4466 816 4517 in
833 4466 953 4518 Athenas.
969 4472 995 4516 et
1012 4464 1080 4516 Orat.
1090 4463 1160 4515 xviii.
1176 4463 1206 4516 iu
1223 4462 1274 4530 Cy·

99 4556 162 4702 mlii
178 4638 240 4693 Vide
252 4638 326 4690 etism
339 4637 406 4690 Orat.
417 4637 448 4689 de
459 4638 507 4690 88.
518 4638 633 4692 inventio
643 4648 669 4692 et
679 4639 799 4701 Maximo,
811 4645 837 4690 et
847 4637 913 4689 hom.
925 4586 963 4688 45Ι
970 4638 1001 4691 de
1017 4637 1044 4687 8.
1054 4636 1163 4689 Meletio.

314 4882 324 4911 Ι
