2798 5092
329 115 387 181 DE
406 114 642 179 GORPUBUM
661 114 1028 183 aasusuaonuonsa
1213 124 1274 185 ast
1343 156 1350 167 ,

76 274 226 339 πωπω)
251 274 456 351 ,ῥΕῑφισιιίιιι
472 277 602 338 mambra
614 278 677 355 ejus
691 296 802 348 sumus,
816 288 846 337 et
864 296 917 357 psr
935 290 1092 342 emtarum
1111 282 1270 342 nutrimurr

76 382 238 433 amaram
252 382 349 434 amm
363 375 428 453 ipss
442 375 525 435 noble
539 385 664 453 prestat.
678 377 774 435 solem.
794 394 879 437 saum
898 378 967 436 oriri
985 376 1105 448 iaciens,
1120 388 1152 437 at
1169 378 1273 456 pluens

74 470 318 546 quemadmodum
335 474 417 533 vult:
438 490 504 534 aum
519 474 649 542 calicem,
664 475 713 547 qui
727 483 772 533 est
783 483 919 540 creatura,
934 492 1018 534 suum
1039 476 1208 554 sanguinem
1222 477 1272 552 qui

75 569 187 630 effusus
200 580 255 639 est,
270 588 307 630 ex
322 590 380 645 quo
406 585 489 650 auget
514 580 641 631 nostrum
663 573 851 650 sanguinemr
870 584 899 630 et
921 590 987 632 eum
1010 592 1113 651 panem
1127 576 1176 648 qui
1190 586 1235 633 est
1255 594 1272 634 a

72 677 215 734 creatura,
229 687 316 728 suum
330 687 435 747 corpus
448 670 636 738 confirmarit,
650 688 688 729 ex
702 688 760 744 quo
774 683 869 730 nostra
882 684 966 749 auget
979 688 1107 748 corpora
1149 672 1273 739 Quando

72 782 147 844 ergo
159 776 190 826 et
204 768 310 827 mixtus
325 768 401 828 calix
414 779 444 828 et
457 765 561 827 iractus
581 769 663 846 panis
685 769 806 846 percipit
824 770 942 829 verbum
964 769 1029 836 Dei,
1045 768 1078 828 tit
1091 769 1274 831 Eucharistia

70 864 224 942 sanguinis
239 875 268 923 et
278 867 407 944 corporis
421 864 542 934 christi,
557 884 594 925 ex
609 865 715 940 quibus
729 876 846 944 augetur
860 877 889 925 et
907 868 1038 926 consistit
1060 869 1154 927 caruis
1168 880 1272 929 nostras

71 963 234 1021 substantia
246 982 256 1031 3
277 961 422 1037 quomodo
435 981 550 1023 caruem
565 975 670 1042 negant
683 982 817 1041 capacem
831 982 896 1024 esse
910 962 1070 1025 donationis
1085 966 1153 1034 Dei,
1164 965 1214 1040 qui
1227 979 1272 1026 est

70 1060 139 1118 vita
147 1068 264 1128 aeterua,
279 1079 343 1134 quae
363 1060 503 1138 sanguiue
517 1071 546 1119 et
558 1078 678 1137 corpore
692 1060 802 1119 Christi
823 1061 953 1128 nutritur,
964 1073 994 1121 et
1007 1063 1165 1121 membrum
1187 1061 1272 1140 ejusl

72 1155 329 1225 Quemadmodum
338 1165 367 1215 et
375 1157 482 1216 Beatus
494 1156 650 1234 Apostolus
661 1158 700 1215 ait
707 1158 738 1215 in
749 1176 784 1215 ea
794 1174 861 1231 quae
872 1170 916 1217 est
927 1157 962 1216 ad
973 1157 1120 1236 Ephesios
1134 1157 1271 1236 epistolar

72 1265 86 1293 ⁴
96 1255 243 1323 Quoniam
258 1255 385 1315 membra
398 1272 499 1315 sumus
512 1254 639 1332 corporis
654 1255 869 1332 ejusdemne
881 1256 1163 1335 ejus,ctdaossibus
1178 1258 1241 1335 ejus
1251 1254 1272 1316 τ’

69 1370 135 1413 mon
150 1353 187 1412 de
201 1353 343 1430 spirituali
367 1352 463 1427 aliquo
487 1362 516 1413 et
541 1351 677 1412 invisibili
699 1343 816 1411 homine
837 1353 937 1413 dicens
958 1353 1035 1413 haecr
1056 1355 1174 1432 spiritus
1194 1355 1274 1416 enim

69 1469 173 1526 neque
189 1469 256 1509 ossa
269 1452 367 1525 neque
376 1468 476 1510 carnes
491 1450 586 1519 habet,
599 1449 651 1508 sed
671 1448 707 1508 de
727 1467 762 1508 ea
775 1448 963 1528 dispositione
976 1471 1040 1527 quas
1057 1463 1103 1511 est
1115 1433 1274 1515 seeundum

73 1544 181 1610 verum
195 1549 353 1618 hominem,
369 1566 433 1623 quae
459 1567 497 1609 ex
518 1549 650 1608 carnibus
664 1559 693 1607 et
712 1550 809 1608 nervis
829 1558 858 1608 et
875 1551 989 1610 ossibus
1003 1552 1144 1620 consistit,
1159 1571 1223 1627 quae
1236 1551 1273 1611 de

65 1648 176 1715 calice,
197 1647 247 1723 qui
272 1657 317 1705 est
340 1647 457 1724 sanguis
479 1648 555 1724 ejus,
570 1647 711 1705 nutritur:
732 1658 760 1705 et
781 1646 817 1705 de
839 1662 923 1724 pane,
942 1649 991 1721 qui
1010 1659 1055 1706 est
1075 1666 1179 1726 corpus
1199 1649 1274 1726 ejus,

70 1752 209 1823 augetur.
252 1744 293 1804 Et
305 1744 546 1819 quemadmodum
559 1745 669 1823 lignum
684 1744 749 1804 ritis
764 1743 925 1823 depositum
934 1744 962 1802 in
973 1754 1046 1803 terra
1057 1763 1110 1804 suo
1124 1745 1274 1806 fructificat

68 1855 220 1921 tempora
245 1854 275 1903 et
298 1862 418 1922 manum
440 1845 525 1903 tritici
539 1845 675 1904 decidens
700 1845 729 1904 iu
752 1855 855 1903 terram
877 1856 906 1903 et
928 1842 1109 1913 dissolutum,
1124 1846 1274 1923 multiplex
1383 1908 1386 1913 ,

70 1942 183 2020 surgit,
198 1940 402 2019 perspiritum
417 1941 484 2010 Dei,
499 1943 549 2016 qui
563 1943 690 2002 conduct
709 1943 817 2010 omnia,
831 1958 895 2016 quae
914 1940 1017 2001 deinde
1032 1960 1083 2019 per
1103 1942 1273 2020 sapientiam
1385 1938 1389 1947 ’

67 2039 108 2100 in
134 2040 229 2100 visuum
254 2041 419 2099 hominibus
441 2041 568 2110 ueniunt,
590 2051 619 2098 et
642 2041 832 2118 percipientis·
851 2041 967 2100 verbum
1005 2041 1071 2110 Dei,
1092 2040 1274 2102 Eucharistia

77 2138 163 2207 siant,
188 2136 264 2211 quod
289 2147 333 2196 est
355 2155 458 2214 corpus
481 2147 510 2195 et
530 2138 647 2216 sanguis
669 2137 796 2207 Christi;
817 2139 860 2198 sic
880 2147 908 2197 et
928 2147 1026 2197 uestra
1043 2152 1163 2218 corpora
1182 2158 1219 2199 ex
1239 2156 1274 2199 ea

73 2236 198 2303 nutrita,
213 2246 242 2293 et
254 2235 379 2312 reposita
394 2235 424 2294 in
438 2245 551 2302 terram,
566 2245 595 2293 st
614 2229 737 2295 resoluta
751 2235 780 2295 in
797 2254 840 2305 ea,
855 2237 1047 2314 resurgentia
1067 2254 1122 2296 suo
1134 2247 1272 2317 tempore,

71 2330 179 2392 Verbo
194 2330 250 2391 Dei
265 2332 501 2393 resurrectionem
512 2332 556 2391 eis
569 2333 703 2402 donante,
718 2334 748 2393 in
760 2332 881 2413 gloriam
895 2334 952 2393 Dei
966 2332 1106 2394 Patris.”²

116 2434 169 2491 93.
191 2430 427 2495 innumeranda
440 2448 556 2506 quoque
570 2431 604 2490 de
619 2431 831 2491 maurrectione
851 2432 950 2492 cornia
967 2433 1070 2492 librum
1085 2435 1209 2512 scripsit,
1224 2436 1274 2510 qui

65 2528 203 2606 incipiit
235 2527 388 2587 “Fiducia
418 2527 648 2588 Christianorum
676 2529 844 2588 resurrectio
871 2528 1082 2589 mortuorum.''
1122 2530 1274 2610 Impugnat

66 2627 230 2689 hereticos
242 2628 292 2702 qui
303 2628 428 2687 animam
442 2628 631 2689 immortalem
645 2627 765 2686 fatentes
778 2643 891 2685 earnem
905 2627 1045 2702 negabant
1059 2631 1272 2691 suscitandam:

71 2727 155 2786 “lta
169 2724 316 2785 dimidiam
331 2735 490 2801 agnoscunt
502 2725 747 2791 resurrectionem,
762 2721 854 2780 solius
873 2722 983 2780 scilicet
993 2725 1117 2794 animer
1132 2729 1273 2805 aspamati

71 2840 209 2889 earnem,
222 2821 298 2883 sieut
312 2830 341 2880 et
353 2821 448 2898 ipsum
464 2820 621 2880 Dominum
635 2819 774 2879 camier*
812 2819 1153 2897 Pergit-ostenderemter
1168 2835 1273 2882 utrum·
1365 2821 1370 2830 ’

71 2940 140 2996 que
153 2936 278 2980 errorem
290 2938 408 2987 nexum,
421 2920 531 2978 scilicet
540 2918 616 2993 quod
627 2929 732 2997 negent
740 2917 888 2977 Christum
901 2936 994 2976 veram
1006 2918 1139 2978 habuisse
1148 2939 1271 2989 caruem,

67 3019 133 3093 qui
159 3029 264 3096 negant
292 3016 446 3079 humanam
484 3034 599 3076 carnem
633 3034 699 3075 cum
737 3015 832 3075 anima
868 3012 1021 3089 aliquando
1047 3015 1270 3093 glorificandam.

69 3116 201 3176 “Adeo
225 3133 282 3174 non
307 3115 361 3173 erit
374 3114 568 3184 Christianus,
582 3114 632 3189 qui
654 3132 717 3173 eam
741 3113 866 3192 negabit,
881 3131 967 3188 quam
988 3113 1157 3173 confitentur
1173 3113 1274 3173 Chris·

65 3212 183 3273 tiani.'’
223 3212 361 3273 P-lurimis
375 3213 535 3290 *Scriptura
556 3212 737 3282 testimoniis,
752 3221 781 3271 et
795 3202 972 3290 gratissimis
992 3212 1148 3271 rationibus
1168 3212 1272 3291 dogma

80 3310 126 3371 ‹le
138 3313 348 3372 resurrectione
360 3311 534 3388 comprobat.

123 3408 170 3479 Ex,
184 3410 231 3470 his
244 3411 365 3484 aliisque
376 3409 515 3486 capitibus
529 3409 620 3483 liquet
632 3408 867 3468 resurrectionem
881 3411 974 3469 carnis
988 3411 1022 3468 ab
1037 3410 1117 3468 initio
1133 3410 1271 3479 traditam,

66 3519 113 3565 et
132 3509 205 3567 inter
226 3509 369 3585 praecipua
393 3506 524 3584 dogmata
546 3508 710 3582 repositam,
732 3525 785 3565 nec
810 3507 949 3565 ullatenus
975 3526 1012 3565 ea
1027 3509 1164 3567 millennii
1180 3509 1272 3567 la'mla

72 3604 227 3675 pendere:
247 3606 443 3682 Athenagoras
458 3604 545 3670 anim,
558 3603 694 3672 irenaeus,
711 3604 904 3662 Tertullianus
919 3603 1033 3663 aliunde
1046 3623 1109 3664 eam
1123 3607 1251 3683 probant.

488 3779 684 3822 omnculortits
698 3782 880 3822 SOLVUNTUR·

83 3997 86 4001 Ι
124 3925 170 3982 94.
196 3921 264 4001 obj.
283 3927 309 3981 l.
331 3921 376 3980 De
390 3921 434 3979 sui
449 3919 478 3979 in
491 3921 637 3997 pristinam
647 3921 837 3980 conditionem
849 3922 961 3984 felicem
972 3924 1147 3984 restitutione
1159 3918 1272 3980 locutus

73 4025 124 4072 est
137 4018 206 4088 Job,
219 4017 424 4077 vehementiori
438 4036 507 4076 usus
521 4016 607 4094 stylo,
625 4035 657 4075 se
672 4016 759 4076 veluti
773 4037 790 4077 a
806 4029 894 4079 morte
910 4021 1099 4079 revocandum
1114 4019 1223 4078 diceus.

104 4115 213 4198 'Respa
236 4116 331 4176 Verba
358 4115 570 4175 vehementiora
593 4127 659 4173 sunt
685 4134 770 4189 quam
799 4135 862 4190 quae
889 4136 952 4176 eam
981 4120 1124 4195 excipiant
1151 4118 1275 4194 explica·

71 4205 208 4278 ti0nem:
231 4230 259 4274 et
274 4215 395 4294 plurima
408 4212 528 4272 suadent
541 4233 603 4272 eam
625 4231 707 4289 spem
721 4213 777 4272 Job
798 4234 855 4277 nou
876 4214 1041 4273 affulsisse:
1064 4226 1085 4253 ‘⁸
1095 4216 1166 4274 Dies
1182 4215 1272 4283 mei,'’

71 4298 187 4386 inquit,
210 4358 218 4376 .
242 4357 250 4374 .
275 4356 282 4372 .
306 4312 500 4389 “consumpti
527 4322 594 4370 sunt
620 4311 726 4387 absque
755 4313 812 4371 ulla
846 4332 908 4391 spe.
932 4354 939 4368 .
963 4353 971 4370 .
994 4353 1001 4370 .
1024 4313 1094 4374 Non
1121 4323 1275 4373 revertatur

519 4470 563 4538 (1)
582 4469 613 4522 L.
623 4485 647 4520 v.
657 4469 711 4521 adv.
722 4469 779 4523 lter.
790 4487 812 4523 c.
824 4474 851 4522 2.
1294 4418 1324 4568 Ι
