2798 5092
583 365 810 428 APPENDIX.
1232 376 1293 433 dib

98 546 146 606 pus
160 529 301 606 migrare.
323 527 432 586 Christi
445 527 597 605 imaginem
608 527 697 586 simul
708 544 773 585 curn
787 525 971 607 Pytbagorae,
984 527 1123 596 Platonis,
1135 529 1293 590 Aristotelis

98 626 288 700 aliorumque,
303 625 493 686 Ethnlcorum
507 626 562 684 ritn
577 625 718 684 colebat*
1164 624 1169 647 ¹

138 725 360 785 Guoearcoanu
381 744 486 785 nomen
512 725 693 802 Carpocratis
716 724 876 802 discipulis,
897 723 1075 799 aliorumque
1096 726 1293 787 hereticorum

98 825 182 883 sectis
193 824 383 889 tribuebatur,
399 823 449 897 qni
459 842 543 881 suam
565 822 712 881 scientiam
722 811 876 898 jactabant.
916 822 1102 881 Execrandas
1118 843 1218 883 mmm
1232 822 1294 883 libi·

95 921 188 989 diaaa,
203 922 263 980 sibi
276 939 314 980 ex
326 939 427 979 eornm
448 920 528 979 libris
550 929 642 989 notas,
660 919 747 977 reicit
761 920 793 978 S.
808 919 1016 997 Epiphanius!
1056 920 1207 998 Principes
1223 924 1292 990 369,

100 1037 150 1079 cen
165 1019 292 1078 minores
308 1017 387 1086 dens,
402 1019 476 1076 inter
489 1034 563 1090 quos
588 1015 735 1074 Christum
751 1021 780 1074 in
794 1026 896 1075 octavo
920 1015 993 1074 coelo
1008 1017 1144 1092 positum,
1158 1034 1295 1094 agnosce·

99 1116 182 1183 bantr
195 1117 340 1194 negabant
353 1130 418 1174 eura
434 1130 548 1173 manem
563 1132 629 1172 vere
641 1115 825 1191 suscepisses
841 1112 1049 1192 professionem
1063 1115 1209 1182 castitatis,
1222 1134 1295 1174 mar·

100 1213 184 1290 tyn-ia,
199 1224 228 1270 et
244 1213 357 1291 jejunia
372 1211 552 1272 damnabant.

132 1311 245 1371 Cauno
260 1326 356 1389 smus,
366 1310 490 1389 Hygino
505 1310 656 1379 Pontifice,
668 1308 970 1380 nomanatissimus,
984 1310 1077 1369 Deurn
1090 1311 1181 1389 alege
1194 1313 1294 1389 predi·

99 1420 190 1469 catum
208 1408 358 1486 denegavit
371 1428 435 1467 esse
450 1408 560 1467 Christi
572 1408 705 1475 Patrem;
729 1407 878 1466 Christum
893 1407 988 1484 ipsum
1003 1408 1038 1465 ab
1057 1408 1155 1486 ignoto
1170 1409 1254 1468 Patre
1275 1429 1293 1469 e

96 1508 167 1569 solo
188 1506 382 1575 descendisse,
398 1516 426 1564 et
436 1506 533 1584 specie
548 1514 655 1564 tanturn
676 1503 804 1564 induisse
826 1519 941 1564 carnem
957 1504 1071 1574 docuit3
1093 1518 1175 1566 vetus
1194 1507 1294 1585 rejecit

98 1606 325 1677 Testamentum,
336 1622 442 1663 novum
454 1620 579 1677 quoqne,
590 1613 712 1678 excepto
724 1595 885 1679 Evangelio
900 1601 998 1671 Luce,
1009 1613 1038 1662 et
1051 1602 1196 1662 nonnullis
1211 1604 1295 1664 Pauli
1389 1667 1395 1677 ,

99 1700 249 1780 Epistolis‚
266 1718 338 1774 qnae
352 1711 447 1758 temen
463 1716 513 1776 pro
526 1699 641 1757 arbitrio
657 1698 821 1757 mutilavit.⁸

135 1799 291 1864 Masatos,
308 1798 445 1856 Ponticus
469 1814 584 1875 genere,
599 1797 636 1854 ob
661 1808 801 1874 stuprum,
824 1816 841 1854 a
862 1810 941 1873 patre
960 1797 1020 1874 jam
1039 1797 1077 1855 ad
1092 1797 1292 1874 episcopatum

96 1906 207 1963 aceto,
218 1896 260 1954 ex
275 1894 409 1954 Ecclesia
422 1895 542 1971 ejectus,
556 1894 630 1952 duos
641 1892 738 1952 docuit
750 1910 815 1951 csse
831 1892 921 1961 Deos,
936 1890 1159 1962 unum'bonnm,
1175 1894 1295 1956 alterum

95 1995 214 2064 malm
228 1995 275 2053 cui
293 1994 394 2052 mnndi
416 1994 599 2071 aspectabilis
621 1994 794 2052 creationem
815 1993 931 2061 tribuit3
953 1991 1025 2051 duos
1041 1994 1126 2051 etiarn
1148 1993 1293 2065 Christos,

92 2111 216 2167 oacrum
228 2092 303 2150 ¹alter
318 2090 410 2149 adbuc
424 2091 458 2148 ad
479 2089 669 2149 restituendos
682 2089 801 2149 ludaeos
824 2101 960 2147 tenturus
981 2099 1046 2158 e'st3
1067 2104 1164 2148 teram
1179 2108 1295 2152 carnem

95 2189 244 2249 cirenem
260 2189 384 2266 priorem
401 2191 594 2266 assumpsisse
605 2187 774 2266 denegat-in
786 2188 918 2264 eorporis
930 2188 1167 2246 resurrectionen
1183 2189 1295 2267 impeg-

95 2286 189 2354 trarit3
205 2285 422 2343 Testamentum
438 2295 518 2342 retus
528 2284 642 2363 rejecit,
655 2295 879 2343 aannroautem
888 2283 975 2342 Luce
983 2284 1174 2364 Esapgeliatn
1182 2287 1294 2345 mutila-

92 2394 165 2452 tam,
175 2382 385 2455 nonnullasque
398 2383 481 2441 Pauli
496 2383 632 2459 epistolas
647 2382 781 2460 cgnovits
797 2382 932 2460 baptismi
942 2383 1061 2440 mutarit
1073 2383 1214 2443 sormam:
1230 2402 1295 2460 pro·

96 2483 274 2560 pagationem
289 2481 403 2558 generis
415 2482 534 2540 bomani
549 2481 703 2540 damnavit.
745 2481 836 2541 Morti
861 2481 1010 2558 proximus
1037 2500 1138 2559 pacem
1152 2482 1293 2542 Ecclesiae

96 2580 184 2656 potiit,
209 2580 252 2636 uti
273 2579 358 2637 refert
381 2578 596 2637 Tertullianus:
617 2573 733 2637 “Idem
756 2578 888 2637 Marcion
909 2578 1106 2656 poenitentiam
1128 2579 1292 2647 confessus,

96 2694 159 2734 cum
174 2673 333 2734 conditioni
349 2674 420 2732 datae
436 2676 490 2732 sibi
506 2676 637 2744 occurrit,
661 2677 699 2732 ita
712 2695 811 2750 pacem
834 2684 1011 2751 recepturus,
1027 2677 1052 2732 si
1078 2683 1206 2744 caeteros,
1222 2695 1294 2750 quos

95 2771 246 2850 perditioni
268 2770 420 2839 erudisset,
433 2771 573 2829 Ecclesiae
585 2772 756 2838 restitueret,
779 2780 869 2829 morte
885 2781 1046 2846 praeventus
1060 2770 1154 2827 est.”⁴

132 2854 344 2939 Vennurrnns,
361 2889 413 2949 spe
428 2871 609 2946 episcopatus
633 2870 761 2937 delusus,
777 2868 817 2927 uti
837 2868 923 2926 refert
937 2868 1142 2937 Tertullianus,
1157 2868 1294 2946 figmenta

96 2988 208 3031 nonum
225 2986 262 3027 ex
277 2967 420 3036 Hesiodo,
436 2968 555 3042 aliisque
581 2967 674 3044 poetis
696 2967 819 3035 Grecis,
835 2965 870 3023 ad
890 2965 1086 3024 Christianam
1111 2966 1292 3044 Religionem

95 3069 245 3128 transferre
257 3079 375 3125 conante
388 3077 443 3125 est.
485 3067 616 3144 Triginta
639 3066 686 3144 huj
691 3065 803 3124 asmodi
815 3065 928 3123 AEonas
942 3064 1098 3130 constituit,
1115 3066 1218 3136 quibus
1233 3085 1293 3125 om·

97 3167 179 3226 nibus
194 3164 307 3241 aliquid
318 3165 538 3231 conserentibus,
560 3164 661 3239 ,lesum
687 3162 805 3224 editum.
822 3160 995 3241 pleromatis
1017 3161 1078 3219 sive
1100 3162 1291 3222 universitatis

93 3265 227 3334 fractum,
243 3264 398 3324 dictitabat.
440 3263 555 3339 Corpus
574 3262 651 3320 illius
666 3280 682 3319 e
697 3262 770 3320 coelo
784 3261 915 3321 delatum
925 3271 945 3298 ‘⁸
956 3278 1008 3338 per
1022 3261 1172 3338 virginem,
1183 3280 1240 3321 non
1255 3280 1292 3320 ex

96 3364 215 3442 Virgine
236 3363 364 3441 editum”
389 3363 488 3442 (verba
501 3371 568 3420 sunt
586 3359 769 3440 Tertulliani)
785 3361 937 3419 asserebat
982 3359 1165 3418 Traditiones
1181 3361 1290 3439 rejecit,

96 3473 165 3520 teste
181 3462 213 3520 S.
234 3461 354 3520 Irenaeo.
396 3459 525 3518 Caeteros
551 3458 615 3535 ejus
640 3446 748 3516 errores
765 3458 944 3534 turpissimos
959 3467 990 3516 et
1004 3458 1173 3519 vanissimos
1189 3459 1291 3519 referre

94 3574 151 3616 non
166 3567 266 3615 uacat,
303 3557 360 3624 Qui
375 3573 425 3613 eos
445 3570 484 3613 ex
507 3554 642 3612 Veterum
664 3554 829 3612 anctoritate
850 3569 937 3612 nosse
958 3537 1046 3630 cupit,
1062 3551 1144 3611 adeat
1158 3554 1291 3616 Natalem

97 3653 315 3713 Alexandrum.⁵

132 3743 188 3810 Etr¹
205 3762 283 3810 secta
297 3745 441 3809 Valentini
456 3751 539 3808 varies
555 3749 617 3808 elie
631 3763 716 3809 sectas
732 3749 924 3826 pullularunt;
947 3746 1119 3808 lecundiani
1135 3769 1151 3807 a
1167 3751 1290 3825 quodam

97 3846 248 3918 Secundm
271 3848 449 3907 Ptolomaitae
474 3868 490 3904 a
512 3847 691 3915 Ptolomae03
714 3845 850 3905 Marcosii
872 3865 888 3903 a
909 3846 1029 3914 Marco;
1052 3845 1250 3905 Colobarsiani
1275 3865 1292 3904 a

100 3941 267 4013 Colobarso,
283 3943 333 4016 qni
346 3960 492 4002 summum
506 3944 636 4002 nennium
652 3952 795 4000 auctorem
810 3940 957 4001 hominem
979 3943 1074 4001 vocari
1087 3943 1208 4012 effutiit3
1230 3943 1290 4002 lle·

100 4039 255 4101 raclsonitae
282 4040 316 4098 ab
343 4041 542 4109 Heracleone;
565 4040 743 4107 Archontici,
770 4050 798 4097 et
825 4038 1005 4110 Barbeliotae,
1032 4059 1083 4099 seu
1111 4039 1288 4100 Borboriani.

103 4310 106 4315 .
129 4267 172 4336 (1)
190 4269 255 4320 Vide
265 4267 386 4319 irenaeum
398 4269 413 4318 l.
426 4271 439 4320 l
452 4268 506 4319 adv.
518 4268 574 4319 ber.
586 4285 607 4319 c.
619 4271 685 4322 xxiv.
697 4269 788 4319 Eussb
798 4269 814 4320 b
824 4270 856 4320 ir.
867 4269 926 4321 bist.
934 4269 1003 4321 Eecl.
1013 4284 1036 4319 c.
1047 4267 1088 4318 sii.
1097 4267 1221 4334 Epiphan.
1233 4269 1289 4322 her.
1325 4266 1335 4311 l

98 4363 130 4403 xx

130 4371 171 4509 ἔξ)
191 4441 257 4491 Her.
270 4440 334 4489 xxvi.

121 4529 171 4599 (3)
192 4528 302 4578 Irenens
314 4527 330 4576 l.
343 4526 359 4576 i.
371 4543 393 4577 c.
405 4527 488 4576 xxviii.
501 4528 592 4578 Euseb.
603 4528 619 4578 l.
631 4527 661 4578 iv.
674 4527 723 4576 hist
734 4526 803 4578 Ecel.
815 4543 836 4578 o
849 4544 872 4579 x.

131 4618 173 4682 (4)
193 4617 222 4668 L.
234 4618 265 4668 de
279 4632 373 4681 prescr.
385 4631 406 4665 c.
417 4631 476 4664 xxa.

128 4704 169 4773 (5)
189 4706 256 4757 Hist.
265 4705 326 4754 Eoo.
338 4703 394 4753 Vol.
407 4719 429 4752 v.
441 4720 462 4752 c.
473 4703 506 4752 iii.
