2798 5092
506 375 580 438 ,DE
602 375 873 437 ORDINANDIS.
1256 379 1297 439 d'l

96 531 230 610 suscspit.
274 534 428 614 Neophyti
441 554 499 595 non
510 547 578 595 sunt
597 535 758 604 ordinandi,
773 546 884 595 vetante
897 535 928 596 id
941 537 1084 615 Apostolo
1097 557 1106 607 3
1128 536 1179 597 sed
1194 554 1295 611 quam·

95 628 140 689 diu
154 630 281 692 habendi
295 634 354 692 sint
367 635 437 693 tales
447 633 558 712 judicie
580 636 710 713 episcopi
732 633 928 694 definiendum
948 647 1002 695 est.
1043 636 1127 696 Serri
1147 643 1295 710 nequeunt

93 725 225 796 ordinari,
240 728 334 789 donec
344 733 515 810 emancipati
527 733 656 792 luerint.¹
677 733 831 792 Curatores
846 732 929 791 aliive
944 732 979 790 ad
994 731 1152 792 reddendas
1167 733 1291 792 rationes

94 823 205 903 obligati
219 825 370 887 ordinandi
384 848 442 889 non
456 840 533 897 sunt,
545 830 604 889 nisi
617 829 771 888 rationibus
781 832 842 908 jam
854 829 1001 889 redditis.⁸
1021 829 1110 893 lnseii
1124 829 1292 899 litterarum,

95 922 140 1001 qai
151 922 265 983 scilieet
279 944 397 1002 prorsus
410 938 477 986 sunt
490 927 581 1006 ignari
602 929 638 986 ab
657 926 805 987 ordinibus
829 927 1005 1005 repelluntur
1015 931 1038 986 :¹
1057 944 1141 986 secus
1163 928 1214 1001 qui
1233 946 1293 987 ms·

95 1016 511 1082 dicerem'habentseicntiam.

132 1120 199 1176 124.
223 1117 350 1199 Deserta
372 1117 506 1179 lenitatis
531 1120 699 1198 irregulares
721 1120 860 1180 habentur
874 1121 1051 1196 quicumque
1071 1119 1294 1180 concurruntad

74 1254 80 1266 ·
96 1218 212 1275 mortem
227 1217 274 1275 vel
287 1217 494 1278 mutilationem
508 1219 634 1278 hominis
648 1220 732 1279 otiam
744 1221 823 1299 justa
835 1219 871 1279 de
884 1239 979 1280 eausa.
1023 1219 1102 1279 Hine
1112 1218 1226 1296 judices
1241 1219 1293 1294 qui

95 1315 261 1373 mutantiam
286 1317 387 1374 mortis
409 1315 564 1394 proferunt,
588 1331 778 1385 accusatores,
803 1319 867 1377 fisci
891 1317 1014 1396 patroni,
1039 1325 1126 1376 testes
1149 1316 1180 1374 in
1205 1334 1293 1374 eausa

96 1412 215 1488 capitali,
231 1423 262 1471 et
284 1414 406 1473 ministri
431 1417 596 1489 omnesqui
619 1415 789 1475 sententiam
809 1426 999 1490 exequuntur,
1023 1413 1191 1492 irregulares
1214 1423 1292 1483 suut,

96 1510 118 1567 si
141 1530 219 1569 mors
243 1511 287 1570 rel
307 1511 446 1571 mutilatio
469 1513 509 1572 rei
528 1517 689 1587 sequatur.⁴
729 1514 836 1573 Oleriei
851 1525 946 1574 tamen
960 1512 1155 1573 testimonium
1169 1511 1292 1570 serentes

96 1619 274 1676 excusantur,
287 1609 312 1666 si
327 1618 516 1686 protestentur
530 1629 561 1669 sa
576 1611 651 1670 nolle
666 1611 813 1690 sanguinis
822 1611 1021 1671 effusionem.⁵

132 1710 199 1767 126.
222 1705 374 1792 Amantes,
389 1707 499 1776 furiosi,
512 1710 709 1786 energumeni,
719 1710 971 1784 imbecilliorisqu'e
983 1707 1087 1769 mentis
1098 1706 1232 1765 homines
1242 1703 1293 1778 qui

96 1803 201 1862 seilicet
214 1804 261 1861 sui
275 1814 423 1882 compotes
438 1823 496 1865 non
510 1816 586 1874 sunt,
598 1806 765 1883 irregulares
780 1807 940 1865 habentur:
962 1805 1012 1879 qui
1026 1812 1121 1863 autem
1135 1820 1175 1860 ex
1192 1801 1294 1861 morbo

96 1918 143 1978 per
154 1901 273 1975 aliquod
287 1912 400 1980 tempus
415 1903 460 1962 sui
474 1922 594 1980 compos
609 1923 667 1962 non
681 1904 775 1972 luerit,
787 1923 846 1963 non
859 1904 978 1962 habetur
992 1900 1166 1980 irregularis,
1181 1899 1292 1978 111111-

97 1999 182 2057 tinum
198 1999 335 2060 mentisvi
349 2019 446 2078 gorenr
460 1999 681 2077 recuperaverit,
696 2008 727 2058 at
740 2000 849 2059 nullum
864 2000 993 2077 relapsus
1007 2000 1036 2056 in
1051 1997 1204 2063 amentiam
1219 1994 1294 2073 peri·

100 2096 190 2155 eulum
206 2114 266 2173 pra
281 2115 314 2155 ss
326 2097 420 2156 11111.ο

133 2196 199 2250 126.
224 2192 370 2262 Haretici,
385 2192 571 2261 schismatici,
597 2203 744 2271 apostata,
764 2203 848 2267 atque
868 2191 889 2250 ii
910 2209 1033 2266 quorum
1055 2202 1144 2269 pater,
1163 2200 1293 2264 avusque

97 2286 309 2359 keramicum,
331 2289 377 2349 vel
399 2291 428 2348 in
443 2290 545 2349 heresi
559 2289 752 2359 decesserunt,
767 2289 937 2368 irregulares
948 2289 1014 2367 jure
1037 2288 1176 2347 canonico
1199 2286 1292 2346 decla·

96 2388 211 2445 erretur.⁷
252 2386 367 2445 Passim
379 2395 477 2446 tamen
491 2387 566 2464 apud
580 2399 638 2446 nos
648 2387 683 2446 ad
704 2406 801 2447 sacros
815 2394 1020 2465 promoventur
1031 2385 1147 2445 ordines
1161 2383 1293 2444 conversi

97 2484 251 2569 abbaeresi,
266 2485 345 2560 quod
358 2486 387 2544 ri
405 2484 567 2547 facultatum
583 2505 654 2561 quas
669 2487 766 2547 tribuit
782 2488 887 2546 Sancta
907 2486 991 2544 sedes
1012 2484 1158 2563 episcopis
1173 2483 1293 2542 11111111-

96 2591 182 2644 tarum
197 2585 409 2662 provinciarum
423 2585 485 2644 lieri
501 2585 621 2645 videtur.
970 2645 973 2657 ,

132 2687 199 2743 127.
222 2682 380 2751 adulterio,
401 2686 537 2763 perjurio,
552 2686 672 2762 aliisque
688 2685 763 2744 vitiis
777 2685 899 2744 infames
911 2685 947 2743 ab
967 2683 1116 2743 ordinibus
1130 2687 1293 2742 areenturr⁸

95 2779 199 2840 sedicet
213 2800 336 2854 quorum
350 2783 469 2846 crimina
489 2781 587 2842 ordine
607 2783 759 2861 judiciario
781 2783 899 2860 probata
918 2793 995 2849 sunt,
1018 2781 1062 2839 rel
1084 2779 1154 2837 alias
1180 2778 1293 2838 notoria

97 2891 168 2939 cunr.
259 2948 270 2963 η,
315 2954 318 2960 ¹

134 2982 201 3037 128.
228 2977 404 3058 6111111111
425 2988 546 3058 possunt
569 2979 604 3039 ad
626 2977 740 3039 ordines
764 2978 889 3037 minores
915 2977 1088 3056 promoveri,
1103 2975 1162 3035 nisi
1175 2973 1293 3052 dispen-

97 3090 171 3137 sante
185 3080 347 3158 episcopo:
369 3080 404 3139 ad
420 3081 543 3157 majores
557 3092 588 3137 ut
606 3088 827 3156 promoveantur
841 3076 987 3155 pontificia
1001 3075 1130 3153 indigent
1143 3073 1293 3150 dispensa·

97 3177 194 3237 tione.⁰
233 3178 369 3255 Legitimi
381 3188 474 3238 aman
487 3179 625 3237 habentur
632 3177 698 3255 jure
708 3177 858 3241 canonico,
869 3192 991 3248 quorum
1006 3183 1138 3251 parentes
1153 3171 1291 3248 deinceps

96 3271 215 3354 inierunt
229 3275 452 3355 matrimonium,
466 3275 621 3335 dummodo
634 3275 697 3354 ejus
712 3273 830 3332 ineundi
841 3289 960 3349 capaces
970 3269 1211 3345 suerinttempore
1223 3286 1291 3326 con-

98 3383 180 3451 capta
204 3374 312 3452 prolis:
335 3373 364 3432 id
387 3375 465 3434 enim
488 3384 623 3434 statutum
644 3381 698 3441 est,
713 3359 744 3432 ut
764 3371 964 3430 inducerentur
977 3380 1108 3448 parentes
1126 3366 1161 3431 ad
1176 3367 1291 3445 nuptias

99 3467 247 3530 ineundas:
271 3489 358 3544 quam
371 3473 548 3555 sanctionem
568 3470 712 3530 immerito
729 3471 819 3547 carpit
840 3458 1052 3534 Blaelrstobius,
1064 3467 1113 3544 jus
1135 3484 1291 3525 commune

101 3567 297 3644 duglieanum
310 3567 388 3641 quod
402 3569 546 3647 legitimos
560 3569 645 3628 habet
668 3586 719 3628 ees
735 3577 842 3626 tantum
863 3567 914 3639 qui
934 3573 1001 3644 post
1014 3563 1129 3642 nuptias
1143 3562 1200 3622 uati
1215 3572 1291 3632 sunt,

104 3665 365 3725 1111116111]εέο
437 3720 440 3725 Δ
508 3687 511 3697 ·

133 3901 171 3966 (l)
190 3900 253 3967 Gap.
265 3901 314 3957 111
325 3901 349 3951 ii.
361 3900 391 3951 ds
400 3901 476 3952 servis
485 3918 536 3953 non
547 3901 627 3953 ordin.
664 3938 666 3942 ι

134 3987 170 4052 (2)
188 3988 250 4056 Cap.
263 3990 329 4040 unic.
340 3990 371 4041 de
383 3987 499 4053 obliged
511 3989 583 4040 ratio.

132 4077 167 4143 (3)
186 4077 250 4128 Gan.
257 4079 274 4128 i.
283 4079 338 4130 dist.
348 4079 434 4129 xxxvi.
446 4087 470 4129 et
480 4076 595 4127 Toletau.
605 4075 638 4126 11.
648 4090 702 4126 ean.
714 4089 737 4122 1.
748 4071 804 4123 dist.
815 4068 938 4124 li.·1nuoe.
949 4068 983 4120 iii.
994 4069 1022 4120 iu
1030 4085 1051 4120 e.
1063 4067 1115 4120 xix.
1131 4066 1161 4117 de
1172 4064 1242 4115 11111.

134 4162 171 4228 (4)
190 4163 284 4231 capr.
292 4173 318 4216 11
326 4164 359 4222 ix.
368 4165 409 4215 Ne
418 4164 507 4216 Clerici
518 4163 557 4213 rel
569 4160 691 4213 monachi.

135 4251 172 4319 (5)
192 4250 254 4317 Gap.
266 4253 311 4302 ult.
322 4251 352 4301 de
363 4249 495 4302 homicidio
504 4250 532 4300 in
544 4251 568 4298 6.

135 4335 172 4403 (6)
192 4337 256 4388 Can.
267 4337 301 4387 iii.
308 4337 340 4387 iv.
353 4353 377 4387 1.
388 4336 444 4387 dist.
453 4334 543 4387 xxxii'a

136 4421 171 4486 (7)
186 4422 248 4491 (lap.
257 4440 299 4474 xv.
310 4421 341 4473 de
353 4421 410 4472 har.
418 4422 446 4472 in
458 4424 483 4471 6.

136 4507 173 4575 (1)
191 4509 256 4561 Oen.
268 4507 320 4560 xvii
331 4523 354 4557 e.
364 4506 396 4556 vi.
408 4524 449 4572 qu.
457 4507 474 4558 i.

135 4595 172 4664 (6)
191 4597 252 4665 Cap.
265 4597 282 4647 i.
294 4594 372 4645 11111.
383 4595 426 4659 qui
437 4595 482 4645 filii
493 4594 544 4646 sint
555 4595 623 4658 legit.

111 4731 115 4740 ,
136 4681 189 4756 (16)
207 4680 563 4738 6111ω11111111111.461.
