2798 5092
150 363 208 418 314
631 357 855 418 APPENDIX.

192 517 383 595 Crarsrrros,
398 512 543 592 Apostoiis
558 514 729 584 virentibus,
744 516 938 576 Christianam
954 517 1040 575 fidem
1056 517 1153 576 vitiare
1166 527 1195 576 et
1217 530 1344 580 evertere

150 626 267 674 conatus
282 625 334 671 est.
377 611 472 670 Deum
487 629 576 671 unum
590 631 654 670 esse
669 612 809 682 docebat;
832 613 968 672 mundum
982 628 1076 673 tamen
1091 614 1239 673 conditum
1254 634 1346 675 essen

149 710 336 788 potestatibus
350 706 606 782 quibusdamque
620 726 687 767 eum
699 709 812 786 penitus
824 710 964 787 ignorant.
985 708 1092 786 Legem
1105 729 1172 768 cum
1186 711 1346 789 Evangelio

149 806 309 865 necessarid
334 803 502 863 servandam
527 793 734 882 propugnabat.
777 806 924 864 Christum
951 807 979 863 in
1002 806 1115 872 Jesum,
1131 808 1218 880 quein
1235 828 1345 868 merum

149 906 294 965 hominem
309 922 346 962 ex
362 903 456 961 Maria
469 911 498 960 et
506 901 617 979 ioseph
629 904 756 980 genitum
767 903 886 971 dicebat,
899 902 1048 980 delapsum
1062 923 1097 962 eo
1110 905 1257 982 baptizato
1272 907 1346 966 dice·

149 1005 216 1072 bat;
238 1020 372 1075 eumque,
398 1009 495 1077 utpote
516 1000 685 1076 spiritalem,
701 1001 807 1059 nuliam
829 1020 947 1079 passum
968 1018 1092 1078 paenam,
1109 1006 1242 1072 quamvis
1259 1005 1347 1064 homo

109 1124 111 1129 ¹
148 1100 235 1158 Jesus
250 1117 316 1156 vere
330 1116 433 1174 passus
445 1097 491 1155 sit.
528 1097 659 1155 Matthaei
672 1097 862 1177 Euangelium
875 1098 1034 1159 mutilatum
1052 1098 1127 1176 apud
1140 1098 1347 1161 Cerinthianos

148 1198 312 1275 legebatur3
327 1194 410 1254 Pauli
424 1195 563 1272 epistolis,
576 1194 741 1268 actibusque
756 1195 921 1272 apostolicis
937 1180 1061 1272 rejectis.
1093 1197 1347 1258 Resurrectionem

149 1295 242 1354 carnis
253 1293 447 1370 agnoscebant
459 1311 466 1358 ;
482 1290 624 1349 redivivos
639 1290 736 1348 autem'
744 1290 876 1350 homines
892 1310 942 1368 per
954 1292 1031 1350 mille
1044 1311 1133 1351 annos
1148 1313 1214 1352 curn
1227 1295 1347 1354 Christo

91 1418 116 1469 ῃ
149 1389 364 1467 Hierosolymis
387 1387 523 1464 voluptati
547 1397 696 1445 vacaturos
717 1386 792 1446 ioede
812 1388 981 1465 cogitabant,
997 1388 1071 1447 unde
1093 1387 1273 1458 Millenarit',
1296 1375 1361 1450 sen

149 1489 308 1555 Chiiiastae,
323 1486 390 1545 dicti
405 1489 496 1543 sunt¹

189 1585 289 1645 Emori
304 1583 453 1642 Christum
468 1599 578 1641 merum
592 1582 739 1645 hominem
749 1580 925 1659 eaJosepho
937 1595 965 1640 et
981 1583 1073 1641 Maria
1086 1585 1217 1663 genitum
1229 1584 1345 1655 docuit3

148 1700 236 1756 aquo
251 1692 344 1738 tamen
358 1696 454 1736 errore
476 1678 653 1750 aliquatenus
679 1683 858 1737 recesserunt
878 1680 1009 1737 nonnoili
1024 1679 1087 1757 ejus
1108 1692 1276 1749 sectatores,
1292 1683 1342 1758 qui

151 1778 299 1836 Christum
322 1775 446 1852 Spiritus
463 1774 560 1833 Sancti
581 1793 667 1851 opera
688 1788 859 1853 conceptum
880 1776 1074 1843 admittebant,
1091 1779 1159 1850 quin
1181 1797 1249 1836 enm
1264 1790 1347 1837 antea

151 1874 279 1933 extitisse
293 1873 454 1931 faterentur.
497 1871 615 1929 Christo
630 1892 646 1930 a
660 1871 724 1931 Deo
738 1883 907 1950 potestatem
931 1872 1030 1931 mundi
1045 1873 1132 1931 icturi
1147 1877 1353 1944 commissam„

148 1973 297 2053 praesentis
313 1968 491 2030 veromandi
507 1970 620 2030 diabolo
640 1970 795 2030 effutiebat.
839 1973 922 2030 Ritus
938 1972 1085 2030 Mosaicos
1109 1973 1287 2033 Christianis
1302 1974 1349 2034 ad·

149 2069 275 2129 miscuit.
318 2067 448 2126 Matthaei
462 2066 664 2143 Evangelium,
685 2069 794 2126 caeteris
816 2069 929 2145 scriptis
945 2068 1011 2126 novi
1027 2069 1208 2129 Testamenti
1222 2072 1348 2149 rejectis,

149 2167 270 2244 legebat,
291 2165 397 2241 spuriis
425 2164 510 2221 etiam
531 2163 640 2222 actibus
661 2163 827 2241 apostolicis
856 2164 985 2242 adjectis.
1028 2163 1187 2241 Prophetas
1217 2168 1347 2245 sprevitt

152 2265 247 2325 Moris
262 2274 356 2322 tamen
370 2262 484 2338 scripta,
500 2260 630 2320 detractis
645 2262 799 2333 nonnuliis,
814 2264 938 2321 retinuit.

189 2361 368 2421 Nrcouarrm
394 2378 410 2416 a
432 2358 554 2416 Nicolao
575 2359 694 2420 diacono
717 2362 770 2419 orti
784 2360 945 2419 creduntur.
988 2361 1194 2421 Promisouum
1209 2381 1348 2425 commer-

150 2462 226 2520 cium
242 2456 376 2516 mulieres
390 2456 464 2513 inter
478 2468 506 2514 et
520 2456 651 2514 homines
667 2457 806 2516 docebant
823 2457 919 2517 licere.
961 2456 1162 2537 ineptissimas
1178 2459 1288 2521 fabulas
1311 2459 1350 2530 de

151 2555 259 2619 mundo
269 2552 383 2613 condito
395 2552 585 2622 venditabant,
597 2571 690 2612 eones
702 2553 841 2629 quosdam
854 2555 1001 2617 hominum
1015 2557 1206 2635 spiritumque
1218 2569 1348 2622 auctores

151 2654 348 2735 predicantes.
1334 2653 1338 2659 '

645 2830 684 2889 ii.
706 2831 844 2893 flacano.

145 3056 149 3064 ,
192 2994 386 3053 Sarunumos
400 2988 608 3059 Antiochenus,
623 2992 698 3049 circa
711 3008 817 3053 annum
835 2996 902 3062 120,
917 2992 1049 3053 baeresim
1071 2992 1249 3056 Simonianae
1272 2993 1349 3058 simi·

152 3096 211 3156 lem
236 3093 391 3161 conflavit3
414 3093 528 3153 Patrem
549 3091 677 3151 omnium
700 3091 830 3168 ignotum
850 3111 868 3150 a
888 3109 946 3165 quo
960 3092 1068 3151 conditi
1080 3093 1348 3170 suntangeiiasse·

154 3211 231 3261 rens,
246 3192 339 3265 iisque
354 3189 454 3248 mundi
474 3198 504 3247 et
522 3187 649 3247 hominis
670 3187 843 3246 creationem
867 3187 1027 3249 vindicans.
1067 3187 1238 3248 Judaorum
1251 3190 1347 3253 Deum

152 3292 286 3369 angelum
300 3307 375 3356 esse,
391 3287 597 3364 Christumque
611 3285 709 3362 specie
724 3295 832 3345 tantum
858 3287 1036 3364 apparuisse,
1050 3297 1080 3345 et
1098 3305 1215 3365 passum
1240 3274 1348 3350 docuit,

153 3389 280 3466 Nuptias
293 3399 323 3446 et
335 3385 549 3465 generationem
563 3403 601 3442 ex
614 3367 744 3443 demone
759 3384 899 3462 proiectas
912 3385 1043 3444 assertrit.

192 3486 364 3552 Bastarnas,
378 3482 599 3549 Alexandrinus,
614 3481 722 3539 similia
742 3500 870 3543 errorum
894 3492 1029 3550 monstra,
1045 3481 1151 3545 variata
1162 3479 1231 3542 iicet
1245 3485 1348 3555 forma,

153 3582 275 3664 peperit.
317 3582 490 3659 Martyrium
507 3580 624 3656 insuper
638 3579 798 3637 damnavit:
821 3581 948 3657 corporis
963 3579 1077 3656 negavit
1089 3582 1348 3652 resurrectionem

150 3678 243 3740 nullas
258 3685 437 3754 peccatorum
462 3686 528 3752 post
548 3687 666 3734 mortem
688 3693 788 3751 poenas
809 3674 934 3742 admisit,
950 3685 1051 3753 praeter
1065 3677 1351 3759 transmigrationem¹

153 3776 322 3836 animarum.
1127 3818 1134 3837 ,
1310 3761 1312 3765 ¹
1348 3762 1351 3767 ¹

191 3868 370 3938 Helcaetta,
385 3881 498 3928 auctore
512 3868 608 3936 Eixai,
625 3867 773 3927 Christum
789 3883 944 3928 creaturam
960 3872 1183 3948 profitebanturt
1204 3870 1343 3950 Spiritum

153 3973 290 4030 Sanctum
304 3986 377 4026 sexu
392 3965 536 4027 immicum
551 3966 717 4027 effutiebant
729 3987 737 4034 ;
760 3967 930 4027 damnabant
944 3970 1157 4038 continentiam,
1170 3971 1348 4048 imperabant

151 4069 284 4144 nuptias;
307 4063 404 4124 Sancti
430 4063 513 4122 Pauii
536 4063 702 4140 rejiciebant
726 4065 872 4141 epistolas.
916 4067 1000 4125 hiios·
1023 4068 1108 4124 etiam
1130 4066 1279 4128 tradebant
1305 4088 1346 4129 er·

153 4167 255 4222 rores.⁸

194 4258 410 4319 Caurocnarrs
433 4257 643 4316 Alexandrinus
667 4257 764 4315 docuit
778 4271 918 4317 creaturas
934 4277 1083 4338 corporeas
1098 4260 1132 4318 ab
1157 4263 1268 4340 angelis
1282 4282 1347 4323 con·

155 4357 243 4426 ditas,
257 4358 358 4418 Jesurn
373 4357 531 4434 exJoseph
546 4368 574 4414 et
589 4357 682 4415 Maria
696 4368 808 4426 natum3
827 4358 896 4416 nihil
912 4370 1009 4418 natura
1023 4358 1127 4417 malum
1139 4379 1215 4431 esse,
1228 4363 1347 4421 sedecia

155 4455 303 4513 hominum
318 4457 469 4533 opinione;
494 4474 609 4514 omnem
626 4455 798 4532 voluptatem
811 4457 913 4524 licere;
936 4459 1044 4517 animas
1059 4477 1096 4516 ex
1110 4475 1230 4536 corpore
1246 4461 1274 4519 in
1288 4480 1391 4519 cor-

135 4668 138 4673 Ι
293 4612 333 4678 (l)
351 4611 416 4663 Vide
426 4615 546 4664 Irenreum
558 4613 574 4663 l.
585 4613 619 4663 iii.
630 4628 651 4663 e.
662 4613 713 4664 xix.
724 4611 860 4665 Eusebium
872 4617 888 4666 i.
900 4615 933 4666 iii.
944 4615 1001 4666 hist
1013 4615 1080 4667 Ecoi.
1093 4631 1114 4666 c.
1124 4612 1186 4667 xxii.

101 4632 143 4784 ἱ
291 4699 336 4766 (2)
355 4697 420 4750 Vide
431 4699 600 4766 Epiphanium
611 4700 668 4751 ber.
679 4701 731 4751 xix.
742 4712 767 4751 et
777 4702 792 4751 l.
