2798 5092
396 351 453 415 DE
473 352 765 415 unumunurn
787 353 984 416 AETERNA.
1222 360 1283 418 347

96 510 216 571 sunt.”¹-
242 512 340 572 Verba
356 512 420 572 boec
439 513 648 592 loca·plurima
660 513 822 581 ostendunt,
838 524 867 572 et
886 514 1025 591 graduum
1041 515 1234 576 diversitatem
1245 517 1287 577 in·

94 608 194 668 dicent.
236 609 345 668 Paulus
367 608 455 669 dicit:
478 594 720 683 “Unusquisque
748 610 893 687 propriam
920 611 1082 672 mercedem
1103 613 1224 690 accipiet
1243 631 1288 670 se·

94 706 215 766 cundum
229 725 314 767 suum
328 705 504 766 laborem.”⁹
544 706 584 765 Et
598 706 633 765 de
654 707 861 765 resurrectione
875 706 1020 767 disserens
1042 710 1101 767 ait:
1126 719 1145 746 “
1156 709 1222 769 Alia
1232 709 1287 768 cle·

95 806 161 864 ritas
188 804 270 873 solis,
286 804 341 864 alie
365 805 477 864 claritas
501 804 587 874 lunae,
600 805 655 863 alia
669 804 781 863 claritas
790 805 944 864 stellarum.
987 806 1077 866 Stella
1090 808 1166 866 enim
1182 807 1293 866 estella

94 900 187 960 differt
199 902 231 960 in
244 901 391 960 claritate:
421 902 464 960 sic
484 911 514 959 et
533 902 704 960 resurrectio
718 902 943 961 mortuorum.”³
981 902 1026 962 Ad
1041 904 1293 980 eleemosynorum

95 997 274 1076 largitionem
288 998 426 1066 bortatur,
441 998 590 1076 amplioris
606 997 746 1057 mercedis
759 1018 832 1076 spec
855 1009 876 1037 ‘⁶
889 1001 949 1068 Qui
962 1019 1048 1078 parce
1061 1001 1193 1068 seminat,
1208 1019 1293 1078 parce

97 1107 124 1154 et
136 1106 224 1155 metet
237 1115 245 1163 ι
267 1106 295 1155 st
306 1095 356 1170 qui
367 1096 492 1155 seminet
501 1096 531 1154 in
544 1094 800 1166 benedictionibus,
812 1096 848 1155 de
862 1097 1111 1157 benedictionibus
1123 1109 1152 1156 et
1166 1098 1297 1157 metet.”⁴

98 1191 168 1253 Hoc
176 1191 337 1271 ,ostendunt
348 1194 466 1270 prumia
475 1192 588 1253 diversa
597 1194 658 1252 iore
670 1213 722 1272 pro
733 1212 852 1272 operum
867 1205 896 1254 et
906 1195 1105 1265 laborum,seu
1117 1195 1295 1264 meritorum,

97 1289 267 1352 diversitate.
376 1336 380 1341 -

134 1387 287 1450 Probatur
307 1390 354 1450 ΙΙ.
370 1409 407 1451 eo:
426 1389 583 1452 Patribus.

133 1491 162 1546 3.
186 1487 219 1546 S.
234 1487 376 1547 lusumus
390 1490 449 1547 ait:
472 1487 621 1554 “Quanto
637 1496 732 1544 autem
753 1486 819 1564 plus
840 1505 907 1546 eum
922 1486 1119 1555 dilexerimus,
1134 1487 1190 1546 hoc
1204 1487 1295 1564 majo·

100 1602 155 1645 rem
176 1586 211 1645 ab
232 1604 267 1645 ao
281 1587 401 1664 gloriam
413 1587 598 1663 accipiemus,
613 1605 680 1644 cum
702 1585 793 1643 simus
809 1595 924 1663 semper
938 1587 967 1645 in
982 1598 1138 1664 conspectu
1153 1585 1294 1645 Petris.’'⁵

102 1683 353 1743 Trasumennus:
377 1683 561 1751 “Quomodo
576 1683 741 1742 mansiones
756 1683 851 1742 multae
861 1683 937 1760 apud
949 1685 1074 1758 Patrem,
1085 1685 1110 1743 si
1121 1690 1180 1763 non
1191 1703 1242 1761 pro
1251 1668 1299 1743 va·

99 1780 191 1839 rietate
205 1781 393 1840 maritoruml
435 1779 589 1848 Quomodo
604 1789 632 1838 et
644 1780 755 1838 stellae
769 1779 851 1839 stella
865 1778 980 1839 distabit
993 1782 1024 1840 in
1038 1781 1138 1859 glorie,
1160 1782 1217 1840 uisi
1238 1799 1291 1859 pro

71 1949 76 1952 ,
98 1876 259 1937 diversitate
279 1877 472 1937 radioruml’'⁰
512 1877 544 1935 S.
568 1876 828 1937 Ouuusosrorrus:
851 1878 1015 1937 “Tametsi
1036 1880 1067 1938 in
1081 1899 1169 1958 regno
1183 1882 1294 1943 celesti

100 1973 154 2031 siut
166 1991 280 2042 omnes,
295 1992 354 2034 non
368 1993 469 2035 omnes
484 1984 581 2033 tumen
601 1973 705 2034 iisdem
719 1974 805 2050 potiri
820 1975 945 2051 premiis
961 1974 1011 2033 illa
1025 1977 1213 2036 similitudine
1227 1979 1294 2037 stel-

98 2069 183 2132 larum
197 2071 402 2132 ostenditur.'’⁷
441 2072 474 2131 S.
497 2070 718 2131 Hrrrsorsuuus:
741 2081 761 2108 ‘⁶
776 2072 845 2156 Non
866 2082 910 2130 est
930 2071 984 2130 filii
1003 2071 1080 2142 dare,
1095 2085 1124 2133 at
1145 2076 1292 2150 quomodo

100 2179 140 2227 est
165 2169 260 2228 Patris
284 2170 465 2247 prepararet
506 2170 625 2236 Paratae,
641 2169 743 2242 inquit,
765 2169 875 2228 suntin
901 2169 975 2228 coelo
989 2169 1108 2230 diverse
1122 2181 1151 2230 et
1164 2172 1295 2250 plurimae

101 2268 262 2327 mansiones
286 2267 418 2345 plurimis
439 2267 618 2343 diversisque
632 2268 793 2335 virtutibus,
815 2286 886 2341 quas
911 2287 970 2328 non
988 2287 1118 2346 persono
1140 2272 1293 2350 accipiunt,

102 2364 149 2423 sed
163 2383 262 2443 opera.
303 2364 422 2424 Frustra
436 2382 505 2442 ergo
525 2385 542 2423 a
556 2383 602 2424 ma
616 2364 712 2442 petitis
727 2360 804 2444 quod
819 2365 850 2424 iu
860 2367 941 2425 vobis
955 2367 1042 2428 situm
1056 2377 1111 2438 est,
1126 2369 1203 2443 quod
1218 2380 1298 2449 pater

101 2481 180 2522 meus
194 2463 252 2522 illis
266 2464 385 2541 paravit,
401 2464 451 2537 qui
465 2463 563 2541 dignis
582 2465 746 2523 virtutibus.
757 2463 792 2523 ad
817 2473 922 2525 tantam
937 2468 1083 2527 ascensuri
1100 2480 1167 2529 suut
1180 2470 1299 2549 dignita·

100 2561 201 2622 tem.”⁸
240 2561 273 2620 S.
286 2563 479 2623 Auousrruus
493 2560 582 2620 dicit:
606 2571 626 2599 ‘⁶
643 2562 743 2621 Multas
764 2564 929 2623 mansiones
944 2563 1071 2625 diversas
1085 2568 1252 2629 meritorum
1267 2571 1297 2630 in

101 2677 154 2718 una
165 2661 224 2717 vita
236 2668 341 2719 eteros
353 2657 517 2736 significant
525 2657 675 2736 dignitates
699 2701 707 2717 .
731 2701 738 2719 .
762 2701 769 2718 .
792 2669 937 2734 tamquam
950 2663 1039 2722 stellae
1051 2665 1154 2734 sancti,
1170 2665 1296 2727 diversas

102 2758 264 2835 mansiones
274 2755 401 2816 diverses
413 2755 563 2821 claritates,
580 2765 724 2829 tamquam
739 2757 768 2815 in
783 2757 866 2824 coelo,
882 2758 1039 2818 sortiuntur
1049 2760 1079 2819 in
1088 2763 1225 2840 regno.’'⁰
1264 2767 1298 2825 8.

102 2852 311 2913 Fuuosurrus:
328 2851 477 2913 “Tantum
490 2850 613 2928 amplius
626 2852 682 2910 alio
694 2852 723 2910 in
733 2851 782 2909 illa
791 2853 847 2909 vita
857 2851 952 2913 Deum
962 2853 1078 2924 videbit,
1092 2870 1229 2932 quantum
1241 2883 1299 2924 am.

102 2951 174 3027 plius
186 2949 242 3009 alio
251 2950 282 3008 in
291 2948 344 3007 bac
356 2949 413 3007 vita
421 2966 489 3007 eum
498 2946 659 3008 dilexit.'’²⁰
680 2948 711 3005 S.
724 2947 901 3008 Guuoonrus
910 2949 955 3008 M.
978 2951 1086 3029 “Apud
1097 2954 1210 3017 Patrem
1222 2978 1299 3019 man·

102 3051 196 3110 sioues
211 3048 307 3107 mults
319 3058 395 3115 sunt,
411 3048 478 3122 quie
501 3047 594 3106 inille
615 3045 797 3105 beatitudinis
813 3047 870 3105 vita
891 3057 958 3105 sunt
971 3046 1122 3126 dispereo:
1144 3060 1298 3131 unusquis.
1341 3120 1344 3125 .

102 3164 154 3222 qus
166 3148 253 3225 juxte
266 3145 363 3222 dispar
376 3147 507 3205 meritum
522 3145 616 3204 locum
633 3144 776 3222 disparem
788 3145 967 3223 percipit.''¹²

138 3250 168 3305 7.
191 3241 341 3302 Accedunt
355 3242 478 3301 rationes
491 3241 658 3320 theologice
669 3261 739 3315 quas
752 3242 846 3300 verbis
861 3243 1047 3318 Hieronymi,
1058 3244 1198 3326 dogmatis
1213 3252 1299 3331 hujus

105 3341 230 3418 praeclari
245 3340 379 3408 vindicis,
390 3341 472 3418 juvat
488 3358 643 3417 exponere.
687 3340 732 3398 De
758 3340 849 3401 Paulo
870 3359 903 3399 se
922 3342 1073 3404 minimum
1095 3346 1300 3423 Apostolorum

102 3441 250 3515 profitente
273 3437 362 3496 dicit:
385 3437 605 3498 “Veruntamen
629 3438 658 3496 in
683 3456 718 3496 eo
739 3437 817 3511 quod
848 3457 880 3496 se
900 3438 1040 3508 humiliat,
1065 3444 1190 3505 ostendit
1209 3467 1296 3525 posse

105 3536 257 3614 Apostolos
283 3534 353 3594 alios
377 3535 514 3604 minores,
535 3536 606 3595 alios
628 3553 692 3594 esse
713 3535 846 3612 majores,
864 3547 892 3594 et
912 3537 962 3611 qui
977 3539 1073 3612 utique
1089 3560 1138 3599 ves
1153 3544 1300 3608 electionis

105 3633 213 3705 dicitur,
228 3644 258 3695 et
271 3634 382 3693 cunctis
396 3634 519 3711 amplius
534 3634 691 3692 laboravit:
714 3651 772 3694 non
789 3643 832 3691 est
853 3634 975 3711 injustus
997 3636 1088 3707 Deus,
1103 3651 1135 3699 ut
1148 3645 1298 3706 oblivisca-

435 3827 476 3892 (1)
497 3826 569 3877 Jouu.
580 3827 661 3878 xiv.2.

432 3916 472 3980 (2)
496 3917 507 3962 1
523 3913 580 3964 Oor
591 3914 643 3965 xiii.
655 3919 679 3970 8,

435 4002 464 4067 (3
466 4004 477 4068 )
448 4001 621 4100 elbidem.
603 4018 641 4051 xv.
653 4003 693 4051 41.

436 4089 531 4155 (4)-

436 4174 465 4239 (3
468 4177 479 4241 )
450 4172 547 4223 bL.
540 4190 573 4223 ιι.
585 4173 639 4222 odv
642 4090 709 4222 lber.
721 4187 742 4222 c
754 4171 962 4225 xiiioliasxxvii

435 4259 475 4329 (6)
497 4261 528 4310 Iu
547 4259 685 4325 Scorpieco.

437 4348 478 4411 (7)
498 4346 573 4395 Hom.
585 4345 645 4395 xli‘
637 4360 665 4394 ιιι
679 4347 690 4392 1
705 4345 735 4395 ed
748 4343 807 4395 Gor.

438 4433 478 4497 (8)
497 4430 552 4483 L.
537 4449 563 4482 u.
574 4431 628 4481 adv.
639 4430 762 4480 lovinion.

438 4520 479 4585 (9)
496 4519 579 4570 Tract.
590 4518 655 4569 lxvii.
666 4519 693 4568 in
703 4517 775 4568 Joeu.

420 4605 480 4669 (10)
500 4605 530 4656 L.
540 4607 571 4656 de
582 4604 671 4655 Triuit.

421 4686 481 4754 (ll)
500 4686 531 4741 L.
543 4690 687 4741 muMor.
697 4704 719 4739 c.
731 4689 763 4740 iv.
