2798 5092
468 350 524 412 DE
545 351 737 414 VIRGINIS
758 350 915 415 CULTU.

587 1062 727 1124 CAPUT
749 1061 802 1123 1v.

419 1298 475 1350 DE
511 1299 754 1354 vrttortuls
789 1296 970 1352 CULTU.

448 1530 474 1603 §.
490 1526 514 1588 Ι.
538 1529 585 1589 Da
602 1528 726 1590 Manius
739 1526 803 1587 Der
817 1547 937 1590 arnono.

130 1726 179 1780 71.
201 1721 320 1781 Eximio
332 1742 451 1801 prorsus
462 1723 592 1803 Virginis
607 1726 707 1786 Maria
722 1723 845 1802 dignitas
860 1723 985 1800 postulat
999 1734 1030 1781 ut
1042 1722 1077 1783 de
1094 1743 1128 1782 ea
1143 1726 1297 1803 speciatim

92 1838 220 1897 agamus.
262 1821 311 1881 Ex
327 1821 499 1882 Nestoriana
513 1823 617 1883 haeresi
632 1844 688 1900 qua
703 1822 812 1881 Christi
827 1840 951 1899 persona
965 1818 1090 1881 aVerbo
1102 1822 1298 1903 distingueba-

91 1926 146 1986 tur,
161 1919 332 1993 sequebatur
347 1920 468 1979 Mariam
485 1920 596 1981 Christi
614 1933 732 1980 matrem
750 1924 916 1989 Χνιςοτοκον,
931 1938 987 1977 non
1013 1917 1080 1977 verb
1102 1932 1225 1979 matrem
1241 1921 1298 1981 Dei

90 2021 203 2070 θεοτοννον
217 2015 366 2076 dicendam
380 2037 388 2075 ε
411 2030 585 2097 quapropter
599 2030 628 2077 et
649 2017 749 2077 Maria
765 2015 931 2095 dignitatern
952 2016 1132 2093 impugnavit
1146 2015 1225 2075 iilius
1239 2018 1299 2079 hae·

91 2135 188 2175 reseos
209 2116 331 2186 artifex;
352 2134 474 2190 eamque
500 2117 680 2176 vindicarunt
700 2115 815 2193 egregie
836 2113 973 2192 praesules
989 2112 1149 2173 Christiani
1166 2116 1218 2189 qui
1240 2117 1298 2195 ipsi

90 2216 268 2273 obstiterunt.
309 2214 445 2272 Probavit
471 2214 624 2274 concilium
655 2210 838 2290 Ephesinum
872 2211 949 2270 hunc
976 2211 1248 2273 anathematismum
1279 2233 1296 2272 a

92 2311 206 2388 Cyrillo
221 2311 434 2387 conscriptum:
459 2309 525 2369 “Si
546 2311 612 2385 quis
634 2328 691 2369 non
713 2309 865 2369 confitetur
882 2307 978 2367 Deum
993 2326 1058 2366 ease
1072 2309 1211 2368 veraciter
1226 2310 1299 2371 Em·

90 2408 264 2475 manuelem,
280 2418 308 2465 et
322 2417 471 2484 propterea
484 2408 542 2466 Dei
556 2407 725 2484 genitricem
740 2407 874 2465 Sanctam
890 2404 1040 2483 Virginem
1056 2425 1063 2463 ε
1087 2396 1296 2483 peperit'enim

91 2503 249 2564 secundum
264 2521 392 2572 carnem,
407 2522 520 2563 carnem
536 2504 641 2562 sactum
657 2502 713 2562 Dei
729 2504 868 2571 Verbum,
885 2502 1044 2562 secundum
1057 2502 1137 2576 quod
1152 2504 1296 2581 scriptum

93 2612 146 2670 est,
162 2600 289 2659 Verbum
304 2620 369 2660 caro
383 2600 488 2660 factum
501 2610 565 2670 est;
587 2602 738 2660 anathema
751 2596 834 2659 sit.”²
875 2600 925 2659 Sic
939 2610 969 2659 et
981 2600 1135 2659 concilium
1152 2599 1296 2661 Constan-

92 2698 310 2777 tinopolitanum
332 2698 393 2757 IL:
416 2698 480 2757 “Si
505 2699 570 2774 quis
594 2699 723 2767 abusive,
749 2709 777 2758 et
798 2716 858 2758 non
879 2716 944 2756 vere
959 2698 1016 2757 Dei
1032 2698 1211 2758 Genitricem
1227 2698 1298 2759 dicit

93 2808 220 2856 sanctam
235 2795 387 2874 gloriosam
402 2814 518 2874 semper
538 2795 687 2874 Virginem
712 2796 845 2864 Mariam,
862 2796 908 2854 vei
938 2795 1095 2855 seeundum
1117 2796 1297 2867 relationem,

94 2896 176 2969 quasi
193 2894 311 2952 homine
327 2912 399 2971 puro
414 2904 491 2962 nato,
506 2893 558 2953 sed
579 2914 638 2954 non
659 2894 723 2954 Deo
737 2892 834 2953 Verbo
857 2894 1012 2961 incarnato,
1034 2905 1062 2952 et
1076 2904 1203 2955 nato-ex
1224 2897 1297 2974 ipsa,

94 2993 158 3051 talis
173 2991 324 3051 anathema
338 2991 421 3050 sit.”⁵¹
463 2990 596 3066 Plerique
612 2991 726 3050 sectarii
740 2992 870 3051 hodierni
886 2989 921 3050 de
937 2991 1037 3050 Mariae
1052 2990 1134 3050 titulo
1149 2992 1229 3051 litem
1240 3012 1298 3053 non

94 3097 221 3149 movent.
245 3085 388 3145 Caeterum
399 3086 522 3147 Unitarii
532 3087 681 3146 Christum
694 3086 789 3146 Deum
803 3085 989 3164 denegantes,
1001 3086 1125 3146 Mariam
1135 3086 1293 3166 Deiparam

94 3180 256 3247 necessaria
281 3185 487 3259 consequentia
510 3185 673 3263 denegant;
692 3195 722 3244 et
741 3186 937 3245 Protestantes
958 3185 1095 3255 universi,
1120 3205 1157 3246 ne
1179 3187 1297 3262 quidem

96 3286 226 3365 exceptis
241 3284 487 3362 Episcopalianis,
502 3284 566 3362 ejus
581 3284 683 3343 honori
703 3282 864 3343 detrahunt.

601 3497 785 3540 euouosluto.

145 3637 237 3716 Virgo
251 3637 356 3698 Mario
369 3655 435 3697 vere
449 3645 476 3697 et
483 3638 605 3716 proprie
618 3637 741 3698 dicendo
755 3646 799 3698 est
809 3637 868 3697 na·
880 3645 985 3698 muter.

136 3735 326 3797 Probaturl.
343 3751 379 3794 mc
396 3732 569 3812 Scripturis.

134 3842 184 3897 72.
206 3832 370 3901 Elizabeth,
386 3832 495 3910 Spiritu
510 3833 617 3891 Sancto
641 3834 809 3910 inspirante,
829 3833 952 3892 Mariam
976 3842 1094 3890 matrem
1110 3831 1234 3893 Domini
1251 3838 1298 3894 sui

95 3931 268 4013 appellavit:
292 3939 311 3966 ¹⁶
324 3929 480 3988 Benedicta
494 3939 522 3988 tu
538 3931 611 3989 inter
624 3931 769 3998 mulieres,
781 3943 810 3990 et
822 3930 989 3990 benedictus
1001 3929 1109 3987 fructus
1122 3933 1230 3990 ventris
1244 3935 1296 3993 tui.

95 4031 135 4091 Et
148 4028 224 4088 unde
240 4028 294 4087 hoc
309 4027 380 4084 mihi
394 4036 427 4084 ut
441 4025 535 4086 veniat
550 4039 638 4086 mater
658 4022 778 4086 Domini
800 4027 911 4099 mei->ff
923 4024 1004 4097 μήτηρ
1021 4026 1066 4080 τοῦ
1077 4048 1159 4095 sapim
1168 4031 1297 4095 pos-ad

94 4126 196 4186 meins
236 4123 363 4202 Angelus
389 4141 454 4182 eum
481 4121 640 4201 designavit
662 4121 769 4184 Filium
798 4125 875 4185 Dei:
899 4126 1017 4194 “Quod
1045 4137 1180 4186 nascetur
1209 4141 1297 4189 exte

96 4236 239 4294 sanctum,
262 4223 410 4282 vocabitur
430 4221 523 4282 Filius
548 4222 652 4281 Dei.”⁴
690 4240 720 4279 ro
736 4224 879 4296 γεννώμενον
895 4223 973 4297 mmo,
996 4223 1147 4296 κληδὴσεταν
1169 4230 1224 4293 duis
1241 4234 1301 4292 θνόν

559 4418 601 4483 (1)
622 4417 713 4467 Anath.
726 4417 744 4468 i.

559 4505 602 4570 (2)
622 4502 685 4554 Can.
697 4503 731 4554 vi.

557 4591 600 4658 (3)
618 4589 710 4642 Luci.
723 4593 767 4640 42.

556 4677 594 4738 (4)
611 4672 673 4729 Luc.
683 4676 700 4729 i.
712 4679 754 4727 ³⁶.
