2798 5092
639 127 862 192 APPENDIX.
1285 136 1345 192 333

144 291 206 343 tum
216 284 327 361 agnitor
342 283 441 345 dicuat
454 285 564 345 scilieet
577 304 680 359 aquam
695 287 723 347 in
738 288 757 346 J
758 289 859 349 oannis
872 288 1039 365 baptismata
1051 299 1158 349 tautum
1168 299 1342 368 usurpatam,

148 378 178 439 id
188 379 226 439 ad
241 389 357 457 tempus
371 381 540 443 institutum.
564 382 776 443 Eucharistiam
791 385 895 462 pariter
904 383 1046 461 denegant
1057 387 1186 454 omniuo,
1197 405 1235 445 uc
1244 388 1344 447 umbra

148 477 264 553 quidem
280 478 356 537 illius
372 490 489 547 retenta,
499 479 550 538 sed
565 500 669 557 corpus
681 494 709 540 et
723 485 890 560 sangumem
903 482 1013 541 Christi
1029 485 1139 560 Spiritu
1152 486 1340 563 percipienda

148 576 261 636 docent.
302 577 469 636 duramenta
483 598 627 652 nunquam
648 581 733 638 licere
749 591 950 658 propugnant:
972 601 1050 640 arma
1064 601 1161 658 gerere
1176 582 1342 652 detrectant,

148 674 221 732 bella
235 674 354 732 omuino
369 675 454 733 vetita
468 675 624 734 habentes:
646 695 746 736 omnes
761 677 879 737 honoris
893 679 999 746 titulos,
1015 679 1150 755 ipsasque
1165 681 1282 737 usitatas
1297 699 1342 738 sa-

92 752 110 778 ’
147 769 256 829 iutandi
270 770 416 838 formulas,
433 780 452 807 ‘⁴
463 770 610 831 Domine'’
627 781 674 830 aut
696 772 880 840 “Domina”
903 773 1037 832 damnant
1058 789 1201 847 tamquam
1216 775 1340 846 illicitas,

108 941 111 945 ι
148 867 221 926 sieut
232 867 317 945 etiam
332 885 432 926 omnes
446 867 530 925 ludos
544 869 727 928 recreationis
742 871 858 928 nomine
873 881 1034 946 usurpatos.
1062 871 1166 929 Vestes
1182 871 1340 947 peculiares

148 963 280 1023 induunt.
302 968 331 1025 A
345 964 494 1041 principiis
509 965 692 1038 moribusque
703 967 842 1044 majorum
853 985 968 1026 suorum
983 969 1153 1026 recentiores
1163 970 1194 1026 iu
1207 969 1341 1027 America

145 1061 278 1129 Quakeri
291 1062 399 1121 sensim
417 1062 549 1121 recedere
564 1071 729 1122 noscuntur.

167 1188 170 1193 ·
186 1158 375 1227 Quaesisse,
390 1169 502 1218 auctore
526 1158 670 1218 Michaele
685 1159 824 1228 Melinos,
839 1160 985 1219 sacerdote
1007 1161 1149 1238 Hispano,
1171 1161 1279 1220 Italiam
1305 1181 1340 1221 ea

146 1255 222 1314 circa
235 1265 365 1332 tempora
378 1255 554 1314 infestarunt.
599 1255 788 1315 Perfectioois
798 1266 902 1329 statum
913 1276 977 1315 esse
991 1257 1087 1316 docuit
1100 1277 1241 1318 summam
1256 1257 1340 1317 iudis-

146 1351 306 1420 senentiam,
321 1351 392 1411 adeo
413 1361 445 1412 nt
458 1353 553 1411 anIma
573 1353 696 1430 perfecta
717 1372 770 1413 nec
791 1352 826 1412 de
840 1354 920 1412 coelis
942 1373 995 1413 uec
1015 1354 1051 1413 de
1071 1355 1169 1414 inseris
1184 1355 1256 1414 soret
1269 1356 1340 1414 ulla·

144 1460 229 1508 mnus
243 1449 374 1518 solicita3
396 1468 449 1508 nec
464 1468 538 1526 aegre
553 1448 638 1508 ferret
650 1450 834 1526 gravissImas
855 1451 1034 1518 tentationes,
1050 1470 1103 1509 nec
1123 1451 1230 1525 aliquid
1244 1471 1261 1508 a
1274 1451 1339 1510 Deo

144 1564 272 1621 nuquam
287 1556 404 1622 peteret.
445 1547 628 1622 Turpissima
649 1546 756 1625 flagitia
770 1547 863 1606 velare
884 1547 938 1606 hac
958 1549 1066 1606 ratione
1081 1548 1198 1615 studuit,
1213 1567 1248 1606 ea
1268 1559 1338 1608 tam·
1374 1580 1376 1623 1

144 1660 238 1716 quam·
253 1641 392 1701 demonis
407 1644 576 1702 tentationes
601 1662 684 1717 aequo
706 1644 802 1702 auium
827 1645 952 1712 ferenda,
977 1663 1116 1703 asserens.
1150 1648 1188 1702 63
1210 1645 1340 1721 proposi·
1370 1630 1375 1644 ¹

144 1740 237 1798 tiones
259 1739 399 1798 Melinosi
419 1739 556 1799 damnate
577 1741 697 1798 suntab
721 1739 910 1814 inquisitione
924 1741 1076 1817 Suprema,
1100 1742 1237 1816 probante
1252 1740 1338 1798 Inno-

145 1837 240 1895 centio
253 1836 320 1904 XL,
343 1855 418 1895 anuo
443 1840 537 1905 16873
559 1837 679 1913 ipseque
699 1838 805 1901 carceri
830 1839 1007 1914 mancipatus
1021 1838 1069 1896 ubi
1095 1838 1235 1914 poeuitens
1257 1837 1337 1896 oint.

145 1931 426 2006 Semiquietismusa,
437 1932 565 1992 Fenelon
581 1931 798 2009 archiepiscopo
810 1934 1013 1993 cameracensi
1023 1946 1227 2012 propugnatos,
1238 1932 1339 1993 aSede

144 2029 312 2109 Aposmliea
325 2049 399 2089 auno
417 2033 492 2089 1699
507 2031 628 2107 rejectus
649 2041 703 2098 est,
718 2030 835 2090 sedente
857 2032 886 2090 iu
901 2050 936 2091 ea
949 2031 1117 2093 Innocentio
1132 2031 1213 2099 xn,
1228 2032 1277 2105 qui
1298 2035 1338 2089 23

145 2112 358 2206 propositiones
383 2147 420 2187 ex
440 2128 513 2187 libro
540 2127 593 2185 ‘de
614 2141 775 2188 sauctorum
803 2130 971 2207 principiis’
987 2130 1152 2207 desumptas
1167 2131 1337 2206 reprobavit.

144 2224 303 2285 Decretum
317 2226 498 2285 Pontificium
509 2227 636 2304 suscepit
647 2227 779 2304 egregius
792 2229 895 2304 presul
906 2247 1018 2287 summa
1031 2227 1197 2296 reverentia,
1207 2240 1236 2286 et
1247 2247 1263 2286 a
1276 2246 1340 2289 sen·

133 2323 240 2383 -teutiis
254 2323 312 2381 illie
326 2322 361 2381 ds
376 2323 550 2400 perfectione
571 2325 700 2391 recessit,
721 2343 791 2398 quas
805 2327 931 2385 exiruius
953 2327 981 2384 in
997 2326 1091 2385 Deum
1107 2345 1187 2384 arnor
1200 2338 1338 2403 peperat:

143 2421 173 2483 io
186 2441 223 2483 ,eo
237 2423 348 2491 scilicet
360 2423 523 2481 versabatur
537 2423 613 2481 illius
627 2443 715 2490 error,
730 2422 807 2496 quod
827 2437 956 2482 censeret
970 2424 1141 2481 habitualem
1156 2423 1216 2481 dari
1231 2426 1339 2500 periec-

132 2506 229 2580 .tiouis
244 2533 359 2590 statum,
375 2522 404 2579 iu
418 2540 476 2594 quo
491 2523 586 2581 anima
605 2521 740 2579 charitate
761 2521 832 2579 adeo
846 2521 985 2599 flagraret,
1001 2532 1032 2579 ut
1046 2520 1082 2578 de
1096 2521 1218 2587 inferno,
1233 2533 1282 2580 aut
1301 2523 1337 2581 de

146 2617 295 2686 Paradiso,
311 2618 351 2676 nil
366 2629 486 2676 curaret.

188 2716 325 2777 Loeioro
337 2735 456 2776 morum
463 2716 616 2794 principia
629 2716 760 2775 damnata
772 2726 839 2775 sunt
852 2716 887 2773 ab
901 2715 1068 2773 Innocentio
1082 2716 1147 2783 XL,
1163 2735 1238 2776 anno
1251 2721 1337 2777 1379.

149 2812 344 2873 Probabilium
360 2812 528 2889 opinionum
544 2831 612 2870 usus
634 2813 756 2890 rejectus
769 2826 824 2879 est,
839 2812 952 2885 quaudo
966 2811 1002 2868 de
1024 2812 1119 2870 valore
1141 2813 1338 2872 sacramento·

110 2928 203 2973 -1um
219 2911 383 2989 agitur,vel
400 2911 430 2970 iu
446 2912 530 2969 rebus
552 2911 661 2969 eaeteris
685 2912 710 2969 si
733 2912 900 2971 tenuissima
922 2912 959 2968 sit
979 2911 1171 2986 probabilitas.
1212 2911 1276 2971 Imo
1307 2913 1338 2971 in

126 3011 259 3088 judiciis
281 3028 399 3069 necesse
421 3022 465 3067 est
485 3021 516 3068 nt
538 3010 629 3087 judea
656 3010 874 3087 probabiliorem
898 3010 1066 3068 sententiam
1089 3021 1241 3082 aequatum
1263 3022 1292 3068 et
1306 3012 1335 3070 iu

134 3108 228 3167 rebus
242 3106 277 3165 ad
297 3107 417 3165 salutem
433 3107 603 3164 necessariis
625 3106 709 3165 debet
721 3107 918 3180 unusquisque
933 3106 1064 3165 tutiorem
1085 3107 1190 3182 eligere
1212 3111 1332 3182 partem,

134 3218 315 3283 quapropter
346 3204 477 3267 damnata
497 3216 541 3262 est
560 3205 658 3281 opirrio
688 3204 832 3264 infidelem
866 3202 1062 3262 excusandum
1093 3204 1143 3276 qui
1167 3204 1333 3280 opinionem

147 3303 278 3378 sequitur
292 3303 386 3361 minus
402 3301 586 3377 probabilem,
606 3303 727 3376 ideoque
742 3302 833 3379 rejicit
847 3302 930 3359 fidem
947 3301 1002 3359 sibi
1018 3301 1203 3377 propositam.

99 3438 107 3445 -
185 3399 342 3460 Severiores
352 3412 472 3458 monem
479 3398 642 3477 priucr‘pr‘e,
649 3419 687 3458 ex
698 3399 861 3459 auctoribus
870 3399 1051 3458 Jansenianis
1063 3397 1206 3475 decerpta,
1216 3399 1339 3458 solemni
1367 3457 1371 3465 ,

137 3499 258 3559 decreto
272 3497 428 3557 Alexandri
444 3497 539 3564 vill,
555 3517 629 3555 anno
647 3500 734 3567 1690,
755 3499 904 3574 reprobata
922 3508 998 3554 sunt.
1040 3495 1249 3573 impugnabant
1262 3496 1338 3554 seili-

133 3607 188 3655 cet
200 3595 232 3655 bi
246 3606 397 3652 novatores
413 3603 581 3669 presentem
603 3593 744 3651 Ecclesia
758 3593 938 3670 disciplinam
950 3589 985 3649 de
1000 3591 1231 3649 administrandis
1245 3610 1337 3648 saera-

136 3693 247 3751 mentis
262 3690 439 3749 eucharistiae
453 3701 482 3748 et
496 3690 682 3766 poeuitentiaer
704 3691 867 3748 asserebant
879 3707 914 3746 ea
935 3707 998 3762 qum
1013 3688 1104 3765 ignari
1119 3699 1273 3764 patramus,
1290 3701 1338 3746 aut

132 3788 225 3851 inriti
236 3789 370 3864 patimur,
384 3786 466 3844 nobis
477 3786 610 3862 imputari
621 3787 658 3845 ob
672 3805 787 3845 causam
797 3785 994 3852 voluntariam,
1007 3784 1077 3842 Ade
1088 3784 1197 3842 scilicet
1210 3784 1334 3859 lapsumr

131 3886 240 3947 onnia
254 3893 372 3962 peccato
388 3883 541 3956 inquinari,
564 3902 627 3956 que
652 3901 689 3940 ex
713 3882 769 3941 Dei
784 3901 879 3941 amore
899 3901 958 3941 uon
972 3881 1145 3958 procedunt,
1165 3892 1193 3938 et
1213 3880 1335 3941 affirma·

135 3980 220 4054 bant,
234 4002 293 4043 non
306 3982 393 4040 licere
408 3983 491 4055 sequi
505 3983 669 4058 opinionem
685 3981 757 4039 iuter
771 3980 931 4058 pmbabiles
946 3979 1214 4057 probabilissimum.

601 4138 716 4200 XVIII.
738 4140 875 4198 Sacuuo.

183 4300 333 4368 Durroaar,
349 4300 403 4357 orti
417 4309 484 4358 sunt
497 4318 572 4358 anno
587 4302 675 4364 1731,
690 4309 804 4355 auctore
826 4294 960 4355 Conrado
974 4294 1091 4372 Peysal,
1107 4294 1269 4357 Germanus
1285 4317 1334 4356 na·

86 4392 96 4400 ’
135 4398 230 4468 tlonc,
253 4399 314 4473 qui,
339 4397 439 4457 mundi
464 4409 612 4475 pertusus,
629 4396 663 4454 ad
684 4394 866 4454 solitudInem
892 4395 1096 4472 quinquagInta
1114 4393 1250 4454 mullibus
1270 4413 1336 4474 pas·
1395 4456 1398 4461 ,

140 4508 229 4558 tuum
242 4495 445 4574 Philadelpbia
464 4495 592 4554 dissitam
615 4491 902 4636 mcessi30*0apitis
922 4490 1047 4571 capillos
1068 4501 1124 4551 aut
1137 4493 1354 4550 nascamus-
