2798 5092
94 318 151 404 162
350 314 407 376 DE
427 315 741 379 turnutunnrts
756 318 1026 383 utuntuotlttl.
1104 390 1108 397 .

597 594 781 637 Pnorosttto.

135 734 244 797 Potuit
256 732 392 796 Ecclesia
407 733 583 795 constituere
596 734 808 816 impedimenta
821 734 1050 797 matrimonium
1071 737 1246 811 dimensio,
1260 747 1284 799 et

93 836 127 896 in
141 836 181 896 iis
196 833 407 895 constituendis
421 851 481 892 non
496 832 616 892 errauit.

132 933 285 994 Probatur
299 929 325 991 Ι.
342 950 378 991 ec
385 938 527 1013 perpetuo
536 931 695 1010 potestatis
707 932 856 993 enercitio.

132 1036 180 1092 67.
196 1031 361 1090 Concilium
376 1030 608 1088 Ettanrurruuu
622 1031 750 1089 censuit:
773 1032 912 1105 “Siquis
927 1032 1087 1111 privignam
1102 1053 1187 1094 suam
1199 1034 1290 1095 duxe-

93 1130 129 1189 rit
141 1146 260 1188 uxorem
273 1147 281 1197 ;
303 1146 338 1185 eo
352 1125 429 1201 quod
443 1126 624 1194 animentur,
640 1126 756 1203 placuit,
772 1146 826 1187 nec
841 1129 871 1188 in
886 1128 942 1187 fine
955 1129 1077 1189 dandam
1092 1148 1158 1189 esse
1173 1133 1202 1190 ei
1213 1150 1292 1195 com·

92 1222 305 1288 munionem.”²
337 1223 503 1282 Concilium
520 1225 793 1287 Nnootusrnmrnsn
809 1245 883 1285 annu
898 1231 966 1285 314.
989 1227 1127 1286 “Mulier
1140 1229 1166 1287 si
1179 1227 1296 1290 dnobus

91 1325 222 1403 nupserit
234 1323 375 1390 iratribus,
391 1321 539 1400 ainciatur
558 1340 650 1394 usque
664 1320 790 1382 addiem
804 1325 912 1383 mortis.
955 1323 1013 1383 Sed
1029 1336 1145 1403 propter
1158 1326 1296 1387 hnmani·

91 1432 177 1482 tatem
191 1423 222 1480 in
235 1420 371 1479 extremis
384 1422 454 1487 suis,
469 1420 657 1478 sacramentis
677 1421 857 1479 reconciliari
878 1431 1007 1499 oportet;
1030 1423 1068 1481 ita
1089 1433 1196 1492 tamen,
1211 1434 1247 1483 ut
1268 1424 1297 1483 si

92 1520 163 1580 forte
177 1521 326 1578 sanitatem
347 1517 566 1593 recuperaverit,
584 1517 766 1576 matrimonio
782 1517 887 1586 soluto,
902 1518 936 1576 ad
951 1519 1149 1595 poenitentiam
1163 1520 1299 1581 admitta-

91 1616 182 1677 tur.'’⁹
222 1616 386 1675 Concilium
411 1614 646 1673 tarantarum
672 1613 711 1672 lI.
737 1633 812 1673 anno
840 1619 920 1674 533:
954 1617 1107 1686 “Placuit.
1136 1629 1168 1677 ut
1192 1618 1294 1678 nullus

92 1714 273 1774 Christianus
297 1712 438 1780 Judaeam,
461 1729 554 1785 neque
576 1711 694 1770 Judaeus
713 1701 917 1772 ¹Christianam
941 1715 971 1773 in
997 1715 1182 1775 matrimonio
1204 1714 1295 1775 ducat

90 1831 228 1871 uxorem:
251 1812 317 1885 quia
342 1812 415 1870 inter
436 1809 603 1888 hujusmodi
627 1828 765 1886 personas
780 1811 892 1870 illicitas
908 1813 1022 1890 nuptias
1044 1832 1109 1872 asse
1123 1832 1294 1874 censemus.

92 1911 150 1980 Qui
164 1911 189 1969 si
209 1909 376 1969 commoniti
390 1929 406 1966 a
420 1908 565 1967 consortio
587 1909 642 1967 hoc
657 1927 688 1966 se
703 1927 834 1985 separare
856 1908 1030 1979 distulerint.
1045 1912 1296 1973 acommuuionis

91 2010 180 2089 gratia
190 2019 257 2067 sunt
270 2008 332 2066 sins
344 2006 430 2065 dnbio
441 2004 675 2065 submovendi.''³
716 2005 880 2067 Concilium
894 2008 1108 2068 Monunrrnuu
1118 2027 1195 2069 anuo
1210 2013 1295 2073 stu:

92 2116 112 2147 ⁸⁶
126 2105 356 2167 Contradicimus
368 2123 493 2178 quoque,
506 2103 578 2163 utin
593 2114 692 2178 quarta
706 2104 889 2180 generatione
905 2105 999 2164 nullus
1014 2105 1140 2183 amplius
1153 2106 1297 2185 conjugio

91 2205 255 2284 copuletur:
271 2204 319 2261 nbi
334 2213 428 2260 autem
443 2211 511 2278 post
525 2201 708 2262 interdictum
719 2201 823 2260 sactum
834 2203 980 2262 inventurn
992 2204 1297 2282 suerit‚separetur.”⁴

89 2303 124 2362 ln
139 2303 184 2361 his
197 2301 330 2360 omnibus
345 2297 466 2357 decretis
482 2298 560 2356 irrita
575 2298 753 2356 declarantur
768 2299 932 2376 hujusmodi
945 2301 1099 2379 conjugia:
1120 2300 1199 2361 unde
1214 2314 1299 2383 patet

92 2419 155 2458 eam
170 2398 337 2477 praesulibus
349 2394 489 2454 Ecclesiae
502 2398 581 2454 omni
593 2408 672 2455 atate
686 2396 828 2455 insedisse
841 2399 1067 2474 persuasionem,
1079 2399 1209 2477 suijuris
1223 2418 1295 2462 esse

91 2495 295 2573 impedimenta
316 2502 431 2559 stature,
447 2510 512 2565 quae
525 2493 669 2550 obstarent
688 2511 724 2550 ne
747 2492 873 2550 valerent
887 2494 1111 2554 matrimoniales
1125 2506 1294 2556 conmotus

92 2592 319 2652 eontraretitum
334 2589 469 2647 attentati.
512 2590 602 2647 Porro
624 2588 702 2648 nefas
725 2600 770 2648 est
792 2591 916 2668 cogitare
937 2602 1108 2669 potestatem
1128 2592 1201 2653 adeo
1223 2613 1296 2655 eon·

92 2700 198 2748 stanter
210 2687 363 2747 adhibitam
378 2705 473 2746 carere
487 2685 683 2746 fundamento.

132 2784 286 2844 Probatur
300 2782 343 2842 11.
359 2800 396 2841 ec
404 2788 531 2863 potrum
541 2782 732 2843 testimoniis.

133 2889 181 2944 68.
203 2885 234 2942 S.
257 2883 395 2940 Basmtus
410 2881 468 2940 ait:
492 2889 512 2918 “
525 2880 737 2941 Canonicorum
752 2881 901 2942 fornicatio
917 2903 968 2959 pro
978 2885 1160 2945 matrimonio
1172 2904 1234 2946 non
1248 2907 1298 2949 re·

92 2995 215 3062 putetur,
230 2979 280 3039 sed
294 2997 394 3039 cerum
407 2979 571 3056 conjunctio
592 2978 787 3038 divellatur.”⁶
828 2979 970 3040 Canonici
994 2982 1192 3060 intelliguntur
1201 2984 1297 3063 juxta

92 3080 306 3146 Balsamonem,
327 3075 379 3158 qui
400 3075 589 3152 virginitatem
614 3075 737 3151 professi
760 3079 787 3135 in
813 3095 965 3146 canonem,
990 3079 1154 3181 catalogum
1174 3080 1293 3140 scilicet

93 3179 299 3241 monachorum
311 3175 356 3233 vel
368 3174 447 3242 cleri,
464 3173 666 3232 referebantur.

131 3282 179 3338 69.
202 3277 234 3334 S.
251 3275 425 3332 Casuentus
448 3269 492 3327 Μ.
513 3270 626 3346 scriptis
648 3269 762 3329 edocuit
775 3273 968 3350 Augustinnm
982 3271 1126 3347 quomodo
1141 3292 1210 3334 eum
1228 3278 1289 3336 An·

92 3376 147 3453 glis
172 3373 208 3432 ad
232 3370 319 3430 fidem
345 3367 507 3435 conversis‚·
529 3364 564 3423 de
586 3365 774 3426 matrimoniis
794 3387 891 3445 gerere
910 3388 941 3427 se
955 3369 1080 3428 deberet.
1125 3369 1293 3433 Romanam

91 3473 186 3549 legem
201 3489 257 3545 qua
267 3466 499 3546 permittebantur
509 3465 745 3524 consobrinorum
758 3467 892 3544 conjugia
907 3468 1048 3545 imprimis
1063 3456 1208 3538 emendat,
1227 3472 1296 3531 sub·

87 3570 231 3647 jungens:
255 3576 274 3602 ‘⁶
285 3562 369 3624 Unde
384 3579 502 3620 necesse
517 3571 570 3628 est,
586 3571 617 3618 ut
632 3562 692 3638 jam
708 3563 789 3620 tertia
807 3563 852 3621 vel
867 3573 966 3638 quarta
990 3566 1136 3642 generatio
1160 3565 1295 3629 fidelium

90 3667 208 3726 licenter
232 3664 286 3722 sibi
303 3661 387 3741 jungi
412 3658 522 3718 debeat.
562 3659 642 3718 Nam
671 3661 797 3719 secunda
818 3681 903 3736 quam
931 3661 1056 3720 diximus
1079 3682 1096 3720 a
1116 3682 1148 3723 se
1168 3666 1295 3727 omnino

89 3766 174 3825 debet
189 3763 345 3821 abstinere:
368 3776 433 3818 eum
449 3776 571 3816 noverca
585 3769 678 3817 autem
694 3760 808 3818 misceri
822 3779 907 3838 grave
921 3771 967 3819 est
979 3760 1137 3820 facinus.''⁶
1182 3786 1184 3789 ·

132 3860 286 3921 Probatur
298 3856 359 3917 111.
375 3856 489 3915 ratione
503 3855 677 3934 theologico.

130 3965 178 4021 70.
201 3958 298 4025 Quum
314 3954 447 4012 Christus
467 3953 636 4030 praesulibns
658 3953 811 4023 Ecclesiae,
833 3954 1019 4032 amplissimis
1046 3955 1153 4025 verbis,
1180 3956 1293 4036 ligandi

91 4057 277 4129 solvendique
291 4052 400 4111 dederit
413 4051 617 4119 auctoritatem,
639 4061 779 4129 potestate
801 4053 915 4134 ‘praediti
941 4051 1078 4113 censendi
1103 4067 1171 4114 sunt
1192 4057 1295 4117 omnia

453 4644 482 4707 (6
515 4641 564 4708 Ep.
576 4641 592 4690 l.
604 4640 649 4692 xii.
660 4655 699 4706 ep.
716 4638 784 4690 xxxi.
796 4639 825 4691 sd
838 4657 894 4704 aug.
