2798 5092
111 374 166 433 102
349 367 406 433 DE
427 365 631 429 MINISTRO
653 362 1053 425 SAGRAMENTORUM.

108 527 232 591 faciendi
256 525 333 600 quod
354 526 421 587 iacit
445 525 588 592 Ecclesia,
611 524 761 583 anathema
785 522 869 582 sit.”²
908 520 995 599 Apud
1017 520 1189 579 Gatbolicos
1221 519 1312 598 igitur

111 634 223 689 constat
245 624 430 685 intentionem
454 625 533 703 exigi
554 625 584 682 in
598 623 728 681 ministro
749 620 871 681 faciendi
884 620 962 696 quod
986 620 1054 681 iacit
1077 620 1230 680 Ecclesiae
1254 636 1310 681 nec

112 738 208 789 temen
222 742 341 785 necesse
354 732 399 783 est
421 722 494 782 velle
516 721 649 782 effectum
674 720 831 798 producere
844 738 931 795 quem
951 720 1017 779 ritui
1039 718 1152 778 aduecti
1173 719 1309 779 Ecclesia

111 823 214 892 credit,
228 840 294 887 uam
308 821 441 883 omnibus
462 820 615 880 latentibus
629 820 704 878 valet
722 819 881 896 baptismus
896 818 930 879 ab
950 817 1092 877 haereticis
1112 817 1247 886 collatus,
1261 817 1311 891 qui

112 920 243 1000 plerique
256 918 337 979 hisce
351 919 382 977 iu
405 917 570 995 regionibus
591 935 650 977 non
664 916 782 975 credunt
802 917 919 993 gratiam
935 914 1057 974 conserti
1079 914 1234 992 baptismo.
1276 911 1311 973 Id

112 1017 198 1077 etiam
212 1023 324 1077 constat
346 1032 383 1074 ex
408 1013 524 1085 Nicolai
540 1013 564 1072 l.
580 1011 614 1073 ad
639 1012 780 1089 Bulgarcs
802 1011 1000 1089 responsione.
1042 1009 1107 1070 Nec
1120 1026 1195 1086 opus
1216 1017 1312 1068 estut

113 1116 178 1190 quis
202 1113 270 1173 velit
283 1113 376 1172 iacere
389 1110 467 1186 quod
489 1111 558 1169 iacit
576 1110 712 1168 Ecclesia
733 1109 894 1178 Catholica,
908 1128 973 1169 eam
996 1127 1094 1168 veram
1116 1107 1229 1167 Christi
1255 1106 1312 1166 Eo

111 1212 228 1273 clesiam
244 1208 433 1288 agnoscendo.
449 1227 515 1266 nam
529 1206 679 1266 haereticos
695 1206 723 1263 id
737 1206 792 1263 sibi
807 1224 864 1264 non
880 1222 1047 1284 proponere
1061 1205 1162 1279 liquet.

152 1312 201 1367 sb.
223 1305 400 1383 Disceptatio
426 1303 586 1380 theologica
600 1302 636 1361 de
660 1303 836 1371 intentionis,
853 1321 938 1376 quam
960 1313 1064 1362 vocant
1082 1302 1246 1369 intentam,
1259 1316 1309 1360 ue·

114 1406 255 1472 cessitate.
282 1423 299 1464 a
325 1402 407 1464 nobis
435 1402 505 1461 alias
532 1401 618 1461 relata
638 1404 706 1459 est.⁹
746 1401 817 1468 Quas
842 1400 877 1460 de
898 1401 1063 1460 intentionis
1084 1399 1254 1459 necessitate
1276 1399 1311 1458 ab

115 1501 250 1582 Eugeuio
265 1501 319 1561 lt.
334 1510 391 1559 eta
415 1500 542 1579 patribus
556 1500 732 1559 Tridentinis
755 1500 853 1558 tradita
872 1512 948 1567 suut,
963 1499 997 1558 ad
1019 1501 1105 1559 animi
1131 1500 1311 1577 propositum

116 1601 246 1659 ridentur
260 1597 423 1658 reserenda:
445 1608 474 1657 ct
498 1598 630 1657 Rubricae
652 1599 780 1657 Missalis
803 1598 883 1675 plura
896 1599 1000 1658 docent
1013 1598 1049 1657 de
1063 1600 1221 1658 intentione
1243 1617 1309 1658 cou-

116 1698 245 1757 secrandi
260 1697 368 1755 hostias
382 1696 412 1755 in
426 1697 504 1755 altari
519 1697 637 1774 positas,
653 1715 716 1770 quae
737 1696 870 1755 effectum
885 1715 923 1756 ex
945 1698 1057 1757 occulto
1078 1698 1167 1756 animi
1182 1696 1307 1756 consilio

114 1794 239 1872 pendere
254 1792 389 1852 indicant.
425 1793 492 1853 Huc
507 1793 592 1851 etiam
610 1794 710 1851 recidit
723 1791 866 1853 damnatio
880 1795 1085 1872 propositionis
1097 1794 1131 1853 ab
1146 1793 1312 1853 Alexandro

116 1891 211 1961 vul..
229 1890 264 1950 de
277 1890 419 1969 baptismo
432 1890 535 1951 collato
549 1892 583 1948 ab
598 1909 633 1949 eo
649 1892 698 1964 qui
718 1892 794 1949 intus
816 1893 844 1951 in
860 1892 945 1951 corde
959 1912 1012 1951 suo
1033 1893 1108 1971 upud
1129 1912 1160 1951 se
1175 1892 1312 1951 resolvit:

115 1991 185 2051 Non
223 1988 340 2049 intendo
365 1990 455 2048 facere
480 1989 556 2063 quod
581 1989 647 2047 facit
664 1980 819 2049 Ecclesia.8
860 1991 1039 2051 Gravissima
1059 2000 1156 2050 contra
1177 1993 1313 2070 objicitur

115 2089 278 2156 difficultas,
304 2086 382 2162 quod
406 2105 441 2146 eo
455 2087 549 2164 posito
570 2087 712 2165 principio
735 2090 841 2147 incerta
861 2090 981 2149 evadant
1002 2102 1188 2159 sacramenta,
1213 2102 1243 2149 et
1256 2100 1315 2150 tota

115 2186 254 2247 Ecclesiae
276 2194 400 2260 potestas
422 2194 511 2252 nutet,
526 2203 612 2242 nemo
633 2187 710 2243 enim
726 2187 805 2244 novit
819 2187 928 2245 occulta
949 2187 1099 2246 bominum
1116 2187 1249 2260 consilia,
1274 2206 1312 2247 ex

116 2282 218 2357 quibus
234 2279 311 2338 valor
325 2291 564 2338 sacramentorum
580 2280 703 2358 pendere
716 2282 830 2341 dicitur.
873 2283 1015 2343 Caeterum
1029 2285 1140 2344 Christi
1155 2287 1313 2362 promissio

118 2396 235 2436 securos
262 2395 315 2435 nos
340 2375 407 2435 iacit
431 2376 466 2436 ds
490 2378 685 2438 ministrorum
710 2381 905 2448 successione,
919 2393 948 2440 et
972 2382 1113 2442 Ecclesiae
1134 2385 1163 2442 vi
1187 2385 1314 2444 invicta:

118 2492 202 2549 quem
218 2471 337 2551 proinde
353 2471 453 2532 damus
467 2474 579 2543 vadem,
592 2475 732 2534 haereticis
747 2497 783 2536 ex
798 2478 933 2555 opinione
946 2479 1107 2557 theologica
1121 2481 1313 2542 cavillationis

117 2570 300 2630 occasionem
314 2570 501 2629 sumentibus.
543 2571 582 2630 lis
596 2574 681 2631 ctiam
695 2573 763 2632 licet
774 2573 948 2651 respondere
963 2578 1048 2655 juxta
1068 2579 1184 2637 alteram
1200 2589 1316 2640 senten·

117 2667 196 2734 tiam,
212 2685 274 2740 quae
297 2676 375 2725 tenet
387 2667 456 2733 satis
470 2686 535 2726 esse
549 2678 580 2726 ut
600 2670 730 2728 minister
749 2682 829 2748 gerat
850 2691 881 2729 se
903 2673 989 2741 serio,
1004 2675 1092 2733 veluti
1114 2677 1201 2736 ritum
1227 2697 1314 2752 quem

119 2765 252 2824 Christus
275 2765 398 2823 instituit
418 2767 579 2834 conserens,
594 2766 736 2840 quidquid
759 2769 856 2828 animo
877 2772 1037 2832 meditetur.
1079 2773 1113 2831 In
1133 2792 1164 2832 re
1178 2768 1317 2855 supreiu'o

114 2862 227 2938 judicio
240 2880 298 2921 non
312 2859 455 2939 dirempta
468 2863 600 2921 alterutra
613 2864 679 2923 licet
693 2866 732 2924 uti
746 2867 896 2926 sententia.

660 3133 779 3149 —

452 3341 477 3411 §.
493 3337 547 3397 Ill.
570 3336 618 3395 Dr.
634 3324 782 3400 Mrursrnr
796 3361 973 3405 oreurrarr.
1012 3329 1014 3335 ’

160 3536 207 3590 36.
230 3535 332 3594 Valere
357 3531 529 3611 baptismum
545 3535 579 3592 ab
600 3535 742 3594 hereticis
757 3538 891 3598 collatum
914 3541 971 3600 fide
993 3546 1169 3610 constituti
1185 3548 1249 3623 jam
1272 3567 1319 3607 os-

122 3629 276 3690 tendimus.
318 3632 421 3690 Valere
436 3633 540 3709 pariter
552 3643 653 3692 cetera
674 3646 849 3695 sacramenta
862 3638 963 3697 collata
984 3640 1018 3698 ab
1033 3640 1068 3698 iis
1083 3643 1132 3714 qui
1154 3644 1319 3707 characters

121 3730 285 3788 necessario
300 3739 367 3790 sunt
380 3717 490 3808 prlediti
506 3732 631 3808 theologi
653 3732 782 3809 plerique
797 3746 902 3794 tenent.
945 3736 1128 3799 Maldonatus
1140 3754 1169 3801 et
1182 3743 1320 3805 Morinos

120 3825 230 3903 opinati
244 3837 311 3884 sunt
325 3827 521 3886 haereticorum
535 3829 728 3887 ordinationes
750 3832 902 3905 aliquando
916 3834 1007 3893 irritas
1023 3836 1132 3896 habitas
1148 3839 1251 3911 fuisse
1267 3844 1318 3902 sed

120 3920 234 3979 decreta
248 3922 297 3981 illa
309 3923 417 4000 optime
431 3925 609 4003 explicantur
622 3926 657 3984 de
672 3945 767 4003 prena,
783 3946 839 4001 que
860 3949 946 3989 omne
961 3931 1069 3990 ordinis
1084 3939 1215 4011 suscepti
1235 3958 1319 4000 exer·

118 4018 217 4077 citium
233 4017 423 4097 denegabatur
443 4039 591 4101 perperam
607 4022 755 4082 ordinatis.
796 4024 921 4085 Ordines
942 4028 1026 4106 igitur
1041 4048 1056 4086 a
1072 4032 1182 4090 Graecis
1204 4037 1319 4113 episco-

120 4116 165 4193 pis
180 4115 275 4175 collati
290 4117 393 4185 valent,
408 4117 483 4177 sicut
495 4130 524 4176 et
538 4120 710 4179 eucharistia
724 4122 873 4181 conficitur
887 4143 903 4182 a
917 4125 1121 4197 sacerdotibus,
1137 4131 1320 4195 confirmatio

120 4212 155 4269 ab
169 4213 307 4290 utrisque,
324 4214 358 4272 ab
373 4213 429 4273 illis
456 4216 485 4273 vi
499 4215 618 4286 ordinis,
641 4220 676 4276 ab
697 4219 743 4277 his
765 4220 970 4280 consuetudine
993 4224 1106 4301 vigente
1126 4237 1155 4285 et
1175 4231 1318 4304 probate:

121 4318 248 4372 extrema
261 4313 357 4375 unctio
373 4331 487 4390 quoque
502 4315 536 4373 ab
551 4315 587 4373 iis
602 4315 786 4376 ministratur.
821 4320 993 4381 Poeniteutia
1006 4334 1100 4384 autem
1115 4343 1206 4399 quum
1221 4330 1321 4411 exigat

450 4487 494 4555 (1)
512 4489 577 4541 Sese.
590 4491 631 4541 vii.
641 4508 695 4542 can.
706 4491 741 4542 xi.

451 4574 496 4643 (Β)
516 4576 573 4629 Vol.
584 4578 619 4628 iii.
629 4578 661 4628 ds
671 4577 800 4644 Baptimno
809 4592 835 4628 ιι.
849 4580 887 4628 14.

450 4661 493 4729 (8)
511 4663 585 4733 Prop.
595 4664 680 4717 xxviii.
