2798 5092
426 335 483 396 DE
504 334 702 396 ORDlNUM
725 334 940 397 MlNIS'l'RO.

455 577 481 648 ς.
497 574 535 633 11.
551 574 599 633 Du
613 592 755 633 armerum
769 591 927 634 csorrrno.

132 774 198 829 109.
220 771 265 829 Ab
278 771 416 847 episcopo
440 768 524 847 igitur
542 748 758 845 'presbyteratus
782 780 811 827 et
837 769 1002 829 diaconatus
1024 770 1140 831 ordines
1162 773 1291 856 conferri

90 879 231 947 possunt,
253 868 327 926 sicut
340 877 368 925 et
382 867 474 924 ceteri
489 866 613 934 ordines,
629 867 678 938 qui
693 865 845 939 aliquando
869 866 1053 927 conseruntur
1075 870 1110 927 ab
1125 871 1289 931 Abbatibus

90 966 200 1033 aliisve,
225 964 382 1042 episcopali
404 964 564 1022 charactere
590 963 666 1021 haud
689 963 843 1039 insignitis.
886 965 951 1023 Nec
972 975 1067 1025 tamen
1088 966 1157 1026 licet
1178 970 1292 1042 absque

91 1061 255 1121 discrimine
270 1080 304 1119 ea
318 1062 358 1119 uti
375 1070 524 1136 potestate,
539 1079 604 1119 num
615 1063 704 1138 jussit
716 1061 870 1121 concilium
892 1061 1105 1132 Tridentium,
1120 1076 1152 1123 ut
1167 1074 1187 1102 ‘⁸
1200 1085 1292 1124 unus·

91 1159 243 1232 quisquea
265 1157 380 1234 proprio
396 1158 533 1234 episcopo
552 1157 715 1216 ordinetur:
738 1159 762 1216 si
784 1177 867 1216 secus
882 1160 939 1228 fiat,
955 1159 1089 1219 ordinans
1104 1182 1120 1220 a
1134 1162 1291 1222 collatione

91 1255 222 1315 ordinum
244 1274 295 1333 per
319 1272 442 1319 annumr
473 1266 502 1312 et
521 1253 666 1313 ordinatus
688 1275 704 1313 a
724 1267 922 1331 susceptomm
944 1256 1075 1316 ordinum
1105 1261 1291 1328 executione,

90 1353 225 1426 quamdiu
252 1352 366 1428 proprio
391 1351 532 1411 ordinario
560 1352 701 1411 videbitur
727 1354 873 1429 expedire,
901 1355 938 1412 sit
965 1355 1157 1431 supensus.''¹
1208 1355 1289 1417 Olim

91 1448 206 1524 quidem
221 1450 302 1509 laicis
325 1450 488 1508 hominibus
502 1449 538 1508 ad
560 1469 769 1524 quemcumque
793 1450 944 1527 praesulem
958 1470 989 1510 se
1004 1452 1133 1511 conferre
1147 1453 1240 1523 licuit,
1262 1467 1293 1514 et

84 1548 128 1607 ‘ab
148 1566 184 1606 eo
206 1567 302 1606 sacros
327 1548 472 1624 suscipere
497 1547 634 1616 ordines;
655 1567 712 1606 non
738 1551 805 1606 item
826 1549 947 1617 clericis,
973 1569 1039 1608 nam
1065 1553 1140 1608 inter
1159 1571 1288 1612 canones

94 1645 232 1704 Nicaenos
247 1646 364 1721 legitur:
388 1646 454 1702 “Si
475 1647 539 1719 quis
562 1664 648 1703 ausus
670 1646 753 1704 fuerit
773 1647 896 1719 aliquem
919 1648 968 1720 qui
982 1646 1150 1706 adulterum
1165 1650 1292 1726 pertinet

93 1741 223 1801 ordinare
238 1743 363 1801 insuam
379 1742 550 1809 Ecclesiam,
565 1760 631 1800 cum
654 1762 710 1801 nou
732 1743 834 1800 habeat
854 1762 1026 1803 consensum
1040 1744 1171 1821 episcopi
1196 1747 1292 1822 ipsius

92 1858 109 1897 a
124 1857 182 1912 quo
196 1840 315 1899 recessit
328 1838 466 1897 clericus:
488 1840 565 1897 irrita
578 1839 616 1896 sit
636 1838 801 1917 hujusmodi
815 1839 1002 1899 ordinatio.'’³
1041 1842 1209 1919 Episcopus
1225 1861 1290 1920 pro·

91 1938 171 2014 prius
187 1937 331 1996 dicebatur
345 1937 414 1995 olim
429 1936 477 1996 ille
502 1938 532 1995 in
557 1938 639 2014 cujus
665 1939 782 1996 diocesi
798 1939 862 2012 quis
884 1949 965 1997 natus
990 1949 1044 2007 est,
1059 1939 1108 2013 qui
1131 1939 1289 2017 episcopus

92 2035 222 2115 originis
236 2056 311 2095 nunc
325 2047 448 2095 vocatur.
491 2037 655 2113 Episcopus
672 2036 804 2116 beneficii
817 2038 903 2096 etiam
918 2040 1049 2115 proprius
1060 2057 1135 2096 nunc
1158 2038 1291 2108 habetur,

93 2151 131 2192 ex
145 2152 203 2207 quo
217 2134 326 2192 scilieet
341 2133 477 2192 Clemens
492 2134 545 2191 IV.
561 2132 748 2191 ordinandum
771 2135 903 2210 permisit
922 2134 971 2208 qui
991 2135 1162 2194 beneficium
1177 2136 1209 2194 in
1222 2135 1294 2194 dim·

93 2231 153 2289 cesi
168 2231 265 2302 aliqua
285 2231 430 2288 obtinuit.8
469 2226 668 2289 Domicilium
688 2230 773 2288 ctiam
790 2230 840 2307 jus
861 2231 969 2307 praebct
990 2242 1021 2289 ut
1046 2233 1080 2290 ab
1101 2233 1241 2309 episcopo
1262 2233 1295 2309 in

94 2331 177 2406 cujus
192 2328 311 2386 dioecesi
325 2329 389 2401 quis
402 2338 529 2386 versatur
542 2329 679 2404 suscipiat
692 2328 817 2397 ordines,
827 2330 971 2387 sanciente
986 2329 1063 2388 hunc
1077 2331 1188 2389 titulum
1204 2331 1295 2391 Boni·

93 2425 168 2484 facio
184 2424 281 2482 vl11.⁴
310 2425 351 2482 Ut
363 2424 508 2482 fraudibus
523 2424 634 2482 obviam
651 2426 737 2483 iretur
748 2423 874 2483 decrevit
887 2426 1071 2485 Innocentius
1086 2427 1176 2486 Xll.:
1193 2436 1214 2464 ‘⁴
1225 2428 1295 2487 sub·

93 2519 168 2581 ditus
183 2521 291 2579 ratione
305 2514 442 2578 doinicilii
458 2521 491 2579 ad
507 2520 625 2578 effectus
640 2521 815 2597 suscipiendi
829 2520 953 2590 ordines,
969 2523 993 2580 is
1016 2523 1162 2582 dumtaxat
1175 2542 1295 2583 censea-

92 2628 148 2687 tur,
163 2619 213 2693 qui
227 2618 294 2677 licet
307 2620 372 2678 alibi
398 2630 479 2677 natus
502 2619 596 2686 fuerit,
611 2618 680 2677 illud
704 2631 798 2677 tamen
819 2619 891 2678 adeo
911 2621 1048 2679 stabiliter
1061 2621 1242 2681 constimerit
1262 2623 1294 2687 in
1320 2630 1325 2639 '

93 2714 189 2790 aliquo
201 2716 273 2780 loco,
283 2729 313 2775 ut
322 2716 367 2773 vel
378 2735 427 2792 per
438 2716 607 2774 decennium
618 2715 717 2774 saltem
731 2715 761 2773 in
773 2717 983 2784 cohabitando,
993 2718 1038 2776 vel
1048 2719 1186 2797 majorem
1196 2737 1294 2779 rerum

90 2817 127 2870 'ac
151 2813 289 2872 bonorum
318 2832 433 2870 suorum
457 2827 564 2891 partem
589 2831 655 2870 cum
677 2813 821 2870 instructis
846 2812 954 2871 aedibus
976 2814 1006 2871 in
1027 2814 1123 2873 locum
1142 2813 1291 2890 'ejusmodi

94 2907 298 2976 transferendo,
309 2910 404 2982 ibique
419 2910 536 2986 insuper
549 2927 600 2985 per
609 2908 723 2982 aliquod
733 2907 939 2967 considerabile
951 2919 1064 2986 tempus
1076 2911 1293 2980 commorando,

94 3007 162 3074 satis
177 3027 320 3085 superque
335 3027 417 3067 suum
435 3020 571 3087 perpetuo
583 3009 699 3068 ibidem
705 3008 888 3085 permanendi
900 3010 1026 3069 animum
1042 3010 1296 3085 demonstraverim

93 3117 122 3165 et
137 3107 323 3167 nihilominus
338 3092 454 3167 ulteriris
471 3123 590 3182 utroque
604 3127 671 3165 casu
687 3127 719 3166 se
734 3126 799 3166 vere
814 3120 842 3166 et
856 3106 967 3166 realiter
983 3110 1110 3168 animum
1125 3109 1295 3187 hujusmodi

95 3205 210 3274 habere,
221 3207 406 3283 jurejurando
431 3205 598 3263 affirmet.”⁵
638 3205 795 3282 Regulares
812 3203 961 3264 ordinandi
976 3209 1091 3266 suntab
1106 3208 1248 3286 episcopo
1262 3210 1294 3270 in
1325 3244 1328 3249 .

94 3303 177 3380 cujus
192 3303 311 3362 dioeeesi
338 3303 540 3385 monasterium
564 3314 607 3360 est
633 3303 730 3369 situm,
745 3313 798 3360 nec
819 3313 941 3379 possunt
953 3302 987 3361 ad
1003 3304 1089 3363 alium
1105 3305 1221 3373 remitti,
1237 3305 1297 3364 nisi

96 3403 251 3479 episcopus
266 3401 445 3461 dioecesanus
461 3384 543 3468 absit,
559 3401 603 3459 vel
618 3400 809 3459 ordinationes
825 3420 882 3459 non
896 3402 934 3459 sit
948 3386 1118 3461 hdbiturus.⁰
1158 3402 1296 3464 Viccrius

98 3498 251 3557 Generalis
274 3498 380 3555 litteras
404 3497 608 3556 dimissoriales
633 3496 744 3555 clericis
770 3497 952 3556 secularibus
973 3496 1008 3556 ad
1036 3497 1236 3574 suscipiendos
1259 3501 1297 3559 ab

96 3593 189 3654 alieno
204 3595 341 3671 episcopo
357 3594 471 3653 ordines
486 3613 544 3652 non
559 3593 632 3651 valet
651 3592 818 3661 concedere,
841 3593 895 3651 nisi
911 3593 1042 3670 proprius
1067 3595 1222 3671 episcopus
1244 3596 1295 3656 diu

95 3694 169 3752 absit
193 3693 223 3753 in
246 3694 408 3770 regionibus
433 3693 608 3770 longinquis,
635 3692 679 3749 vel
700 3692 818 3769 speciali
840 3691 971 3750 mandato
987 3692 1059 3750 hanc
1074 3693 1102 3751 ei
1116 3692 1298 3771 delegaverit

95 3791 289 3867 potestatem.⁷
330 3791 393 3849 Nec
409 3790 539 3849 Vinarius
565 3787 750 3866 capitularis,
765 3790 815 3864 qui
836 3790 976 3848 sciliceta
998 3787 1150 3867 Capitale,
1165 3809 1216 3849 seu
1238 3792 1299 3852 col·

130 3988 173 4057 (l)
192 3987 258 4041 Sese.
269 3986 339 4038 xxiii.
349 3986 380 4037 da
391 3985 479 4037 reform
490 4001 511 4036 c.
521 3985 570 4037 riii

130 4081 169 4139 (2)
185 4077 246 4144 Cep.
258 4069 318 4128 xviii

134 4163 177 4231 o)
196 4164 227 4215 ιι
243 4171 330 4226 sexto...

131 4251 172 4318 (4)
190 4250 223 4301 In
233 4258 303 4301 sexto
314 4249 345 4300 de
355 4250 429 4314 temp.
440 4247 520 4299 ordin.

134 4337 176 4403 (b)
197 4334 455 4400 constitutioneque
467 4335 569 4400 incipit:
589 4332 765 4402 Spemlntores,
777 4351 843 4386 anno
857 4337 930 4386 1694.

133 4424 175 4491 (6)
195 4423 259 4475 Vide
271 4423 362 4487 Oongr.
374 4424 399 4472 S.
410 4423 514 4473 Consilii
525 4424 593 4474 Trid.
606 4423 768 4486 Interpretum
779 4439 841 4489 resp.
853 4425 892 4472 15.
905 4423 988 4474 Martii
999 4439 1040 4474 an.
1053 4425 1128 4485 1596,
1139 4419 1206 4488 apud
1218 4423 1302 4475 Drou-

96 4509 181 4561 cuium
189 4509 220 4560 de
230 4527 256 4560 ro
266 4509 348 4568 Suel.
358 4511 408 4560 viii.
418 4527 440 4560 c.
452 4511 486 4560 iit
496 4509 560 4560 Vide
571 4519 596 4560 et
604 4508 733 4567 Benedicti
740 4511 790 4560 xiv.
799 4509 904 4561 Constit.
913 4527 967 4577 qun
976 4510 1075 4576 incipit:
1088 4507 1204 4578 impositi
1213 4510 1299 4570 nobiar

96 4613 140 4651 an.
153 4599 227 4650 tter.
244 4640 246 4644 ,

132 4682 176 4749 (7)
195 4681 257 4751 Cep.
269 4682 342 4734 iiido
359 4682 447 4748 Temp.
460 4682 517 4733 Ord.
529 4683 556 4732 in
568 4683 592 4732 6.
