2798 5092
582 363 806 424 APPENDIX.
1232 370 1290 427 cut

97 522 230 582 Ethuicis
246 522 362 581 codices
377 542 471 583 sacros
486 523 622 600 flagrante
637 526 844 599 persecutione,
859 524 1035 600 proindeque
1050 527 1212 584 asserebant
1226 525 1289 585 Ce-

98 606 231 679 cilianirm
246 620 408 698 legitimum
429 621 598 697 episcopum
613 639 670 679 nou
685 639 760 688 esse,
776 630 873 694 utpote
888 622 938 695 qui
952 642 968 679 a
982 622 1127 681 traditore
1146 622 1290 681 ordinatus

96 718 195 776 suerat.
228 719 417 795 .Majoriuum
443 717 739 794 Pseudo-episcopum
762 719 978 783 constituerunt,
1001 731 1115 777 auctore
1138 718 1252 777 Donato
1275 737 1292 777 a

98 815 181 873 Casis
214 815 335 892 Nigris:
359 816 504 891 Majorino
532 815 681 873 demortuo
703 814 840 872 suffectus
861 825 905 872 est
926 815 1067 883 Donatus,
1089 815 1124 873 ab
1146 815 1196 874 illc
1224 833 1293 875 mox

96 916 243 974 nominato
262 915 404 984 diversus,
420 934 477 989 quo
491 916 748 992 Carthaginensem
763 914 862 973 sedem
876 925 1044 992 occupante,
1060 924 1214 973 sectatores
1228 915 1293 992 ejus

97 1012 162 1072 dicti
185 1025 252 1072 sunt
268 1014 435 1073 Donatista.
475 1001 696 1073 Constantinum
721 1013 922 1089 imperatorem
936 1013 1142 1089 supplicarunt,
1158 1021 1189 1071 ut
1202 1012 1293 1088 assig-

98 1112 169 1170 natis
178 1110 327 1189 judicibus
342 1132 436 1170 rerum
451 1113 596 1170 veritatem
611 1111 787 1187 exploratam
801 1109 940 1176 redderet,
953 1110 1003 1183 qui
1012 1108 1179 1185 respondit:
1203 1118 1223 1145 ‘⁶
1235 1108 1292 1168 Pe-

98 1211 186 1268 titiea
207 1229 254 1268 me
269 1210 298 1268 in
313 1210 418 1269 sacculo
429 1210 581 1288 judicium,
598 1229 664 1269 cum
683 1228 737 1287 ego
748 1212 810 1286 ipse
826 1208 935 1266 Christi
946 1207 1085 1285 judicium
1101 1215 1251 1284 expectem
1261 1207 1291 1277 ;’¹

98 1306 175 1366 dedit
190 1316 285 1365 tamen
296 1319 352 1365 tres
367 1308 520 1384 episcopos
533 1306 655 1383 judices,
668 1325 724 1364 una
739 1323 803 1364 cum
819 1305 982 1364 Melchiade
999 1305 1132 1381 pontifice
1147 1305 1291 1374 Romano,

98 1413 125 1462 et
137 1404 285 1481 episcopis
301 1404 390 1466 Italis.
413 1403 454 1462 Hi
470 1404 499 1461 iu
511 1404 633 1462 concilio
645 1404 875 1471 Romano,annc
890 1406 958 1471 313,
966 1402 1124 1461 Donatistis
1139 1401 1292 1472 damnatis,

99 1499 249 1561 Caeciliani
267 1502 447 1561 vindicarunt
468 1502 671 1561 innocentiam.
714 1500 875 1573 Conquesti
893 1511 959 1561 sunt
980 1499 1137 1559 Donatistis
1152 1518 1213 1558 rem
1232 1518 1293 1560 non

98 1600 164 1658 satis
175 1599 266 1658 fuisse
282 1598 453 1666 discussam,
465 1618 627 1676 paucosque
642 1599 767 1657 adfuisse
782 1600 947 1676 episcopos,
964 1608 1137 1675 quapropter
1151 1597 1294 1657 Constan-

98 1699 171 1757 tinus
185 1697 363 1771 frequsntius
373 1696 527 1756 concilium
538 1696 652 1755 Arelate
664 1699 841 1766 convocavit,
848 1699 930 1774 cujus
938 1696 1049 1774 judicio
1059 1697 1160 1754 iterum
1168 1693 1294 1754 damuati

97 1796 299 1874 imperatorem
313 1796 509 1872 appellarunt:
532 1796 589 1855 “O
604 1797 701 1854 rabida
714 1797 817 1855 furoris
831 1795 948 1855 audacia
958 1795 988 1854 !”
1012 1794 1195 1874 (exclamavit
1202 1796 1295 1872 impe

96 1895 187 1973 rator)
204 1904 224 1931 “
232 1895 314 1955 Sicut
323 1894 352 1952 iu
362 1894 456 1951 causis
466 1893 613 1971 gentilium
624 1894 776 1961 fierisolet,
787 1894 1007 1970 appellationem
1016 1891 1294 1968 interposuerunt.‘’²

96 1990 253 2051 Schismati
267 1991 398 2048 haeresim
411 1990 587 2059 addiderunt,
601 1989 736 2050 docentes
747 1992 920 2068 baptismum
929 2001 1009 2049 extra
1021 1990 1183 2048 Ecclesiam
1197 2007 1292 2048 veram

91 2088 208 2147 nullum
219 2105 295 2155 esse,
307 2096 387 2144 extra
397 2106 482 2160 quam
495 2087 705 2145 constituebant
717 2087 863 2145 traditores
872 2105 1014 2145 sacrarum
1025 2085 1167 2153 codicum,
1177 2104 1293 2144 omues-

89 2202 149 2259 que
163 2185 201 2243 iis
223 2183 426 2243 communione
448 2184 627 2259 conjunctos.
670 2183 749 2242 Hinc
770 2185 933 2242 asserebant
952 2202 986 2242 se
1006 2183 1094 2250 solos,
1109 2183 1240 2255 quamvis
1260 2182 1292 2241 iu

85 2282 200 2343 Africae
214 2291 293 2358 parts
304 2279 451 2338 dumtaxat
458 2282 657 2347 consistentes,
665 2299 730 2339 esse
743 2300 837 2340 veram
847 2281 1020 2340 Ecclesiam.
1042 2279 1183 2339 Faciuura
1194 2297 1292 2353 quam·

84 2379 221 2455 plurima
235 2379 271 2436 ab
285 2378 320 2435 iis
343 2388 449 2454 patrata
469 2378 498 2435 in
514 2377 727 2436 Catholicorum
749 2377 951 2437 contumeliam
971 2387 1000 2436 et
1020 2376 1164 2455 injuriam,
1179 2377 1293 2437 eversio
1317 2382 1320 2387 '

81 2476 207 2535 scilicet
221 2475 362 2542 altarium,
378 2474 624 2532 sacramentorum
646 2476 773 2533 tractatio
794 2474 1003 2552 indignissima,
1018 2474 1186 2533 clericorum
1208 2474 1292 2532 truci·

80 2571 181 2640 datio,
199 2571 312 2645 aliaque
327 2571 464 2629 immania
472 2570 591 2644 scelera,
602 2571 804 2648 imperatorum
816 2581 1006 2648 provocarunt
1014 2572 1104 2639 iram;
1119 2579 1293 2647 quapropter
1372 2640 1375 2653 1

76 2668 306 2732 'Constantinus
320 2688 371 2729 eos
387 2671 487 2747 capitis
503 2689 587 2748 prena
602 2670 767 2730 afficiendos
779 2672 914 2740 decrevit,
926 2673 1045 2730 exilium
1058 2682 1153 2730 tamen
1164 2670 1291 2744 aliasque

78 2769 225 2829 mitiores
239 2786 339 2845 poenas
354 2782 455 2845 postea
469 2768 624 2827 substituit.
667 2769 825 2826 Saevientes
847 2768 1017 2837 Donatistae,
1033 2787 1154 2842 quorum
1176 2767 1292 2843 plurimi

77 2883 156 2927 sese
172 2866 337 2943 precipites
352 2884 368 2923 e
382 2867 500 2942 rupibus
514 2864 662 2931 dederunt,
680 2861 934 2923 Circumcelliones
946 2864 1013 2922 dicti
1033 2876 1109 2922 sunt.
1132 2862 1291 2921 Donatista

78 2982 170 3026 anno
185 2965 246 3021 eut
260 2963 290 3020 iu
305 2960 375 3020 duas
389 2962 585 3020 schismaticas
598 2960 736 3019 factiones
751 2961 889 3019 abierunt.
910 2963 996 3020 Anno
1008 2966 1064 3019 411
1077 2960 1201 3019 Collatio
1218 2960 1291 3018 iuter

79 3062 251 3141 episcopos
267 3056 434 3118 Catholiccs
450 3068 478 3116 et
492 3059 656 3117 Donatistas
678 3055 852 3134 Carthagine
873 3057 968 3116 habita
982 3069 1036 3126 est,
1055 3061 1115 3115 286
1130 3056 1290 3114 Catholicis

80 3158 256 3241 episcopis,
270 3160 325 3215 159
336 3155 495 3215 Donatistis
506 3156 755 3224 convenientibus3
769 3155 895 3215 maximo
906 3174 972 3215 cum
984 3155 1075 3213 fructu
1091 3161 1110 3190 ‘⁴
1123 3153 1204 3210 itaut
1217 3169 1291 3228 pene

79 3276 198 3319 omncs
214 3256 408 3314 communioni
432 3254 589 3314 Catholicae
614 3256 737 3314 sociatos
752 3254 837 3313 esse''
850 3254 953 3314 referat
976 3251 1180 3330 Augustinus.⁸
1219 3251 1292 3310 Post

80 3353 116 3417 id
134 3352 277 3429 temporis
292 3350 437 3410 desierunt
452 3351 613 3410 molestiam
628 3352 773 3420 exhibere,
789 3353 920 3426 quamvis
935 3369 1027 3425 usque
1041 3349 1076 3408 ad
1090 3349 1178 3407 finem
1192 3346 1292 3406 soeculi

81 3453 171 3515 sexti
185 3450 306 3527 vestigia
319 3449 415 3525 aliqua
428 3468 526 3509 eorum
542 3460 734 3528 superessent

131 3551 388 3611 Meuuwonuu
413 3548 539 3607 schisma
565 3549 716 3609 Metellum
738 3548 897 3625 Lycopolis
915 3548 946 3607 iu
966 3545 1099 3624 AEgyptc
1119 3545 1290 3623 episcopum

86 3660 242 3709 auctorem
260 3645 368 3713 habuit,
383 3646 437 3704 sub
463 3645 575 3704 initium
601 3646 699 3704 seculi
713 3646 815 3719 quarti.
857 3644 917 3703 Hic
930 3645 1097 3721 episcopatu
1112 3642 1260 3720 depositus
1275 3662 1292 3699 a

84 3746 123 3807 S.
141 3747 233 3806 Petro
247 3743 443 3803 Alexandrino
468 3744 505 3802 ob
530 3743 728 3813 idololatriam,
754 3745 864 3817 aliaque
877 3744 997 3812 scelera,
1020 3743 1291 3815 ordinationesque

85 3844 128 3905 ad
148 3844 202 3922 jus
220 3841 404 3901 Alexandrini
427 3841 569 3918 Episcopi
587 3842 761 3919 spectabant,
779 3842 833 3899 sibi
848 3841 1006 3918 usurpavit,
1021 3840 1290 3911 schismaticosque,

85 3941 249 4004 celebravit
262 3951 430 4008 conventus,
444 3939 501 3997 fide
517 3952 610 3999 tamen
624 3940 702 3999 nullo
717 3959 793 3999 novo
807 3958 904 4013 errore¹
916 3940 1021 3999 vitiata.

131 4041 214 4101 Inter
228 4037 400 4098 Meletianos
415 4037 588 4111 aliquamdiu
604 4050 730 4096 versatus
742 4053 786 4095 est
799 4041 903 4106 Anius,
917 4056 955 4096 ex
969 4038 1063 4116 Lybia
1077 4035 1224 4101 oriundus,
1240 4034 1290 4107 qui
1351 4046 1352 4050 ’

86 4146 190 4201 temen
205 4137 354 4197 schismati
379 4138 556 4207 renuntians,
582 4159 598 4196 a
618 4139 650 4196 S.
666 4138 753 4196 Petro
766 4136 961 4197 Alexandrino
983 4136 1130 4196 Diaconos
1144 4133 1290 4193 ordinatus

86 4247 156 4296 est.-
171 4235 413 4297 Sancto'autistiti
428 4235 605 4294 anathemate
620 4234 731 4294 ferienti
746 4235 919 4293 Meletianos
931 4234 1043 4301 restitit,
1057 4250 1148 4305 eaque
1160 4230 1195 4288 de
1205 4248 1294 4301 eausa

89 4328 159 4409 ipse
172 4337 209 4396 ab
224 4332 362 4395 Ecclesia
374 4341 418 4389 est
432 4331 551 4409 pulsus;
573 4330 654 4407 cujus
670 4342 765 4389 tamen
779 4349 850 4407 pace
864 4331 967 4390 iterum
982 4328 1113 4396 donatus,
1122 4326 1157 4385 ab
1167 4324 1291 4395 Achilla,

400 4563 453 4629 (1)Ι
462 4562 543 4629 Optat.
556 4561 608 4615 Mil
619 4563 635 4613 l.
647 4562 663 4612 i.
675 4561 921 4613 contrel'arrneuieu.

400 4646 442 4712 (a)
462 4646 491 4699 L.
504 4647 619 4711 degestio
631 4663 688 4698 curn
701 4647 818 4698 Emerita
