<?xml version="1.0" encoding="UTF-8"?>
<!DOCTYPE html PUBLIC "-//W3C//DTD XHTML 1.0 Transitional//EN"
    "http://www.w3.org/TR/xhtml1/DTD/xhtml1-transitional.dtd">
<html xmlns="http://www.w3.org/1999/xhtml" xml:lang="en" lang="en">
 <head>
  <title>
</title>
<meta http-equiv="Content-Type" content="text/html;charset=utf-8" />
  <meta name='ocr-system' content='tesseract 3.04.00' />
  <meta name='ocr-capabilities' content='ocr_page ocr_carea ocr_par ocr_line ocrx_word'/>
</head>
<body>
  <div class='ocr_page' id='page_1' title='image "./theologidogmati02kenrgoog_0218.png"; bbox 0 0 2798 5092; ppageno 0'>
   <div class='ocr_carea' id='block_1_1' title="bbox 475 350 1303 415">
    <p class='ocr_par' dir='ltr' id='par_1_1' title="bbox 475 350 1303 415">
     <span class='ocr_line' id='line_1_1' title="bbox 475 350 1303 415; baseline 0.004 -4"><span class='ocrx_word' id='word_1_1' title='bbox 475 350 533 412; x_wconf 81' lang='lat' dir='ltr'><strong>DE</strong></span> <span class='ocrx_word' id='word_1_2' title='bbox 554 350 742 413; x_wconf 83' lang='lat' dir='ltr'><strong>VIRGlNlS</strong></span> <span class='ocrx_word' id='word_1_3' title='bbox 763 350 922 414; x_wconf 81' lang='lat' dir='ltr'><strong>CULTU.</strong></span> <span class='ocrx_word' id='word_1_4' title='bbox 1243 358 1303 415; x_wconf 69' lang='lat'><strong>215</strong></span> 
     </span>
    </p>
   </div>
   <div class='ocr_carea' id='block_1_2' title="bbox 59 505 1386 4091">
    <p class='ocr_par' dir='ltr' id='par_1_2' title="bbox 108 505 1386 883">
     <span class='ocr_line' id='line_1_2' title="bbox 110 505 1373 590; baseline 0.004 -24"><span class='ocrx_word' id='word_1_5' title='bbox 110 505 232 585; x_wconf 80' lang='lat' dir='ltr'><strong>lleiparae</strong></span> <span class='ocrx_word' id='word_1_6' title='bbox 256 507 387 568; x_wconf 79' lang='lat' dir='ltr'><strong>laudibus</strong></span> <span class='ocrx_word' id='word_1_7' title='bbox 402 507 546 580; x_wconf 74' lang='lat' dir='ltr'>disseruit,</span> <span class='ocrx_word' id='word_1_8' title='bbox 561 511 590 571; x_wconf 89' lang='lat' dir='ltr'><strong>in</strong></span> <span class='ocrx_word' id='word_1_9' title='bbox 606 511 740 570; x_wconf 83' lang='lat' dir='ltr'><strong>Ecclesia</strong></span> <span class='ocrx_word' id='word_1_10' title='bbox 753 512 807 571; x_wconf 90' lang='lat' dir='ltr'><strong>sub</strong></span> <span class='ocrx_word' id='word_1_11' title='bbox 834 513 898 590; x_wconf 86' lang='lat' dir='ltr'><strong>ejus</strong></span> <span class='ocrx_word' id='word_1_12' title='bbox 918 513 1036 572; x_wconf 87' lang='lat' dir='ltr'><strong>nomino</strong></span> <span class='ocrx_word' id='word_1_13' title='bbox 1061 511 1165 582; x_wconf 87' lang='lat' dir='ltr'><strong>dicata,</strong></span> <span class='ocrx_word' id='word_1_14' title='bbox 1179 531 1301 589; x_wconf 86' lang='lat' dir='ltr'><strong>eamque</strong></span> <span class='ocrx_word' id='word_1_15' title='bbox 1367 542 1373 571; x_wconf 57' lang='grc' dir='ltr'><strong>,ι</strong></span> 
     </span>
     <span class='ocr_line' id='line_1_3' title="bbox 109 594 1386 690; baseline 0.006 -26"><span class='ocrx_word' id='word_1_16' title='bbox 109 608 226 665; x_wconf 74' lang='lat' dir='ltr'><strong>vocarit:</strong></span> <span class='ocrx_word' id='word_1_17' title='bbox 253 609 523 685; x_wconf 84' lang='lat' dir='ltr'><strong>“pretiosissimum</strong></span> <span class='ocrx_word' id='word_1_18' title='bbox 553 610 639 669; x_wconf 86' lang='lat' dir='ltr'><strong>totius</strong></span> <span class='ocrx_word' id='word_1_19' title='bbox 665 611 741 668; x_wconf 93' lang='lat' dir='ltr'><strong>orbis</strong></span> <span class='ocrx_word' id='word_1_20' title='bbox 763 610 880 679; x_wconf 88' lang='lat' dir='ltr'><strong>monile,</strong></span> <span class='ocrx_word' id='word_1_21' title='bbox 902 611 1064 670; x_wconf 80' lang='lat' dir='ltr'><strong>columbam</strong></span> <span class='ocrx_word' id='word_1_22' title='bbox 1091 612 1300 690; x_wconf 78' lang='lat' dir='ltr'>incorruptam,</span> <span class='ocrx_word' id='word_1_23' title='bbox 1350 594 1386 683; x_wconf 47' lang='grc' dir='ltr'><em>Γ</em></span> 
     </span>
     <span class='ocr_line' id='line_1_4' title="bbox 108 704 1376 789; baseline 0.005 -24"><span class='ocrx_word' id='word_1_24' title='bbox 108 704 259 783; x_wconf 78' lang='lat' dir='ltr'>lampadem</span> <span class='ocrx_word' id='word_1_25' title='bbox 275 707 533 785; x_wconf 81' lang='lat' dir='ltr'><strong>inextinguibilem.</strong></span> <span class='ocrx_word' id='word_1_26' title='bbox 560 727 598 767; x_wconf 84' lang='lat' dir='ltr'><strong>ex</strong></span> <span class='ocrx_word' id='word_1_27' title='bbox 619 727 675 782; x_wconf 90' lang='lat' dir='ltr'><strong>qua</strong></span> <span class='ocrx_word' id='word_1_28' title='bbox 695 720 777 767; x_wconf 88' lang='lat' dir='ltr'><strong>natus</strong></span> <span class='ocrx_word' id='word_1_29' title='bbox 792 718 836 767; x_wconf 87' lang='lat' dir='ltr'><strong>est</strong></span> <span class='ocrx_word' id='word_1_30' title='bbox 849 707 892 768; x_wconf 92' lang='lat' dir='ltr'><strong>sol</strong></span> <span class='ocrx_word' id='word_1_31' title='bbox 909 709 1040 786; x_wconf 79' lang='lat' dir='ltr'><strong>justitia,</strong></span> <span class='ocrx_word' id='word_1_32' title='bbox 1054 711 1149 772; x_wconf 92' lang='lat' dir='ltr'><strong>locum</strong></span> <span class='ocrx_word' id='word_1_33' title='bbox 1165 712 1228 789; x_wconf 84' lang='lat' dir='ltr'><strong>ejus</strong></span> <span class='ocrx_word' id='word_1_34' title='bbox 1250 713 1301 787; x_wconf 91' lang='lat' dir='ltr'><strong>qui</strong></span> <span class='ocrx_word' id='word_1_35' title='bbox 1369 716 1376 737; x_wconf 87' lang='grc'><strong>”</strong></span> 
     </span>
     <span class='ocr_line' id='line_1_5' title="bbox 109 803 1347 883; baseline 0.002 -22"><span class='ocrx_word' id='word_1_36' title='bbox 109 803 229 862; x_wconf 88' lang='lat' dir='ltr'><strong>loconon</strong></span> <span class='ocrx_word' id='word_1_37' title='bbox 244 804 364 881; x_wconf 88' lang='lat' dir='ltr'><strong>capitur,</strong></span> <span class='ocrx_word' id='word_1_38' title='bbox 379 823 531 882; x_wconf 91' lang='lat' dir='ltr'><strong>perquam</strong></span> <span class='ocrx_word' id='word_1_39' title='bbox 547 804 672 864; x_wconf 85' lang='lat' dir='ltr'><strong>salvatur</strong></span> <span class='ocrx_word' id='word_1_40' title='bbox 685 805 780 864; x_wconf 89' lang='lat' dir='ltr'><strong>omnis</strong></span> <span class='ocrx_word' id='word_1_41' title='bbox 795 806 912 883; x_wconf 88' lang='lat' dir='ltr'><strong>spiritus</strong></span> <span class='ocrx_word' id='word_1_42' title='bbox 924 804 1067 864; x_wconf 83' lang='lat' dir='ltr'><strong>fidelis.”¹</strong></span> <span class='ocrx_word' id='word_1_43' title='bbox 1344 870 1347 877; x_wconf 60' lang='grc'>,</span> 
     </span>
    </p>

    <p class='ocr_par' dir='ltr' id='par_1_3' title="bbox 109 900 1374 1368">
     <span class='ocr_line' id='line_1_6' title="bbox 138 900 1298 980; baseline 0.006 -23"><span class='ocrx_word' id='word_1_44' title='bbox 138 902 184 957; x_wconf 84' lang='grc'><strong>94.</strong></span> <span class='ocrx_word' id='word_1_45' title='bbox 207 900 240 957; x_wconf 85' lang='lat' dir='ltr'><strong>S.</strong></span> <span class='ocrx_word' id='word_1_46' title='bbox 267 901 414 970; x_wconf 82' lang='lat' dir='ltr'><strong>Pnoouus,</strong></span> <span class='ocrx_word' id='word_1_47' title='bbox 439 903 594 980; x_wconf 88' lang='lat' dir='ltr'><strong>episcopus</strong></span> <span class='ocrx_word' id='word_1_48' title='bbox 621 900 801 979; x_wconf 78' lang='lat' dir='ltr'><strong>Cyzicenus,</strong></span> <span class='ocrx_word' id='word_1_49' title='bbox 830 901 1082 980; x_wconf 76' lang='lat' dir='ltr'><strong>Constantinopoli</strong></span> <span class='ocrx_word' id='word_1_50' title='bbox 1112 905 1298 974; x_wconf 89' lang='lat' dir='ltr'><strong>concionans,</strong></span> 
     </span>
     <span class='ocr_line' id='line_1_7' title="bbox 109 993 1374 1078; baseline 0.006 -26"><span class='ocrx_word' id='word_1_51' title='bbox 109 993 188 1053; x_wconf 85' lang='lat' dir='ltr'><strong>dixit:</strong></span> <span class='ocrx_word' id='word_1_52' title='bbox 203 1004 232 1077; x_wconf 23' lang='lat'><strong>‘⁸‘</strong></span> <span class='ocrx_word' id='word_1_53' title='bbox 246 997 335 1055; x_wconf 79' lang='lat' dir='ltr'><strong>Sacra</strong></span> <span class='ocrx_word' id='word_1_54' title='bbox 349 996 474 1074; x_wconf 91' lang='lat' dir='ltr'><strong>Deipara</strong></span> <span class='ocrx_word' id='word_1_55' title='bbox 488 999 583 1057; x_wconf 88' lang='lat' dir='ltr'><strong>Maria</strong></span> <span class='ocrx_word' id='word_1_56' title='bbox 595 998 625 1056; x_wconf 93' lang='lat' dir='ltr'><strong>iu</strong></span> <span class='ocrx_word' id='word_1_57' title='bbox 642 1016 730 1057; x_wconf 89' lang='lat' dir='ltr'><strong>unum</strong></span> <span class='ocrx_word' id='word_1_58' title='bbox 744 1017 798 1056; x_wconf 89' lang='lat' dir='ltr'><strong>nos</strong></span> <span class='ocrx_word' id='word_1_59' title='bbox 812 999 899 1075; x_wconf 83' lang='lat' dir='ltr'><strong>cogit.</strong></span> <span class='ocrx_word' id='word_1_60' title='bbox 941 998 1015 1057; x_wconf 85' lang='lat' dir='ltr'><strong>Haec</strong></span> <span class='ocrx_word' id='word_1_61' title='bbox 1035 999 1150 1057; x_wconf 81' lang='lat' dir='ltr'><strong>illibata</strong></span> <span class='ocrx_word' id='word_1_62' title='bbox 1178 1000 1299 1078; x_wconf 88' lang='lat' dir='ltr'><strong>virginis</strong></span> <span class='ocrx_word' id='word_1_63' title='bbox 1366 1046 1374 1073; x_wconf 68' lang='lat'><strong>,</strong></span> 
     </span>
     <span class='ocr_line' id='line_1_8' title="bbox 110 1093 1300 1173; baseline 0.005 -22"><span class='ocrx_word' id='word_1_64' title='bbox 110 1110 185 1169; x_wconf 87' lang='lat' dir='ltr'><strong>purus</strong></span> <span class='ocrx_word' id='word_1_65' title='bbox 205 1093 255 1152; x_wconf 92' lang='lat' dir='ltr'><strong>ille</strong></span> <span class='ocrx_word' id='word_1_66' title='bbox 285 1093 434 1153; x_wconf 89' lang='lat' dir='ltr'><strong>thesaurus</strong></span> <span class='ocrx_word' id='word_1_67' title='bbox 455 1094 636 1169; x_wconf 86' lang='lat' dir='ltr'><strong>decusque.’&#39;</strong></span> <span class='ocrx_word' id='word_1_68' title='bbox 678 1095 719 1155; x_wconf 88' lang='lat' dir='ltr'><strong>Et</strong></span> <span class='ocrx_word' id='word_1_69' title='bbox 742 1095 830 1153; x_wconf 84' lang='lat' dir='ltr'><strong>alias:</strong></span> <span class='ocrx_word' id='word_1_70' title='bbox 854 1104 873 1132; x_wconf 77' lang='lat'><strong>‘⁴</strong></span> <span class='ocrx_word' id='word_1_71' title='bbox 886 1095 1069 1173; x_wconf 84' lang='lat' dir='ltr'><strong>Quapropter</strong></span> <span class='ocrx_word' id='word_1_72' title='bbox 1089 1094 1221 1157; x_wconf 87' lang='lat' dir='ltr'><strong>dicamus</strong></span> <span class='ocrx_word' id='word_1_73' title='bbox 1252 1099 1300 1157; x_wconf 87' lang='lat' dir='ltr'><strong>ei:</strong></span> 
     </span>
     <span class='ocr_line' id='line_1_9' title="bbox 112 1187 1304 1266; baseline 0.005 -18"><span class='ocrx_word' id='word_1_74' title='bbox 112 1187 263 1250; x_wconf 80' lang='lat' dir='ltr'><strong>Benedicta</strong></span> <span class='ocrx_word' id='word_1_75' title='bbox 278 1198 312 1250; x_wconf 84' lang='lat' dir='ltr'><strong>tu</strong></span> <span class='ocrx_word' id='word_1_76' title='bbox 325 1191 359 1250; x_wconf 84' lang='lat' dir='ltr'><strong>in</strong></span> <span class='ocrx_word' id='word_1_77' title='bbox 372 1190 549 1251; x_wconf 81' lang='lat' dir='ltr'><strong>mulieribus</strong></span> <span class='ocrx_word' id='word_1_78' title='bbox 564 1211 629 1266; x_wconf 82' lang='lat' dir='ltr'><strong>quae</strong></span> <span class='ocrx_word' id='word_1_79' title='bbox 642 1193 705 1251; x_wconf 90' lang='lat' dir='ltr'><strong>sola</strong></span> <span class='ocrx_word' id='word_1_80' title='bbox 719 1192 791 1251; x_wconf 83' lang='lat' dir='ltr'><strong>Erre</strong></span> <span class='ocrx_word' id='word_1_81' title='bbox 805 1193 894 1252; x_wconf 90' lang='lat' dir='ltr'><strong>errori</strong></span> <span class='ocrx_word' id='word_1_82' title='bbox 915 1193 1056 1253; x_wconf 88' lang='lat' dir='ltr'><strong>medelam</strong></span> <span class='ocrx_word' id='word_1_83' title='bbox 1078 1194 1196 1253; x_wconf 77' lang='lat' dir='ltr'><strong>attulisti</strong></span> <span class='ocrx_word' id='word_1_84' title='bbox 1210 1214 1218 1262; x_wconf 74' lang='grc' dir='ltr'><strong>ς</strong></span> <span class='ocrx_word' id='word_1_85' title='bbox 1242 1195 1304 1254; x_wconf 89' lang='lat' dir='ltr'><strong>sola</strong></span> 
     </span>
     <span class='ocr_line' id='line_1_10' title="bbox 115 1286 731 1368; baseline 0.003 -22"><span class='ocrx_word' id='word_1_86' title='bbox 115 1286 329 1365; x_wconf 88' lang='lat' dir='ltr'><strong>ingemescentis</strong></span> <span class='ocrx_word' id='word_1_87' title='bbox 343 1290 509 1348; x_wconf 84' lang='lat' dir='ltr'><strong>abstersreri</strong></span> <span class='ocrx_word' id='word_1_88' title='bbox 526 1289 731 1368; x_wconf 58' lang='lat' dir='ltr'><strong>lacrymam</strong></span> 
     </span>
    </p>

    <p class='ocr_par' dir='ltr' id='par_1_4' title="bbox 143 1386 1302 1466">
     <span class='ocr_line' id='line_1_11' title="bbox 143 1386 1302 1466; baseline 0.007 -24"><span class='ocrx_word' id='word_1_89' title='bbox 143 1387 188 1444; x_wconf 80' lang='grc'><strong>95.</strong></span> <span class='ocrx_word' id='word_1_90' title='bbox 203 1386 345 1446; x_wconf 80' lang='lat' dir='ltr'><strong>Bssmrus</strong></span> <span class='ocrx_word' id='word_1_91' title='bbox 356 1387 575 1447; x_wconf 81' lang='lat' dir='ltr'><strong>Senuocmusrs</strong></span> <span class='ocrx_word' id='word_1_92' title='bbox 587 1391 753 1466; x_wconf 89' lang='lat' dir='ltr'><strong>episcopus,</strong></span> <span class='ocrx_word' id='word_1_93' title='bbox 763 1388 858 1448; x_wconf 90' lang='lat' dir='ltr'><strong>medio</strong></span> <span class='ocrx_word' id='word_1_94' title='bbox 874 1389 973 1463; x_wconf 91' lang='lat' dir='ltr'><strong>quinto</strong></span> <span class='ocrx_word' id='word_1_95' title='bbox 988 1386 1106 1456; x_wconf 76' lang='lat' dir='ltr'><strong>seculo,</strong></span> <span class='ocrx_word' id='word_1_96' title='bbox 1116 1388 1159 1447; x_wconf 81' lang='lat' dir='ltr'><strong>sic</strong></span> <span class='ocrx_word' id='word_1_97' title='bbox 1177 1388 1302 1451; x_wconf 88' lang='lat' dir='ltr'><strong>Mariam</strong></span> 
     </span>
    </p>

    <p class='ocr_par' dir='ltr' id='par_1_5' title="bbox 116 1483 1337 2051">
     <span class='ocr_line' id='line_1_12' title="bbox 116 1483 1304 1564; baseline 0.006 -23"><span class='ocrx_word' id='word_1_98' title='bbox 116 1483 270 1558; x_wconf 74' lang='lat' dir='ltr'><strong>alloquiturz</strong></span> <span class='ocrx_word' id='word_1_99' title='bbox 294 1486 387 1544; x_wconf 83' lang='lat' dir='ltr'><strong>“Ave</strong></span> <span class='ocrx_word' id='word_1_100' title='bbox 412 1486 503 1563; x_wconf 88' lang='lat' dir='ltr'><strong>gratia</strong></span> <span class='ocrx_word' id='word_1_101' title='bbox 528 1486 624 1564; x_wconf 87' lang='lat' dir='ltr'><strong>plena,</strong></span> <span class='ocrx_word' id='word_1_102' title='bbox 649 1488 785 1545; x_wconf 89' lang='lat' dir='ltr'><strong>castitatis</strong></span> <span class='ocrx_word' id='word_1_103' title='bbox 812 1485 1015 1545; x_wconf 89' lang='lat' dir='ltr'><strong>florentissime</strong></span> <span class='ocrx_word' id='word_1_104' title='bbox 1040 1485 1183 1564; x_wconf 87' lang='lat' dir='ltr'><strong>paradise,</strong></span> <span class='ocrx_word' id='word_1_105' title='bbox 1198 1488 1230 1546; x_wconf 92' lang='lat' dir='ltr'><strong>in</strong></span> <span class='ocrx_word' id='word_1_106' title='bbox 1245 1507 1304 1562; x_wconf 91' lang='lat' dir='ltr'><strong>quo</strong></span> 
     </span>
     <span class='ocr_line' id='line_1_13' title="bbox 116 1580 1304 1662; baseline 0.006 -23"><span class='ocrx_word' id='word_1_107' title='bbox 116 1580 210 1660; x_wconf 86' lang='lat' dir='ltr'><strong>lignum</strong></span> <span class='ocrx_word' id='word_1_108' title='bbox 224 1585 292 1642; x_wconf 81' lang='lat' dir='ltr'><strong>vitae</strong></span> <span class='ocrx_word' id='word_1_109' title='bbox 307 1583 475 1661; x_wconf 89' lang='lat' dir='ltr'><strong>plantatum,</strong></span> <span class='ocrx_word' id='word_1_110' title='bbox 491 1584 599 1644; x_wconf 89' lang='lat' dir='ltr'><strong>fructus</strong></span> <span class='ocrx_word' id='word_1_111' title='bbox 613 1584 713 1644; x_wconf 88' lang='lat' dir='ltr'><strong>salutis</strong></span> <span class='ocrx_word' id='word_1_112' title='bbox 735 1585 875 1644; x_wconf 85' lang='lat' dir='ltr'><strong>universis</strong></span> <span class='ocrx_word' id='word_1_113' title='bbox 901 1585 1059 1662; x_wconf 87' lang='lat' dir='ltr'><strong>producet:</strong></span> <span class='ocrx_word' id='word_1_114' title='bbox 1082 1603 1119 1644; x_wconf 88' lang='lat' dir='ltr'><strong>ex</strong></span> <span class='ocrx_word' id='word_1_115' title='bbox 1134 1604 1191 1659; x_wconf 92' lang='lat' dir='ltr'><strong>quo</strong></span> <span class='ocrx_word' id='word_1_116' title='bbox 1206 1585 1304 1646; x_wconf 83' lang='lat' dir='ltr'><strong>Evan-</strong></span> 
     </span>
     <span class='ocr_line' id='line_1_14' title="bbox 118 1679 1301 1756; baseline 0.003 -19"><span class='ocrx_word' id='word_1_117' title='bbox 118 1679 239 1756; x_wconf 83' lang='lat' dir='ltr'><strong>geliornm</strong></span> <span class='ocrx_word' id='word_1_118' title='bbox 254 1690 391 1755; x_wconf 91' lang='lat' dir='ltr'><strong>quaterno</strong></span> <span class='ocrx_word' id='word_1_119' title='bbox 406 1681 488 1740; x_wconf 88' lang='lat' dir='ltr'><strong>initio</strong></span> <span class='ocrx_word' id='word_1_120' title='bbox 509 1681 585 1751; x_wconf 83' lang='lat' dir='ltr'><strong>fons,</strong></span> <span class='ocrx_word' id='word_1_121' title='bbox 611 1683 826 1741; x_wconf 85' lang='lat' dir='ltr'><strong>miserationum</strong></span> <span class='ocrx_word' id='word_1_122' title='bbox 841 1682 961 1742; x_wconf 91' lang='lat' dir='ltr'><strong>flumina</strong></span> <span class='ocrx_word' id='word_1_123' title='bbox 975 1682 1155 1741; x_wconf 84' lang='lat' dir='ltr'><strong>credentibus</strong></span> <span class='ocrx_word' id='word_1_124' title='bbox 1170 1682 1301 1742; x_wconf 87' lang='lat' dir='ltr'><strong>deducet.</strong></span> 
     </span>
     <span class='ocr_line' id='line_1_15' title="bbox 119 1776 1337 1856; baseline 0.003 -22"><span class='ocrx_word' id='word_1_125' title='bbox 119 1777 166 1835; x_wconf 79' lang='lat' dir='ltr'><strong>Are</strong></span> <span class='ocrx_word' id='word_1_126' title='bbox 178 1777 267 1854; x_wconf 87' lang='lat' dir='ltr'><strong>gratia</strong></span> <span class='ocrx_word' id='word_1_127' title='bbox 284 1777 379 1854; x_wconf 90' lang='lat' dir='ltr'><strong>plena,</strong></span> <span class='ocrx_word' id='word_1_128' title='bbox 395 1776 451 1836; x_wconf 92' lang='lat' dir='ltr'><strong>Dei</strong></span> <span class='ocrx_word' id='word_1_129' title='bbox 466 1797 499 1836; x_wconf 91' lang='lat' dir='ltr'><strong>ac</strong></span> <span class='ocrx_word' id='word_1_130' title='bbox 513 1777 663 1838; x_wconf 90' lang='lat' dir='ltr'><strong>hominum</strong></span> <span class='ocrx_word' id='word_1_131' title='bbox 677 1778 840 1846; x_wconf 84' lang='lat' dir='ltr'><strong>mediatrix,</strong></span> <span class='ocrx_word' id='word_1_132' title='bbox 855 1797 914 1853; x_wconf 92' lang='lat' dir='ltr'><strong>quo</strong></span> <span class='ocrx_word' id='word_1_133' title='bbox 938 1778 1034 1838; x_wconf 90' lang='lat' dir='ltr'><strong>medio</strong></span> <span class='ocrx_word' id='word_1_134' title='bbox 1056 1781 1162 1856; x_wconf 87' lang='lat' dir='ltr'><strong>pariete</strong></span> <span class='ocrx_word' id='word_1_135' title='bbox 1178 1779 1303 1838; x_wconf 90' lang='lat' dir='ltr'><strong>inimici·</strong></span> <span class='ocrx_word' id='word_1_136' title='bbox 1327 1780 1337 1789; x_wconf 74' lang='grc'><strong>“</strong></span> 
     </span>
     <span class='ocr_line' id='line_1_16' title="bbox 120 1872 1302 1952; baseline 0.003 -22"><span class='ocrx_word' id='word_1_137' title='bbox 120 1872 202 1933; x_wconf 85' lang='lat' dir='ltr'><strong>tiaram</strong></span> <span class='ocrx_word' id='word_1_138' title='bbox 217 1874 339 1938; x_wconf 84' lang='lat' dir='ltr'><strong>sublato.</strong></span> <span class='ocrx_word' id='word_1_139' title='bbox 354 1874 515 1933; x_wconf 70' lang='lat' dir='ltr'><strong>caelestibus</strong></span> <span class='ocrx_word' id='word_1_140' title='bbox 536 1883 645 1933; x_wconf 88' lang='lat' dir='ltr'><strong>terrena</strong></span> <span class='ocrx_word' id='word_1_141' title='bbox 659 1886 770 1943; x_wconf 88' lang='lat' dir='ltr'><strong>coeant,</strong></span> <span class='ocrx_word' id='word_1_142' title='bbox 786 1895 819 1933; x_wconf 92' lang='lat' dir='ltr'><strong>ac</strong></span> <span class='ocrx_word' id='word_1_143' title='bbox 833 1876 975 1934; x_wconf 90' lang='lat' dir='ltr'><strong>uniantur.</strong></span> <span class='ocrx_word' id='word_1_144' title='bbox 1018 1876 1091 1942; x_wconf 84' lang='lat' dir='ltr'><strong>Quis</strong></span> <span class='ocrx_word' id='word_1_145' title='bbox 1110 1894 1179 1952; x_wconf 90' lang='lat' dir='ltr'><strong>ergo</strong></span> <span class='ocrx_word' id='word_1_146' title='bbox 1201 1875 1302 1952; x_wconf 91' lang='lat' dir='ltr'><strong>ingen·</strong></span> 
     </span>
     <span class='ocr_line' id='line_1_17' title="bbox 121 1973 1297 2051; baseline 0.002 -22"><span class='ocrx_word' id='word_1_147' title='bbox 121 1980 163 2031; x_wconf 85' lang='lat' dir='ltr'><strong>tem</strong></span> <span class='ocrx_word' id='word_1_148' title='bbox 188 1974 244 2032; x_wconf 92' lang='lat' dir='ltr'><strong>Dei</strong></span> <span class='ocrx_word' id='word_1_149' title='bbox 271 1973 417 2051; x_wconf 82' lang='lat' dir='ltr'><strong>genitricis</strong></span> <span class='ocrx_word' id='word_1_150' title='bbox 448 1974 604 2050; x_wconf 88' lang='lat' dir='ltr'><strong>potentiam</strong></span> <span class='ocrx_word' id='word_1_151' title='bbox 632 1992 691 2032; x_wconf 90' lang='lat' dir='ltr'><strong>non</strong></span> <span class='ocrx_word' id='word_1_152' title='bbox 719 1973 859 2032; x_wconf 78' lang='lat' dir='ltr'><strong>miraturi</strong></span> <span class='ocrx_word' id='word_1_153' title='bbox 900 1974 1051 2046; x_wconf 84' lang='lat' dir='ltr'><strong>Quamque</strong></span> <span class='ocrx_word' id='word_1_154' title='bbox 1076 1974 1125 2031; x_wconf 91' lang='lat' dir='ltr'><strong>illa</strong></span> <span class='ocrx_word' id='word_1_155' title='bbox 1152 1973 1297 2032; x_wconf 85' lang='lat' dir='ltr'><strong>universis</strong></span> 
     </span>
    </p>

    <p class='ocr_par' dir='ltr' id='par_1_6' title="bbox 59 2069 1305 2146">
     <span class='ocr_line' id='line_1_18' title="bbox 59 2069 1305 2146; baseline -0.002 -16"><span class='ocrx_word' id='word_1_156' title='bbox 59 2128 61 2139; x_wconf 87' lang='grc'>,</span> <span class='ocrx_word' id='word_1_157' title='bbox 121 2072 217 2139; x_wconf 78' lang='lat' dir='ltr'><strong>auctis,</strong></span> <span class='ocrx_word' id='word_1_158' title='bbox 243 2072 269 2129; x_wconf 92' lang='lat' dir='ltr'><strong>si</strong></span> <span class='ocrx_word' id='word_1_159' title='bbox 294 2072 397 2146; x_wconf 89' lang='lat' dir='ltr'><strong>quibus</strong></span> <span class='ocrx_word' id='word_1_160' title='bbox 421 2071 559 2130; x_wconf 88' lang='lat' dir='ltr'><strong>bonorem</strong></span> <span class='ocrx_word' id='word_1_161' title='bbox 580 2072 730 2138; x_wconf 87' lang='lat' dir='ltr'><strong>habemus,</strong></span> <span class='ocrx_word' id='word_1_162' title='bbox 752 2071 896 2129; x_wconf 68' lang='lat' dir='ltr'><strong>emineat?</strong></span> <span class='ocrx_word' id='word_1_163' title='bbox 938 2070 1088 2143; x_wconf 86' lang='lat' dir='ltr'><strong>Siquidem</strong></span> <span class='ocrx_word' id='word_1_164' title='bbox 1117 2070 1194 2129; x_wconf 89' lang='lat' dir='ltr'><strong>enim</strong></span> <span class='ocrx_word' id='word_1_165' title='bbox 1225 2069 1305 2128; x_wconf 91' lang='lat' dir='ltr'><strong>Deus</strong></span> 
     </span>
    </p>

    <p class='ocr_par' dir='ltr' id='par_1_7' title="bbox 59 2146 1299 2442">
     <span class='ocr_line' id='line_1_19' title="bbox 59 2146 1299 2246; baseline -0.001 -21"><span class='ocrx_word' id='word_1_166' title='bbox 59 2146 62 2225; x_wconf 88' lang='lat' dir='ltr'><strong>l</strong></span> <span class='ocrx_word' id='word_1_167' title='bbox 121 2173 207 2228; x_wconf 81' lang='lat' dir='ltr'><strong>auam</strong></span> <span class='ocrx_word' id='word_1_168' title='bbox 220 2168 312 2228; x_wconf 85' lang='lat' dir='ltr'><strong>servis</strong></span> <span class='ocrx_word' id='word_1_169' title='bbox 327 2169 487 2244; x_wconf 88' lang='lat' dir='ltr'><strong>impertitus</strong></span> <span class='ocrx_word' id='word_1_170' title='bbox 512 2180 556 2227; x_wconf 89' lang='lat' dir='ltr'><strong>est</strong></span> <span class='ocrx_word' id='word_1_171' title='bbox 576 2169 706 2246; x_wconf 85' lang='lat' dir='ltr'><strong>gratiam,</strong></span> <span class='ocrx_word' id='word_1_172' title='bbox 720 2179 752 2229; x_wconf 89' lang='lat' dir='ltr'><strong>ut</strong></span> <span class='ocrx_word' id='word_1_173' title='bbox 772 2186 829 2226; x_wconf 90' lang='lat' dir='ltr'><strong>non</strong></span> <span class='ocrx_word' id='word_1_174' title='bbox 851 2166 944 2226; x_wconf 87' lang='lat' dir='ltr'><strong>solum</strong></span> <span class='ocrx_word' id='word_1_175' title='bbox 960 2178 1035 2226; x_wconf 88' lang='lat' dir='ltr'><strong>tactu</strong></span> <span class='ocrx_word' id='word_1_176' title='bbox 1050 2186 1141 2244; x_wconf 85' lang='lat' dir='ltr'><strong>aegros</strong></span> <span class='ocrx_word' id='word_1_177' title='bbox 1156 2181 1299 2234; x_wconf 85' lang='lat' dir='ltr'><strong>sanarent,</strong></span> 
     </span>
     <span class='ocr_line' id='line_1_20' title="bbox 122 2263 1299 2344; baseline -0.001 -20"><span class='ocrx_word' id='word_1_178' title='bbox 122 2265 158 2324; x_wconf 82' lang='lat' dir='ltr'><strong>sel</strong></span> <span class='ocrx_word' id='word_1_179' title='bbox 170 2276 197 2325; x_wconf 87' lang='lat' dir='ltr'><strong>et</strong></span> <span class='ocrx_word' id='word_1_180' title='bbox 208 2267 318 2326; x_wconf 77' lang='lat' dir='ltr'><strong>umbre</strong></span> <span class='ocrx_word' id='word_1_181' title='bbox 332 2266 424 2344; x_wconf 91' lang='lat' dir='ltr'><strong>ipsius</strong></span> <span class='ocrx_word' id='word_1_182' title='bbox 439 2267 566 2344; x_wconf 87' lang='lat' dir='ltr'><strong>projectu</strong></span> <span class='ocrx_word' id='word_1_183' title='bbox 588 2265 664 2326; x_wconf 91' lang='lat' dir='ltr'><strong>idern</strong></span> <span class='ocrx_word' id='word_1_184' title='bbox 686 2274 872 2343; x_wconf 77' lang='lat' dir='ltr'><strong>prestarent:</strong></span> <span class='ocrx_word' id='word_1_185' title='bbox 895 2274 1029 2339; x_wconf 84' lang='lat' dir='ltr'><strong>quantam</strong></span> <span class='ocrx_word' id='word_1_186' title='bbox 1052 2263 1193 2342; x_wconf 90' lang='lat' dir='ltr'><strong>putandus</strong></span> <span class='ocrx_word' id='word_1_187' title='bbox 1210 2265 1299 2325; x_wconf 84' lang='lat' dir='ltr'><strong>Matri</strong></span> 
     </span>
     <span class='ocr_line' id='line_1_21' title="bbox 121 2363 1297 2442; baseline 0 -19"><span class='ocrx_word' id='word_1_188' title='bbox 121 2366 282 2423; x_wconf 76' lang='lat' dir='ltr'><strong>concessisse</strong></span> <span class='ocrx_word' id='word_1_189' title='bbox 302 2365 456 2423; x_wconf 63' lang='lat' dir='ltr'><strong>virtutem?</strong></span> <span class='ocrx_word' id='word_1_190' title='bbox 497 2367 544 2424; x_wconf 84' lang='lat' dir='ltr'><strong>An</strong></span> <span class='ocrx_word' id='word_1_191' title='bbox 568 2383 626 2424; x_wconf 89' lang='lat' dir='ltr'><strong>non</strong></span> <span class='ocrx_word' id='word_1_192' title='bbox 642 2365 733 2423; x_wconf 84' lang='lat' dir='ltr'><strong>multo</strong></span> <span class='ocrx_word' id='word_1_193' title='bbox 747 2383 805 2442; x_wconf 83' lang='lat' dir='ltr'><strong>prae</strong></span> <span class='ocrx_word' id='word_1_194' title='bbox 819 2363 941 2423; x_wconf 90' lang='lat' dir='ltr'><strong>subditis</strong></span> <span class='ocrx_word' id='word_1_195' title='bbox 957 2363 1094 2441; x_wconf 90' lang='lat' dir='ltr'><strong>majorem</strong></span> <span class='ocrx_word' id='word_1_196' title='bbox 1106 2364 1131 2421; x_wconf 83' lang='lat' dir='ltr'><strong>l·</strong></span> <span class='ocrx_word' id='word_1_197' title='bbox 1159 2364 1249 2424; x_wconf 87' lang='lat' dir='ltr'><strong>Plane</strong></span> <span class='ocrx_word' id='word_1_198' title='bbox 1265 2365 1297 2423; x_wconf 92' lang='lat' dir='ltr'><strong>li·</strong></span> 
     </span>
    </p>

    <p class='ocr_par' dir='ltr' id='par_1_8' title="bbox 59 2461 217 2539">
     <span class='ocr_line' id='line_1_22' title="bbox 59 2461 217 2539; baseline 0.006 -19"><span class='ocrx_word' id='word_1_199' title='bbox 59 2522 62 2539; x_wconf 48' lang='lat'><strong>,</strong></span> <span class='ocrx_word' id='word_1_200' title='bbox 120 2461 217 2534; x_wconf 79' lang='lat' dir='ltr'><strong>qast.’&#39;⁸</strong></span> 
     </span>
    </p>

    <p class='ocr_par' dir='ltr' id='par_1_9' title="bbox 59 2544 1307 3204">
     <span class='ocr_line' id='line_1_23' title="bbox 59 2544 1304 2636; baseline 0.002 -19"><span class='ocrx_word' id='word_1_201' title='bbox 59 2544 61 2561; x_wconf 67' lang='lat'><strong>¹</strong></span> <span class='ocrx_word' id='word_1_202' title='bbox 147 2562 191 2617; x_wconf 80' lang='grc'><strong>99.</strong></span> <span class='ocrx_word' id='word_1_203' title='bbox 215 2560 248 2617; x_wconf 81' lang='lat' dir='ltr'><strong>S.</strong></span> <span class='ocrx_word' id='word_1_204' title='bbox 277 2560 477 2628; x_wconf 79' lang='lat' dir='ltr'><strong>Anasassrus,</strong></span> <span class='ocrx_word' id='word_1_205' title='bbox 506 2548 742 2636; x_wconf 83' lang='lat' dir='ltr'><strong>archiepiscopus</strong></span> <span class='ocrx_word' id='word_1_206' title='bbox 766 2558 975 2627; x_wconf 86' lang='lat' dir='ltr'><strong>Antiochenus,</strong></span> <span class='ocrx_word' id='word_1_207' title='bbox 1005 2559 1063 2617; x_wconf 85' lang='lat' dir='ltr'><strong>ait:</strong></span> <span class='ocrx_word' id='word_1_208' title='bbox 1100 2559 1184 2617; x_wconf 84' lang='lat' dir='ltr'><strong>“Dei</strong></span> <span class='ocrx_word' id='word_1_209' title='bbox 1214 2561 1304 2619; x_wconf 85' lang='lat' dir='ltr'><strong>nostri</strong></span> 
     </span>
     <span class='ocr_line' id='line_1_24' title="bbox 115 2654 1304 2734; baseline 0 -19"><span class='ocrx_word' id='word_1_210' title='bbox 115 2654 225 2716; x_wconf 87' lang='lat' dir='ltr'><strong>Matrem</strong></span> <span class='ocrx_word' id='word_1_211' title='bbox 246 2657 277 2716; x_wconf 90' lang='lat' dir='ltr'><strong>in</strong></span> <span class='ocrx_word' id='word_1_212' title='bbox 303 2655 365 2716; x_wconf 88' lang='lat' dir='ltr'><strong>haec</strong></span> <span class='ocrx_word' id='word_1_213' title='bbox 388 2656 473 2714; x_wconf 88' lang='lat' dir='ltr'><strong>verba</strong></span> <span class='ocrx_word' id='word_1_214' title='bbox 497 2675 563 2715; x_wconf 89' lang='lat' dir='ltr'><strong>cum</strong></span> <span class='ocrx_word' id='word_1_215' title='bbox 580 2655 712 2716; x_wconf 88' lang='lat' dir='ltr'><strong>Gabriele</strong></span> <span class='ocrx_word' id='word_1_216' title='bbox 727 2655 905 2715; x_wconf 81' lang='lat' dir='ltr'><strong>salutemus:</strong></span> <span class='ocrx_word' id='word_1_217' title='bbox 927 2657 989 2715; x_wconf 85' lang='lat' dir='ltr'><strong>Ave</strong></span> <span class='ocrx_word' id='word_1_218' title='bbox 1004 2657 1137 2734; x_wconf 87' lang='lat' dir='ltr'><strong>gratiosa,</strong></span> <span class='ocrx_word' id='word_1_219' title='bbox 1158 2656 1304 2716; x_wconf 87' lang='lat' dir='ltr'><strong>Dominus</strong></span> 
     </span>
     <span class='ocr_line' id='line_1_25' title="bbox 114 2751 1301 2829; baseline 0.001 -18"><span class='ocrx_word' id='word_1_220' title='bbox 114 2761 216 2813; x_wconf 73' lang='lat' dir='ltr'><strong>boum:</strong></span> <span class='ocrx_word' id='word_1_221' title='bbox 236 2751 314 2827; x_wconf 92' lang='lat' dir='ltr'><strong>quod</strong></span> <span class='ocrx_word' id='word_1_222' title='bbox 329 2752 402 2811; x_wconf 85' lang='lat' dir='ltr'><strong>facta</strong></span> <span class='ocrx_word' id='word_1_223' title='bbox 415 2752 457 2810; x_wconf 88' lang='lat' dir='ltr'><strong>sis</strong></span> <span class='ocrx_word' id='word_1_224' title='bbox 471 2754 554 2811; x_wconf 87' lang='lat' dir='ltr'><strong>nobis</strong></span> <span class='ocrx_word' id='word_1_225' title='bbox 568 2753 667 2811; x_wconf 88' lang='lat' dir='ltr'><strong>salutis</strong></span> <span class='ocrx_word' id='word_1_226' title='bbox 688 2753 744 2819; x_wconf 84' lang='lat' dir='ltr'><strong>via,</strong></span> <span class='ocrx_word' id='word_1_227' title='bbox 760 2769 954 2825; x_wconf 79' lang='lat' dir='ltr'><strong>ascensusque</strong></span> <span class='ocrx_word' id='word_1_228' title='bbox 971 2751 1006 2809; x_wconf 93' lang='lat' dir='ltr'><strong>ad</strong></span> <span class='ocrx_word' id='word_1_229' title='bbox 1026 2770 1157 2829; x_wconf 88' lang='lat' dir='ltr'><strong>superos,</strong></span> <span class='ocrx_word' id='word_1_230' title='bbox 1173 2773 1205 2811; x_wconf 85' lang='lat' dir='ltr'><strong>ac</strong></span> <span class='ocrx_word' id='word_1_231' title='bbox 1220 2754 1301 2812; x_wconf 91' lang='lat' dir='ltr'><strong>locus</strong></span> 
     </span>
     <span class='ocr_line' id='line_1_26' title="bbox 111 2849 1307 2929; baseline -0.001 -17"><span class='ocrx_word' id='word_1_232' title='bbox 111 2853 301 2927; x_wconf 72' lang='lat' dir='ltr'><strong>requietionis,</strong></span> <span class='ocrx_word' id='word_1_233' title='bbox 317 2852 514 2929; x_wconf 83' lang='lat' dir='ltr'><strong>refrigeriique</strong></span> <span class='ocrx_word' id='word_1_234' title='bbox 529 2850 751 2918; x_wconf 87' lang='lat' dir='ltr'><strong>tabernaculum,</strong></span> <span class='ocrx_word' id='word_1_235' title='bbox 764 2851 793 2907; x_wconf 92' lang='lat' dir='ltr'><strong>in</strong></span> <span class='ocrx_word' id='word_1_236' title='bbox 805 2868 863 2922; x_wconf 93' lang='lat' dir='ltr'><strong>quo</strong></span> <span class='ocrx_word' id='word_1_237' title='bbox 872 2849 1016 2907; x_wconf 85' lang='lat' dir='ltr'><strong>Dominus</strong></span> <span class='ocrx_word' id='word_1_238' title='bbox 1028 2850 1211 2909; x_wconf 88' lang='lat' dir='ltr'><strong>habitavit.”⁴</strong></span> <span class='ocrx_word' id='word_1_239' title='bbox 1233 2853 1307 2911; x_wconf 87' lang='lat' dir='ltr'><strong>Haec</strong></span> 
     </span>
     <span class='ocr_line' id='line_1_27' title="bbox 108 2945 1305 3029; baseline -0.003 -19"><span class='ocrx_word' id='word_1_240' title='bbox 108 2968 142 3010; x_wconf 84' lang='lat' dir='ltr'><strong>cx</strong></span> <span class='ocrx_word' id='word_1_241' title='bbox 149 2951 280 3029; x_wconf 86' lang='lat' dir='ltr'><strong>plurimis</strong></span> <span class='ocrx_word' id='word_1_242' title='bbox 290 2967 356 3023; x_wconf 86' lang='lat' dir='ltr'><strong>quae</strong></span> <span class='ocrx_word' id='word_1_243' title='bbox 368 2949 468 3007; x_wconf 90' lang='lat' dir='ltr'><strong>recitat</strong></span> <span class='ocrx_word' id='word_1_244' title='bbox 479 2948 591 3017; x_wconf 83' lang='lat' dir='ltr'><strong>Natalis</strong></span> <span class='ocrx_word' id='word_1_245' title='bbox 602 2945 779 3006; x_wconf 80' lang='lat' dir='ltr'><strong>Alexander⁵</strong></span> <span class='ocrx_word' id='word_1_246' title='bbox 792 2945 893 3004; x_wconf 89' lang='lat' dir='ltr'><strong>damus</strong></span> <span class='ocrx_word' id='word_1_247' title='bbox 905 2945 1066 3021; x_wconf 84' lang='lat' dir='ltr'><strong>specimina</strong></span> <span class='ocrx_word' id='word_1_248' title='bbox 1076 2948 1176 3006; x_wconf 84' lang='lat' dir='ltr'><strong>eximii</strong></span> <span class='ocrx_word' id='word_1_249' title='bbox 1188 2948 1305 3007; x_wconf 91' lang='lat' dir='ltr'><strong>honoris</strong></span> 
     </span>
     <span class='ocr_line' id='line_1_28' title="bbox 106 3043 1304 3124; baseline -0.004 -17"><span class='ocrx_word' id='word_1_250' title='bbox 106 3058 133 3107; x_wconf 85' lang='lat' dir='ltr'><strong>et</strong></span> <span class='ocrx_word' id='word_1_251' title='bbox 152 3046 255 3116; x_wconf 90' lang='lat' dir='ltr'><strong>cultus,</strong></span> <span class='ocrx_word' id='word_1_252' title='bbox 270 3065 356 3121; x_wconf 91' lang='lat' dir='ltr'><strong>quem</strong></span> <span class='ocrx_word' id='word_1_253' title='bbox 380 3046 491 3124; x_wconf 88' lang='lat' dir='ltr'><strong>Virgini</strong></span> <span class='ocrx_word' id='word_1_254' title='bbox 514 3045 646 3122; x_wconf 88' lang='lat' dir='ltr'><strong>Deiparae</strong></span> <span class='ocrx_word' id='word_1_255' title='bbox 672 3043 865 3121; x_wconf 78' lang='lat' dir='ltr'><strong>prestiterunt</strong></span> <span class='ocrx_word' id='word_1_256' title='bbox 883 3054 1004 3110; x_wconf 84' lang='lat' dir='ltr'><strong>veteres,</strong></span> <span class='ocrx_word' id='word_1_257' title='bbox 1031 3043 1127 3102; x_wconf 83' lang='lat' dir='ltr'><strong>Graeci</strong></span> <span class='ocrx_word' id='word_1_258' title='bbox 1148 3046 1253 3121; x_wconf 90' lang='lat' dir='ltr'><strong>pariter</strong></span> <span class='ocrx_word' id='word_1_259' title='bbox 1273 3055 1304 3103; x_wconf 88' lang='lat' dir='ltr'><strong>et</strong></span> 
     </span>
     <span class='ocr_line' id='line_1_29' title="bbox 104 3143 209 3204; baseline 0.019 -2"><span class='ocrx_word' id='word_1_260' title='bbox 104 3143 209 3204; x_wconf 86' lang='lat' dir='ltr'><strong>Latini.</strong></span> 
     </span>
    </p>

    <p class='ocr_par' dir='ltr' id='par_1_10' title="bbox 142 3236 782 3302">
     <span class='ocr_line' id='line_1_30' title="bbox 142 3236 782 3302; baseline -0.006 -1"><span class='ocrx_word' id='word_1_261' title='bbox 142 3240 296 3302; x_wconf 83' lang='lat' dir='ltr'><strong>Probatur</strong></span> <span class='ocrx_word' id='word_1_262' title='bbox 310 3238 370 3300; x_wconf 90' lang='lat' dir='ltr'><em>III.</em></span> <span class='ocrx_word' id='word_1_263' title='bbox 388 3237 582 3300; x_wconf 80' lang='lat' dir='ltr'><strong>conciliorum</strong></span> <span class='ocrx_word' id='word_1_264' title='bbox 596 3236 782 3298; x_wconf 81' lang='lat' dir='ltr'><strong>auctoritate.</strong></span> 
     </span>
    </p>

    <p class='ocr_par' dir='ltr' id='par_1_11' title="bbox 94 3333 1348 4091">
     <span class='ocr_line' id='line_1_31' title="bbox 142 3333 1309 3412; baseline -0.006 -11"><span class='ocrx_word' id='word_1_265' title='bbox 142 3343 192 3401; x_wconf 79' lang='grc'><strong>97.</strong></span> <span class='ocrx_word' id='word_1_266' title='bbox 209 3338 242 3399; x_wconf 93' lang='lat' dir='ltr'><strong>ln</strong></span> <span class='ocrx_word' id='word_1_267' title='bbox 253 3337 388 3397; x_wconf 81' lang='lat' dir='ltr'><strong>Concilio</strong></span> <span class='ocrx_word' id='word_1_268' title='bbox 398 3338 427 3395; x_wconf 94' lang='lat' dir='ltr'>N</span> <span class='ocrx_word' id='word_1_269' title='bbox 430 3339 521 3395; x_wconf 87' lang='lat' dir='ltr'><strong>icaeno</strong></span> <span class='ocrx_word' id='word_1_270' title='bbox 530 3336 559 3395; x_wconf 86' lang='grc' dir='ltr'><strong>ΙΙ</strong></span> <span class='ocrx_word' id='word_1_271' title='bbox 569 3336 717 3396; x_wconf 89' lang='lat' dir='ltr'><strong>recitatum</strong></span> <span class='ocrx_word' id='word_1_272' title='bbox 728 3347 807 3394; x_wconf 88' lang='lat' dir='ltr'><strong>estet</strong></span> <span class='ocrx_word' id='word_1_273' title='bbox 817 3336 966 3412; x_wconf 89' lang='lat' dir='ltr'><strong>probatum</strong></span> <span class='ocrx_word' id='word_1_274' title='bbox 977 3335 1148 3411; x_wconf 88' lang='lat' dir='ltr'><strong>synodicum</strong></span> <span class='ocrx_word' id='word_1_275' title='bbox 1159 3333 1309 3394; x_wconf 84' lang='lat' dir='ltr'><strong>Theodori</strong></span> 
     </span>
     <span class='ocr_line' id='line_1_32' title="bbox 101 3426 1348 3519; baseline -0.005 -21"><span class='ocrx_word' id='word_1_276' title='bbox 101 3439 271 3519; x_wconf 85' lang='lat' dir='ltr'><strong>patriarchae</strong></span> <span class='ocrx_word' id='word_1_277' title='bbox 297 3435 558 3512; x_wconf 85' lang='lat' dir='ltr'><strong>Hierosolymitani</strong></span> <span class='ocrx_word' id='word_1_278' title='bbox 580 3435 610 3493; x_wconf 91' lang='lat' dir='ltr'><strong>in</strong></span> <span class='ocrx_word' id='word_1_279' title='bbox 625 3452 683 3507; x_wconf 92' lang='lat' dir='ltr'><strong>quo</strong></span> <span class='ocrx_word' id='word_1_280' title='bbox 695 3434 843 3511; x_wconf 85' lang='lat' dir='ltr'><strong>profitetur</strong></span> <span class='ocrx_word' id='word_1_281' title='bbox 857 3451 889 3491; x_wconf 90' lang='lat' dir='ltr'><strong>se</strong></span> <span class='ocrx_word' id='word_1_282' title='bbox 903 3434 1049 3511; x_wconf 87' lang='lat' dir='ltr'><strong>suscipere</strong></span> <span class='ocrx_word' id='word_1_283' title='bbox 1063 3452 1117 3492; x_wconf 84' lang='lat' dir='ltr'><strong>sex</strong></span> <span class='ocrx_word' id='word_1_284' title='bbox 1128 3433 1304 3492; x_wconf 87' lang='lat' dir='ltr'><strong>universales</strong></span> <span class='ocrx_word' id='word_1_285' title='bbox 1346 3426 1348 3433; x_wconf 71' lang='grc'><strong>’</strong></span> 
     </span>
     <span class='ocr_line' id='line_1_33' title="bbox 100 3532 1302 3618; baseline -0.006 -19"><span class='ocrx_word' id='word_1_286' title='bbox 100 3538 243 3618; x_wconf 84' lang='lat' dir='ltr'><strong>synodos,</strong></span> <span class='ocrx_word' id='word_1_287' title='bbox 258 3548 288 3597; x_wconf 88' lang='lat' dir='ltr'><strong>et</strong></span> <span class='ocrx_word' id='word_1_288' title='bbox 301 3535 446 3614; x_wconf 84' lang='lat' dir='ltr'><strong>Ephesiui</strong></span> <span class='ocrx_word' id='word_1_289' title='bbox 460 3535 573 3594; x_wconf 86' lang='lat' dir='ltr'><strong>decreta</strong></span> <span class='ocrx_word' id='word_1_290' title='bbox 586 3545 684 3593; x_wconf 86' lang='lat' dir='ltr'><strong>contra</strong></span> <span class='ocrx_word' id='word_1_291' title='bbox 699 3534 829 3592; x_wconf 83' lang='lat' dir='ltr'><strong>Nestorii</strong></span> <span class='ocrx_word' id='word_1_292' title='bbox 850 3532 982 3591; x_wconf 78' lang='lat' dir='ltr'><strong>haeresim</strong></span> <span class='ocrx_word' id='word_1_293' title='bbox 1003 3532 1141 3611; x_wconf 88' lang='lat' dir='ltr'><strong>deinceps</strong></span> <span class='ocrx_word' id='word_1_294' title='bbox 1161 3545 1302 3601; x_wconf 82' lang='lat' dir='ltr'><strong>recenset,</strong></span> 
     </span>
     <span class='ocr_line' id='line_1_34' title="bbox 99 3628 1311 3713; baseline -0.006 -17"><span class='ocrx_word' id='word_1_295' title='bbox 99 3637 140 3697; x_wconf 88' lang='lat' dir='ltr'><strong>de</strong></span> <span class='ocrx_word' id='word_1_296' title='bbox 158 3634 277 3713; x_wconf 85' lang='lat' dir='ltr'><strong>Virgine</strong></span> <span class='ocrx_word' id='word_1_297' title='bbox 292 3633 387 3693; x_wconf 87' lang='lat' dir='ltr'><strong>Maria</strong></span> <span class='ocrx_word' id='word_1_298' title='bbox 402 3651 436 3691; x_wconf 88' lang='lat' dir='ltr'><strong>ea</strong></span> <span class='ocrx_word' id='word_1_299' title='bbox 449 3632 602 3691; x_wconf 90' lang='lat' dir='ltr'><strong>occasione</strong></span> <span class='ocrx_word' id='word_1_300' title='bbox 618 3628 737 3689; x_wconf 87' lang='lat' dir='ltr'><strong>dicens:</strong></span> <span class='ocrx_word' id='word_1_301' title='bbox 759 3638 779 3666; x_wconf 79' lang='lat'><strong>‘⁶</strong></span> <span class='ocrx_word' id='word_1_302' title='bbox 791 3648 854 3703; x_wconf 86' lang='lat' dir='ltr'><strong>quae</strong></span> <span class='ocrx_word' id='word_1_303' title='bbox 870 3647 936 3687; x_wconf 91' lang='lat' dir='ltr'><strong>vere</strong></span> <span class='ocrx_word' id='word_1_304' title='bbox 950 3629 1007 3688; x_wconf 91' lang='lat' dir='ltr'><strong>Dei</strong></span> <span class='ocrx_word' id='word_1_305' title='bbox 1022 3639 1113 3688; x_wconf 89' lang='lat' dir='ltr'><strong>mater</strong></span> <span class='ocrx_word' id='word_1_306' title='bbox 1126 3640 1180 3697; x_wconf 89' lang='lat' dir='ltr'><strong>est,</strong></span> <span class='ocrx_word' id='word_1_307' title='bbox 1196 3643 1224 3689; x_wconf 89' lang='lat' dir='ltr'><strong>et</strong></span> <span class='ocrx_word' id='word_1_308' title='bbox 1245 3644 1311 3689; x_wconf 89' lang='lat' dir='ltr'><strong>ante</strong></span> 
     </span>
     <span class='ocr_line' id='line_1_35' title="bbox 99 3724 1306 3813; baseline -0.007 -20"><span class='ocrx_word' id='word_1_309' title='bbox 99 3743 218 3813; x_wconf 89' lang='lat' dir='ltr'><strong>partum</strong></span> <span class='ocrx_word' id='word_1_310' title='bbox 234 3742 262 3791; x_wconf 88' lang='lat' dir='ltr'><strong>et</strong></span> <span class='ocrx_word' id='word_1_311' title='bbox 273 3740 341 3809; x_wconf 87' lang='lat' dir='ltr'><strong>post</strong></span> <span class='ocrx_word' id='word_1_312' title='bbox 350 3741 468 3808; x_wconf 75' lang='lat' dir='ltr'><strong>&#39;parturn</strong></span> <span class='ocrx_word' id='word_1_313' title='bbox 483 3729 574 3805; x_wconf 87' lang='lat' dir='ltr'><strong>virgo,</strong></span> <span class='ocrx_word' id='word_1_314' title='bbox 585 3740 669 3801; x_wconf 87' lang='lat' dir='ltr'><strong>atque</strong></span> <span class='ocrx_word' id='word_1_315' title='bbox 683 3728 777 3787; x_wconf 91' lang='lat' dir='ltr'><strong>omnis</strong></span> <span class='ocrx_word' id='word_1_316' title='bbox 793 3724 979 3803; x_wconf 88' lang='lat' dir='ltr'><strong>intelligibilis</strong></span> <span class='ocrx_word' id='word_1_317' title='bbox 994 3746 1027 3785; x_wconf 90' lang='lat' dir='ltr'><strong>ac</strong></span> <span class='ocrx_word' id='word_1_318' title='bbox 1041 3727 1186 3785; x_wconf 88' lang='lat' dir='ltr'><strong>sensibilis</strong></span> <span class='ocrx_word' id='word_1_319' title='bbox 1200 3741 1306 3786; x_wconf 78' lang='lat' dir='ltr'><strong>natura</strong></span> 
     </span>
     <span class='ocr_line' id='line_1_36' title="bbox 99 3821 1300 3912; baseline -0.011 -22"><span class='ocrx_word' id='word_1_320' title='bbox 99 3831 196 3912; x_wconf 90' lang='lat' dir='ltr'><strong>gloria</strong></span> <span class='ocrx_word' id='word_1_321' title='bbox 209 3842 239 3888; x_wconf 88' lang='lat' dir='ltr'><strong>et</strong></span> <span class='ocrx_word' id='word_1_322' title='bbox 252 3829 377 3888; x_wconf 88' lang='lat' dir='ltr'><strong>claritate</strong></span> <span class='ocrx_word' id='word_1_323' title='bbox 392 3826 648 3896; x_wconf 68' lang='lat' dir='ltr'><strong>sublimior”-crlv</strong></span> <span class='ocrx_word' id='word_1_324' title='bbox 660 3829 734 3887; x_wconf 70' lang='grc' dir='ltr'><strong><em>ὄντως</em></strong></span> <span class='ocrx_word' id='word_1_325' title='bbox 749 3821 895 3894; x_wconf 70' lang='grc' dir='ltr'><strong>θεομήτορσ.</strong></span> <span class='ocrx_word' id='word_1_326' title='bbox 906 3825 948 3878; x_wconf 71' lang='grc' dir='ltr'><strong>καὶ</strong></span> <span class='ocrx_word' id='word_1_327' title='bbox 969 3829 1015 3892; x_wconf 70' lang='grc' dir='ltr'><strong>πρὸ</strong></span> <span class='ocrx_word' id='word_1_328' title='bbox 1033 3841 1078 3880; x_wconf 72' lang='grc' dir='ltr'><strong>του</strong></span> <span class='ocrx_word' id='word_1_329' title='bbox 1089 3825 1171 3885; x_wconf 74' lang='grc' dir='ltr'><strong>τόκου,</strong></span> <span class='ocrx_word' id='word_1_330' title='bbox 1182 3827 1224 3879; x_wconf 69' lang='grc' dir='ltr'><strong>καὶ</strong></span> <span class='ocrx_word' id='word_1_331' title='bbox 1235 3824 1300 3890; x_wconf 70' lang='grc' dir='ltr'><strong>μετὰ</strong></span> 
     </span>
     <span class='ocr_line' id='line_1_37' title="bbox 99 3921 1309 3999; baseline -0.011 -11"><span class='ocrx_word' id='word_1_332' title='bbox 99 3935 179 3989; x_wconf 67' lang='lat' dir='ltr'><strong>edm</strong></span> <span class='ocrx_word' id='word_1_333' title='bbox 196 3925 617 3999; x_wconf 63' lang='grc' dir='ltr'><strong>πῳὲενον,κα1πάσηςνοὴτὴςτε</strong></span> <span class='ocrx_word' id='word_1_334' title='bbox 637 3925 679 3979; x_wconf 73' lang='lat' dir='ltr'><strong>sul</strong></span> <span class='ocrx_word' id='word_1_335' title='bbox 698 3922 815 3993; x_wconf 65' lang='grc' dir='ltr'><strong>ἅισδητῆς</strong></span> <span class='ocrx_word' id='word_1_336' title='bbox 830 3923 963 3990; x_wconf 68' lang='grc' dir='ltr'>ὑπερτέραν</span> <span class='ocrx_word' id='word_1_337' title='bbox 973 3921 1032 3994; x_wconf 64' lang='lat' dir='ltr'><strong>ott»,</strong></span> <span class='ocrx_word' id='word_1_338' title='bbox 1047 3940 1074 3978; x_wconf 75' lang='lat' dir='ltr'><strong>rs</strong></span> <span class='ocrx_word' id='word_1_339' title='bbox 1092 3924 1134 3978; x_wconf 79' lang='lat' dir='ltr'><strong>scol</strong></span> <span class='ocrx_word' id='word_1_340' title='bbox 1153 3923 1309 3991; x_wconf 72' lang='grc' dir='ltr'><strong><em>λαμπρότητι</em></strong></span> 
     </span>
     <span class='ocr_line' id='line_1_38' title="bbox 94 4009 1309 4091; baseline -0.002 -20"><span class='ocrx_word' id='word_1_341' title='bbox 94 4022 333 4091; x_wconf 60' lang='grc' dir='ltr'><strong><em>δεδημωυργῆμὲνην</em></strong></span> <span class='ocrx_word' id='word_1_342' title='bbox 347 4015 457 4084; x_wconf 65' lang='lat' dir='ltr'><strong>odoros-⁸</strong></span> <span class='ocrx_word' id='word_1_343' title='bbox 477 4013 565 4073; x_wconf 90' lang='lat' dir='ltr'><strong>Lecta</strong></span> <span class='ocrx_word' id='word_1_344' title='bbox 575 4031 689 4088; x_wconf 94' lang='lat' dir='ltr'><strong>quoque</strong></span> <span class='ocrx_word' id='word_1_345' title='bbox 701 4012 785 4091; x_wconf 63' lang='lat' dir='ltr'><strong>estin</strong></span> <span class='ocrx_word' id='word_1_346' title='bbox 794 4009 894 4068; x_wconf 89' lang='lat' dir='ltr'><strong>eodem</strong></span> <span class='ocrx_word' id='word_1_347' title='bbox 906 4011 1029 4070; x_wconf 90' lang='lat' dir='ltr'><strong>concilio</strong></span> <span class='ocrx_word' id='word_1_348' title='bbox 1039 4012 1158 4090; x_wconf 87' lang='lat' dir='ltr'><strong>epistola</strong></span> <span class='ocrx_word' id='word_1_349' title='bbox 1172 4010 1309 4068; x_wconf 89' lang='lat' dir='ltr'><strong>Germani</strong></span> 
     </span>
    </p>
   </div>
   <div class='ocr_carea' id='block_1_3' title="bbox 372 4226 1085 4729">
    <p class='ocr_par' dir='ltr' id='par_1_12' title="bbox 373 4226 711 4299">
     <span class='ocr_line' id='line_1_39' title="bbox 373 4226 711 4299; baseline -0.006 -19"><span class='ocrx_word' id='word_1_350' title='bbox 373 4233 415 4299; x_wconf 93' lang='lat' dir='ltr'><strong>(l)</strong></span> <span class='ocrx_word' id='word_1_351' title='bbox 436 4226 503 4280; x_wconf 77' lang='lat' dir='ltr'><strong>Orat</strong></span> <span class='ocrx_word' id='word_1_352' title='bbox 517 4229 611 4295; x_wconf 84' lang='lat' dir='ltr'><strong>Ephesi</strong></span> <span class='ocrx_word' id='word_1_353' title='bbox 622 4228 711 4279; x_wconf 70' lang='lat' dir='ltr'><strong>habita.</strong></span> 
     </span>
    </p>

    <p class='ocr_par' dir='ltr' id='par_1_13' title="bbox 376 4315 678 4385">
     <span class='ocr_line' id='line_1_40' title="bbox 376 4315 678 4385; baseline -0.013 -17"><span class='ocrx_word' id='word_1_354' title='bbox 376 4320 419 4385; x_wconf 76' lang='lat'><strong>(2)</strong></span> <span class='ocrx_word' id='word_1_355' title='bbox 443 4318 512 4368; x_wconf 65' lang='lat' dir='ltr'><strong>Orat,</strong></span> <span class='ocrx_word' id='word_1_356' title='bbox 524 4316 610 4367; x_wconf 68' lang='lat' dir='ltr'><strong>Const,</strong></span> <span class='ocrx_word' id='word_1_357' title='bbox 622 4315 678 4365; x_wconf 85' lang='lat' dir='ltr'><strong>hab.</strong></span> 
     </span>
    </p>

    <p class='ocr_par' dir='ltr' id='par_1_14' title="bbox 375 4399 782 4471">
     <span class='ocr_line' id='line_1_41' title="bbox 375 4399 782 4471; baseline -0.002 -19"><span class='ocrx_word' id='word_1_358' title='bbox 375 4403 417 4471; x_wconf 81' lang='grc'><strong>(9)</strong></span> <span class='ocrx_word' id='word_1_359' title='bbox 438 4402 506 4454; x_wconf 86' lang='lat' dir='ltr'><strong>Orat.</strong></span> <span class='ocrx_word' id='word_1_360' title='bbox 516 4403 542 4453; x_wconf 90' lang='lat' dir='ltr'><strong>iu</strong></span> <span class='ocrx_word' id='word_1_361' title='bbox 554 4399 782 4452; x_wconf 81' lang='lat' dir='ltr'><strong>Annuntiationcm</strong></span> 
     </span>
    </p>

    <p class='ocr_par' dir='ltr' id='par_1_15' title="bbox 372 4485 761 4554">
     <span class='ocr_line' id='line_1_42' title="bbox 372 4485 761 4554; baseline -0.008 -17"><span class='ocrx_word' id='word_1_362' title='bbox 372 4490 412 4554; x_wconf 84' lang='grc'><strong>(4)</strong></span> <span class='ocrx_word' id='word_1_363' title='bbox 430 4488 509 4539; x_wconf 84' lang='lat' dir='ltr'><strong>Serm.</strong></span> <span class='ocrx_word' id='word_1_364' title='bbox 520 4488 536 4538; x_wconf 93' lang='lat' dir='ltr'><strong>i.</strong></span> <span class='ocrx_word' id='word_1_365' title='bbox 546 4489 573 4538; x_wconf 89' lang='lat' dir='ltr'><strong>in</strong></span> <span class='ocrx_word' id='word_1_366' title='bbox 584 4485 731 4537; x_wconf 85' lang='lat' dir='ltr'><strong>Annuntiat.</strong></span> <span class='ocrx_word' id='word_1_367' title='bbox 759 4500 761 4509; x_wconf 76' lang='grc'>’</span> 
     </span>
    </p>

    <p class='ocr_par' dir='ltr' id='par_1_16' title="bbox 377 4574 690 4643">
     <span class='ocr_line' id='line_1_43' title="bbox 377 4574 690 4643; baseline -0.013 -15"><span class='ocrx_word' id='word_1_368' title='bbox 377 4578 417 4643; x_wconf 87' lang='grc'><strong>(5)</strong></span> <span class='ocrx_word' id='word_1_369' title='bbox 436 4577 503 4627; x_wconf 86' lang='lat' dir='ltr'><strong>llist.</strong></span> <span class='ocrx_word' id='word_1_370' title='bbox 514 4576 584 4626; x_wconf 82' lang='lat' dir='ltr'><strong>Eccl.</strong></span> <span class='ocrx_word' id='word_1_371' title='bbox 596 4576 644 4625; x_wconf 86' lang='lat' dir='ltr'><strong>vol.</strong></span> <span class='ocrx_word' id='word_1_372' title='bbox 655 4574 690 4624; x_wconf 84' lang='lat' dir='ltr'><strong>ix.</strong></span> 
     </span>
    </p>

    <p class='ocr_par' dir='ltr' id='par_1_17' title="bbox 378 4654 1085 4729">
     <span class='ocr_line' id='line_1_44' title="bbox 378 4654 1085 4729; baseline -0.01 -18"><span class='ocrx_word' id='word_1_373' title='bbox 378 4664 416 4729; x_wconf 78' lang='grc'><strong>(6)</strong></span> <span class='ocrx_word' id='word_1_374' title='bbox 437 4661 515 4713; x_wconf 76' lang='lat' dir='ltr'><strong>Coun</strong></span> <span class='ocrx_word' id='word_1_375' title='bbox 525 4661 583 4713; x_wconf 88' lang='lat' dir='ltr'><strong>Nic.</strong></span> <span class='ocrx_word' id='word_1_376' title='bbox 594 4661 625 4711; x_wconf 86' lang='grc' dir='ltr'><strong>Π.</strong></span> <span class='ocrx_word' id='word_1_377' title='bbox 635 4662 689 4711; x_wconf 74' lang='lat' dir='ltr'><strong>Act.</strong></span> <span class='ocrx_word' id='word_1_378' title='bbox 700 4658 734 4710; x_wconf 88' lang='lat' dir='ltr'><strong>iii.</strong></span> <span class='ocrx_word' id='word_1_379' title='bbox 746 4658 791 4709; x_wconf 88' lang='lat' dir='ltr'><strong>ool.</strong></span> <span class='ocrx_word' id='word_1_380' title='bbox 805 4654 861 4706; x_wconf 75' lang='grc'><strong>149.</strong></span> <span class='ocrx_word' id='word_1_381' title='bbox 871 4662 888 4707; x_wconf 81' lang='lat' dir='ltr'><strong>t</strong></span> <span class='ocrx_word' id='word_1_382' title='bbox 899 4654 931 4707; x_wconf 80' lang='lat' dir='ltr'><strong>ir.</strong></span> <span class='ocrx_word' id='word_1_383' title='bbox 941 4654 997 4706; x_wconf 75' lang='lat' dir='ltr'><strong>coll.</strong></span> <span class='ocrx_word' id='word_1_384' title='bbox 1008 4654 1085 4707; x_wconf 76' lang='lat' dir='ltr'><strong>Hasd.</strong></span> 
     </span>
    </p>
   </div>
   <div class='ocr_carea' id='block_1_4' title="bbox 0 0 1411 5092">
    <p class='ocr_par' dir='ltr' id='par_1_18' title="bbox 0 0 1411 5092">
     <span class='ocr_line' id='line_1_45' title="bbox 0 0 1411 5092; baseline 0 0"><span class='ocrx_word' id='word_1_385' title='bbox 0 0 1411 5092; x_wconf 95' lang='lat' dir='ltr'><strong> </strong></span> 
     </span>
    </p>
   </div>
  </div>
 </body>
</html>
