2798 5092
96 341 156 397 25⁰
402 335 462 397 Du
482 335 774 397 BEATITUDINE
796 337 996 401 AETERNA.

97 496 222 564 unctus,
244 513 330 569 quam
344 514 398 555 neo
411 496 572 572 incorpore
586 495 647 554 vult
669 496 770 555 oculus
783 515 848 556 essa
868 499 917 572 qui
932 508 976 556 est
989 496 1108 576 digitus,
1122 516 1190 558 cum
1207 516 1292 559 rusm-

98 595 180 653 brum
195 605 346 668 utrumque
363 594 506 654 contineat
520 593 606 651 totius
620 594 713 653 caruis
727 605 825 672 pecata
838 594 1027 673 compagn.”²

400 1067 481 1143 §.IL
497 1066 545 1127 Da
560 1087 668 1147 cuorus
682 1087 792 1130 suarm
807 1088 880 1129 rosa
890 1087 1036 1130 asoarsrr..

140 1310 186 1366 13.
209 1307 312 1366 Statim
328 1316 527 1384 postmortem
542 1307 652 1365 animas
666 1306 729 1365 illas
750 1326 814 1382 quae
829 1308 909 1367 omui
922 1307 985 1367 labe
1009 1317 1115 1377 carent,
1131 1327 1171 1367 ex
1184 1308 1298 1381 Christi

95 1403 184 1481 gratia
197 1402 367 1472 emundate,
381 1403 452 1463 hanc
474 1403 583 1482 ingredi
605 1403 743 1477 requiem,
758 1403 814 1462 hoc
829 1403 884 1462 frui
898 1404 1013 1482 gaudio,
1028 1404 1138 1482 inipso
1161 1405 1298 1466 catorum

97 1519 187 1577 regno
201 1499 285 1558 sedes
300 1501 404 1568 sortiri,
420 1499 477 1558 Dei
490 1501 578 1559 lactas
598 1500 685 1559 veluti
700 1509 857 1569 consortes,
872 1500 945 1559 fides
970 1500 1071 1559 docet:
1095 1501 1174 1575 quod
1190 1502 1298 1561 beneti-

97 1600 173 1659 cium
188 1600 342 1658 infantibus
357 1609 423 1678 post
446 1601 619 1678 baptismum
635 1599 858 1669 decedentibus,
881 1601 1053 1677 martyribus
1080 1620 1134 1659 auo
1157 1603 1299 1680 sanguine

98 1695 291 1764 dilectionem,
313 1715 369 1769 qua
393 1715 478 1756 nemo
496 1697 581 1756 habet
605 1697 754 1775 majorem,
769 1696 991 1766 exhibentibus;
1017 1697 1139 1772 aliisque
1162 1698 1299 1775 perlectis

96 1795 260 1872 contingere
281 1794 443 1855 credimus:
466 1795 519 1854 sed
540 1795 695 1873 plerosque
715 1797 810 1873 justos
833 1796 870 1855 ob
890 1796 984 1854 labam
1009 1797 1133 1869 aliquam
1155 1797 1298 1858 leviorem

95 1891 226 1961 detineri,
241 1912 277 1951 ue
292 1912 405 1952 summa
418 1892 467 1952 illa
480 1892 653 1952 beatitudine
667 1894 761 1952 statim
777 1903 843 1970 post
856 1893 964 1953 exitum
979 1912 996 1952 s
1018 1912 1140 1971 corpore
1154 1893 1297 1964 truantur,

95 1987 171 2048 haud
185 2008 259 2068 aegre
274 1990 404 2049 fatemur.
446 1989 531 2049 illum
545 1990 703 2050 animarum
718 2001 833 2058 statum,
848 2008 913 2064 que
938 1990 973 2049 ad
995 2001 1109 2067 tempus
1136 2011 1153 2048 a
1174 1992 1299 2052 celestis

95 2087 176 2165 regui
191 2086 267 2146 aditu
282 2087 478 2164 prohibentur,
493 2086 716 2165 Purgatorr'um
731 2089 858 2147 solemus
872 2105 984 2155 vocare,
997 2087 1032 2145 ad
1047 2089 1229 2166 purgandam
1244 2090 1298 2149 sci·

93 2182 161 2242 licet
185 2184 309 2242 animam
333 2183 498 2243 destinatur.
539 2184 614 2242 lllud
640 2196 706 2260 post
726 2185 857 2243 ultimum
874 2182 1015 2262 judicium
1038 2202 1097 2243 non
1122 2185 1253 2246 futurum
1269 2188 1298 2247 iu

94 2279 226 2338 confesso
240 2288 294 2337 est.
338 2280 442 2340 Utrum
457 2289 551 2338 autem
566 2279 709 2357 supplicio
722 2280 818 2354 aliquo
832 2288 1026 2354 torqueantur,
1041 2279 1114 2339 fides
1130 2300 1192 2342 non
1209 2283 1300 2343 deter-

93 2379 194 2439 mlnat.

135 2481 182 2536 lt.
204 2477 389 2555 vigilantius,
413 2477 513 2550 quinto
538 2476 654 2545 eaeculo,
676 2476 774 2535 docuit
793 2477 938 2535 neminem
960 2485 1024 2535 ante
1040 2474 1118 2535 diem
1131 2476 1242 2554 judicii
1262 2476 1297 2537 ad

93 2575 189 2635 Deum
214 2573 383 2634 intuendum
406 2572 534 2632 admitti:
563 2572 640 2648 quod
667 2583 696 2633 et
714 2573 853 2643 Luthero,
875 2583 904 2632 et
925 2573 1059 2642 Calvino,
1081 2582 1111 2632 et
1132 2575 1299 2635 Sociniards

93 2672 186 2731 visum
201 2680 256 2729 est.
298 2669 344 2728 De
364 2687 400 2728 eo
425 2668 494 2728 dicit
517 2667 681 2728 Calvinus:
705 2679 725 2706 ‘⁶
738 2670 829 2729 Porro
851 2669 887 2730 de
899 2669 1081 2729 intermedio
1105 2689 1206 2732 earum
1224 2680 1299 2732 statu

92 2769 234 2827 curiosius
249 2768 393 2841 inquirere
404 2785 497 2841 neque
512 2766 555 2825 fas
570 2778 624 2837 est,
639 2785 733 2842 nsque
747 2766 874 2847 expedit.
916 2766 1008 2825 Valde
1023 2785 1055 2825 se
1070 2769 1299 2844 torqueutmulti

93 2864 266 2945 disputando
288 2884 373 2940 quem
397 2865 493 2925 locum
516 2876 668 2944 occupent,
689 2877 719 2925 et
742 2884 779 2924 an
798 2865 906 2924 calesti
926 2865 1016 2943 gloria
1035 2864 1177 2936 fruantur,
1203 2872 1296 2928 nscn‘e

94 2963 182 3037 Atqui
206 2961 323 3022 stultum
343 2973 373 3021 et
392 2964 573 3022 temerarium
595 2975 640 3022 cst
669 2962 705 3022 ds
735 2964 820 3022 rebus
849 2963 1002 3041 incognitis
1031 2963 1116 3022 altius
1137 2965 1296 3040 inquirere,

97 3081 183 3137 quam
210 3061 291 3120 Deus
316 3062 400 3121 nobis
424 3063 497 3121 scire
513 3063 666 3141 permittat
707 3062 865 3139 Scriptura,
885 3062 935 3121 ubi
961 3062 1043 3131 dixit,
1059 3060 1213 3124 Christum
1238 3063 1296 3125 illis

92 3170 262 3239 praescntem
284 3177 360 3227 esse,
383 3168 412 3216 et
432 3177 480 3216 eas
501 3162 628 3236 recipere
649 3159 680 3218 in
704 3158 867 3237 paradisum
892 3158 954 3236 (Jo.
973 3162 1019 3217 12.
1035 3157 1088 3237 32)
1109 3169 1142 3218 ut
1162 3160 1295 3229 consola

91 3258 199 3317 tionem
223 3257 390 3334 percipiant,
405 3255 591 3332 reproborum
616 3255 682 3316 verb
697 3257 806 3317 animas
821 3256 961 3315 cruciatus
976 3256 1076 3330 quales
1090 3257 1203 3316 meritae
1217 3266 1294 3327 sunt,

94 3355 218 3432 perpeti,
242 3371 300 3412 non
323 3351 396 3410 ultra
419 3350 628 3429 progreditur.
651 3395 659 3412 .
682 3395 690 3412 .
721 3352 807 3421 Quod
827 3352 914 3412 dnus
935 3351 1068 3414 Abrahae
1087 3353 1196 3414 dicitur
1214 3356 1297 3415 beata

94 3462 257 3512 sanctorum
272 3451 425 3528 spirituum
440 3448 581 3521 collectio,
594 3451 677 3511 nobis
692 3451 803 3510 abunde
818 3462 872 3520 est,
887 3469 923 3510 ex
934 3451 992 3510 hac
1002 3454 1236 3530 peregrinatione
1249 3471 1299 3512 ex·

92 3549 149 3626 cipi
165 3569 181 3607 a
196 3548 341 3607 communi
356 3547 484 3606 fidelium
494 3547 589 3617 Patre,
600 3560 631 3606 ut
642 3548 792 3607 nobiscum
802 3549 870 3607 fidei
880 3567 940 3606 suae
953 3549 1074 3608 fructum
1085 3552 1305 3611 communicat>

92 3644 206 3704 Interea
219 3663 309 3718 quum
324 3644 470 3721 Scriptura
494 3645 600 3720 ubique
620 3646 721 3723 jubeat
744 3645 868 3723 pendere
889 3646 924 3704 ab
938 3647 1138 3724 expectatione
1152 3647 1296 3707 adventus

93 3741 216 3809 Christi,
238 3752 266 3799 et
286 3741 383 3818 gloriae
407 3758 542 3801 coronam
563 3761 692 3817 eousque
717 3741 838 3811 differat,
859 3744 986 3802 contenti
1006 3745 1097 3802 simus
1119 3744 1168 3802 his
1189 3746 1296 3804 tinibus

91 3839 228 3900 divinitus
252 3839 335 3897 nobis
361 3838 544 3916 prescriptis,
567 3836 676 3899 animas
698 3840 810 3917 piorum
833 3839 941 3899 militia
962 3839 1058 3898 labore
1079 3839 1251 3917 perfunctas
1265 3842 1295 3900 in

91 3937 201 3996 beatam
227 3937 353 4010 quietem
379 3935 545 4006 concedere,
568 3939 617 3997 ubi
637 3956 703 3996 cum
724 3937 802 3996 lelici
826 3937 925 3996 letitia
951 3937 1117 3996 fruitionem
1141 3939 1294 4020 promissus

89 4033 188 4112 gloria
203 4042 373 4111 expectent:
397 4043 481 4107 atque
506 4036 544 4092 ita
565 4037 662 4095 omnia
676 4035 766 4094 teneri
780 4052 932 4112 suspensa,
947 4032 1039 4093 donec
1053 4032 1192 4094 Christus
1207 4054 1295 4113 appa·

90 4143 149 4191 reat
176 4130 388 4208 redemptor.”'
426 4133 453 4190 A
478 4133 604 4211 magistri
633 4133 679 4193 sui
693 4133 833 4193 sententia
859 4133 1055 4192 discessemnt
1068 4133 1289 4211 Presbyteriani

90 4226 422 4296 Westmonasterianses,
437 4230 487 4303 qui
505 4230 650 4308 justorum
661 4232 770 4291 animas
785 4231 814 4289 iu
828 4230 914 4289 calos
929 4230 1086 4290 altissimos
1107 4233 1206 4290 statim
1222 4241 1290 4310 post

124 4387 167 4453 (l)
186 4387 253 4450 Aug.
264 4388 334 4437 lxxii.
344 4387 375 4437 da
386 4385 432 4436 cir.
444 4386 498 4438 Dc'n
510 4405 532 4439 c.
543 4404 607 4438 xxx.

124 4471 168 4537 (2)
187 4471 248 4521 lnat.
260 4473 276 4520 l.
285 4472 319 4521 iii.
328 4489 349 4521 c
361 4486 421 4521 xxv.
433 4474 457 4521 6.
490 4473 554 4524 Vide
573 4474 648 4525 stiam
665 4473 771 4530 Burusti
790 4473 913 4543 analysim
923 4472 976 4521 Art
989 4470 1052 4519 xxii.
1063 4487 1089 4536 p.
1101 4473 1153 4521 sto
1165 4491 1172 4521 τ
1190 4480 1205 4505 “
1216 4473 1308 4525 Sumo

93 4555 200 4620 thought
208 4558 262 4608 that
272 4557 314 4607 the
325 4559 394 4607 souls
405 4557 434 4606 ot
446 4558 487 4608 tha
499 4560 562 4622 good
573 4575 637 4610 were
643 4560 734 4626 happy,
745 4561 790 4611 but
799 4557 853 4609 un
863 4558 922 4624 thoy
933 4557 975 4608 did
985 4565 1030 4606 not
1038 4572 1080 4607 ses
1091 4557 1149 4609 God
1160 4560 1197 4612 till
1207 4561 1251 4613 the
1261 4577 1308 4612 rs·

91 4641 251 4696 mneeuonss’
