2798 5092
144 304 187 364 ⁹2
505 303 562 364 DE
584 301 720 363 8ΔοΒο
742 300 983 362 emulum.

140 475 286 542 percepta,
298 463 398 522 uxoris
413 465 495 541 prius
509 480 569 521 suae
583 461 669 521 frater
681 460 760 520 illico
771 460 957 519 efficiaturex
966 459 1110 536 conjuges
1126 466 1253 518 attamen
1264 472 1354 530 quos·

142 661 283 719 vomitum
306 659 469 736 pristinum,
491 667 520 717 et
540 657 661 717 inhibita
684 675 781 715 rursus
805 656 938 734 conjugia
958 655 1119 733 repetiisse,
1134 666 1220 730 atque
1242 653 1352 713 incesti

143 756 357 832 quodammodo
370 757 489 816 crimine
504 756 611 815 clerum
630 756 720 814 decus
742 754 893 814 sacerdotii
913 755 1056 823 violasse;
1078 752 1157 828 quod
1177 752 1238 813 nati
1259 752 1352 812 eriam

142 854 196 913 filii
210 853 404 932 prodiderunt.
443 852 528 937 Quod
545 854 676 927 quisquis
698 853 801 910 secisse
815 852 1008 928 cognoscitur,
1023 851 1103 910 omui
1117 850 1148 910 in
1163 859 1352 929 perpetuum,

142 968 227 1025 qusm
242 951 369 1011 admisso
378 952 441 1027 jam
455 951 575 1009 crimine
590 949 723 1027 perdidit,
737 948 873 1026 dignitate
888 946 1087 1026 privabitur.”²

185 1045 338 1108 Accedunt
351 1047 482 1107 relicuos
493 1045 676 1124 theologicae.

183 1150 250 1206 199.
272 1145 321 1205 Ex
336 1146 483 1205 sanctitate
497 1162 648 1203 munerum
663 1145 766 1218 quibus
778 1143 904 1222 fungitur
915 1144 1048 1203 sacerdos
1061 1144 1153 1220 liquet
1162 1142 1304 1223 expedire
1317 1154 1351 1204 nt

142 1247 235 1305 camis
250 1245 441 1322 voluptatibus
456 1254 559 1311 careat,
574 1256 603 1300 et
618 1243 728 1302 Christi
737 1243 862 1314 vDomini
876 1243 1041 1320 exemplum
1055 1243 1187 1321 proxime
1200 1243 1353 1303 imitetust

142 1343 205 1421 ejus
220 1343 328 1420 quippe
343 1341 468 1418 fungitur
480 1341 591 1398 vicibus
605 1340 634 1398 in
647 1340 789 1399 oblatione
803 1341 977 1414 quotidiana,
988 1359 1075 1414 quem
1084 1338 1227 1399 munditie
1237 1339 1353 1400 eximie

104 1512 107 1518 ν
141 1441 231 1500 enimi
245 1441 381 1499 exhibere
395 1437 486 1497 decet.
528 1437 746 1496 sanctissimam
769 1437 854 1497 debet
873 1438 1021 1497 enuntiare
1036 1437 1208 1506 doctrinam,
1223 1449 1253 1495 et
1265 1437 1350 1497 cosli·

141 1536 237 1595 batum
256 1532 468 1599 commendare,
495 1531 531 1590 ad
557 1532 647 1606 instar
671 1533 813 1609 Apostoli,
835 1551 921 1606 quem
944 1532 1080 1610 exemplo
1107 1533 1194 1592 etiam
1216 1531 1343 1592 suadere

143 1639 265 1708 oportet.
308 1630 428 1687 Peccata
441 1628 602 1686 dimittendi
617 1639 646 1686 et
659 1629 799 1687 retinendi
814 1639 930 1688 exercet
950 1640 1130 1706 potestatem,
1145 1627 1349 1688 consessiones

144 1730 268 1786 virorum
297 1727 506 1800 mulierumque
533 1726 725 1802 excipiendo:
748 1729 797 1785 vix
825 1738 919 1786 autern
948 1728 1082 1787 mulieres
1112 1727 1274 1806 pnellaeque
1299 1727 1349 1787 sui

143 1824 238 1883 cordis
253 1843 354 1882 arcana
368 1822 524 1900 panderent
537 1823 648 1882 homini
663 1824 763 1882 marito
772 1825 868 1883 officio
881 1825 960 1902 fungi
976 1836 1124 1884 consueto.
1145 1822 1347 1883 Munientibus

143 1931 246 2000 proesto
261 1939 325 1978 esse
339 1920 432 1988 debet,
448 1939 527 1978 sacra
539 1921 671 1979 unctione
686 1933 714 1979 et
728 1921 835 1980 ultimis
849 1920 985 1981 subsidiis
1008 1941 1059 1980 eos
1073 1919 1240 1985 donaturus,
1256 1918 1349 1980 etiam

142 2036 208 2080 curn
223 2021 268 2079 sui
292 2020 465 2078 discrimine.
508 2019 575 2078 Hoc
590 2038 693 2078 munus
713 2038 772 2079 non
792 2021 873 2079 lacile
896 2021 966 2089 obit,
980 2021 1031 2095 qni
1056 2019 1139 2078 uxori
1161 2019 1289 2093 filiisque
1311 2037 1345 2078 se

142 2121 272 2178 morbum
296 2117 395 2176 afferre
418 2118 508 2175 timet.
551 2116 738 2176 Solicitudine
763 2118 852 2176 nimia
877 2117 1038 2177 divitiamm
1059 2129 1175 2195 urgetur
1195 2117 1245 2192 qui
1268 2117 1349 2194 proli

34 2260 37 2266 -
142 2215 292 2276 consulere
306 2213 490 2292 debebidotes
504 2225 531 2273 et
545 2215 642 2272 omnia
656 2215 719 2272 vitae
734 2216 863 2274 subsidia
876 2215 1099 2295 suppeditando.
1140 2214 1167 2274 E
1183 2225 1283 2273 contra
1296 2216 1351 2290 qni

142 2312 331 2372 sacrumcolit
340 2309 586 2378 coelibstum,Deo
596 2311 738 2384 rebusque
749 2311 866 2381 divinis,
879 2323 907 2370 et
915 2312 1035 2372 aliorum
1044 2311 1140 2381 saluti,
1153 2322 1228 2370 totus
1240 2329 1348 2371 vacare

143 2417 247 2485 potest.
288 2405 345 2464 Est
368 2406 454 2482 igitur
475 2406 654 2465 sanctissima
675 2407 843 2485 disciplina:
866 2409 1031 2482 aequissima
1052 2409 1177 2487 pariter:
1200 2409 1345 2468 namhoc

141 2503 236 2562 oneris
250 2502 358 2560 nemini
373 2503 461 2560 invito
475 2503 641 2578 imponitur,
653 2504 705 2563 sed
716 2505 839 2563 solemni
850 2506 997 2581 praemissa
1011 2504 1173 2584 petentibus
1188 2502 1347 2564 subdiaco-

143 2609 239 2659 natum
254 2599 288 2656 ab
297 2599 436 2675 episcopo
450 2599 627 2657 monitione:
645 2610 665 2637 “
680 2600 828 2659 Hactenus
843 2603 920 2661 enim
930 2604 1013 2662 liberi
1028 2603 1108 2671 estis,
1120 2602 1245 2675 licetque
1259 2600 1347 2661 vobis

143 2714 196 2773 pro
209 2695 310 2781 arbitio
321 2694 357 2752 ad
371 2694 516 2753 saecularia
530 2706 595 2753 vota
608 2697 744 2755 transire:
768 2698 845 2771 quod
859 2699 884 2756 si
900 2699 977 2758 hunc
996 2697 1127 2757 ordinem
1142 2697 1345 2775 susceperitis,

143 2791 266 2870 amplius
278 2810 336 2851 non
351 2792 447 2850 licebit
461 2793 647 2869 a'proposito
661 2794 781 2864 resilire,
796 2795 847 2854 sed
870 2796 934 2855 Deo
952 2797 999 2855 cui
1019 2796 1136 2865 servire,
1152 2813 1273 2872 regnare
1288 2804 1345 2865 est,

143 2888 279 2969 perpetuo
289 2890 418 2949 famulari
430 2910 439 2960 ;
460 2902 488 2949 et
499 2892 666 2961 castitatem,
681 2893 731 2953 illo
745 2894 907 2973 adjuvante,
923 2914 1036 2955 servare
1048 2897 1199 2975 oportebit,
1210 2904 1298 2969 atque
1312 2896 1346 2955 in

142 2987 283 3047 Ecclesiae
306 2988 464 3046 ministerio
489 3007 602 3066 semper
622 3009 686 3049 esse
708 2994 893 3071 mancipatos.
937 2995 1062 3053 Proinde
1083 2994 1152 3052 dum
1166 3005 1282 3071 tempus
1298 3002 1346 3052 est

142 3088 273 3165 cogitate,
282 3097 311 3144 ct
321 3088 346 3145 si
357 3088 385 3145 in
395 3096 494 3146 sancto
508 3090 656 3165 proposito
666 3110 846 3167 perseverare
860 3093 961 3170 placet,
972 3093 1003 3152 in
1014 3094 1130 3152 nomine
1140 3091 1274 3161 Domini,
1284 3091 1345 3152 hue

141 3182 312 3243 accedite.’'⁹
351 3183 456 3241 Libera
469 3185 688 3261 suscipientium
702 3188 817 3246 ordines
832 3189 976 3248 voluntate
988 3189 1165 3248 contrahitur
1185 3189 1248 3247 brec
1262 3189 1344 3250 coeli·

38 3285 42 3295 '
141 3283 222 3341 batus
236 3281 390 3359 obligatio:
413 3294 441 3340 et
454 3283 569 3342 nonnisi
583 3284 620 3341 ob
640 3286 823 3362 gravissimas
846 3306 946 3347 causas
961 3289 1128 3366 injungitur,
1144 3304 1233 3362 quum
1255 3306 1344 3347 sanc·

141 3380 250 3437 tissima
264 3380 322 3437 sint
335 3397 463 3446 munera,
478 3398 541 3453 qme
555 3381 641 3440 obvio
657 3384 791 3456 cuiquam
806 3403 863 3443 non
879 3394 946 3443 sunt
958 3383 1173 3443 committenda.
1214 3384 1343 3462 Sapien-

140 3477 252 3534 tissimo
274 3494 358 3552 porro
378 3477 499 3535 consilio
522 3476 655 3537 Ecclesia
677 3480 746 3538 illud
767 3483 856 3559 exigit
877 3492 1020 3556 tamquam
1035 3484 1155 3565 sincerae
1181 3481 1339 3540 voluntatis

142 3570 246 3649 pignus
270 3585 298 3630 et
322 3574 458 3632 indicium
473 3574 550 3648 quod
565 3577 630 3648 quis
653 3596 685 3634 se
712 3589 802 3637 totum
825 3576 924 3637 divino
945 3579 1105 3638 ministerio
1121 3579 1267 3636 dicaturus
1290 3579 1341 3648 sit,

142 3666 277 3724 abdicatis
292 3669 404 3744 penitus
419 3671 511 3729 carnis
527 3672 729 3750 voluptatibus.

533 3902 733 3944 onst-:culorum
754 3907 939 3949 SOLVUNTUR·

180 4059 251 4114 20⁰.
276 4052 388 4133 obj.1.
411 4055 544 4118 Christus
569 4071 646 4120 vetat
666 4063 840 4123 matrimonii
863 4065 927 4144 jura
950 4064 1089 4124 relaxari:
1103 4072 1132 4138 .“
1145 4062 1233 4130 Quod
1255 4062 1339 4122 Deus

140 4153 301 4229 conjunxit,
320 4153 407 4212 homo
418 4174 477 4215 non
490 4171 602 4237 separet
613 4159 659 4228 ;”⁸
675 4171 708 4220 et
722 4163 881 4239 Apostolus
893 4166 1030 4243 conjuges
1053 4162 1183 4222 monuit:
1206 4160 1341 4222 “Nolite

503 4398 541 4457 (lp
558 4395 620 4447 Can.
632 4395 684 4447 xiii.

506 4483 550 4548 (2)
570 4481 713 4532 Pontificsle
725 4483 872 4538 Romsnum.

507 4569 550 4636 (3)
568 4569 639 4620 Matt
650 4569 703 4619 xix.
710 4572 734 4620 6.
