2812 5092
353 362 410 423 uu
432 362 626 423 sinconis
646 333 976 424 incommunius,
1200 367 1258 426 nr

60 527 108 593 sit,
125 519 166 582 ¹eo
189 522 267 597 quod
280 523 391 581 irritum
405 523 443 580 sit
464 521 675 581 matrimonium
689 541 697 590 3
719 531 748 579 et
761 521 848 580 etiam
862 521 1043 595 quandonam
1058 521 1213 583 divortium
1238 542 1256 581 a

61 625 144 684 thoro
158 621 254 682 liceat.
296 621 374 680 Hinc
389 620 553 679 Tridentini
568 629 661 698 patres
682 619 863 678 definierunt.
906 621 971 678 “Si
995 622 1061 695 quis
1072 620 1177 680 dixerit
1192 640 1257 681 cau·

62 740 110 780 sas
125 719 346 780 matrimoniales
361 737 419 776 non
433 728 561 795 spectare
576 715 611 774 ad
629 717 743 794 judices
766 717 994 786 ecclesiastiocs;
1016 719 1167 778 anathema
1178 718 1261 778 sit.”²

62 819 137 886 Quae
150 819 223 876 fiunt
232 815 341 893 judicia
354 813 430 891 apud
444 814 594 873 tribunalia
602 814 708 882 civilia,
722 813 891 890 respiciunt,
900 814 941 872 uti
956 832 1042 891 supra
1056 815 1259 892 explicuimus,

63 914 159 974 civilia
172 931 268 979 onera,
283 911 428 988 ligamina,
444 919 473 969 et
486 911 615 987 injurias,
631 911 727 987 potius
741 928 827 982 quam
840 910 1025 969 intrinsecam
1037 896 1131 970 rerum
1145 912 1261 972 honest·
1360 938 1362 943 ¹

64 1022 151 1072 atem.
192 1010 225 1070 Id
241 1021 336 1068 tamen
350 1008 498 1078 addemus,
506 1009 590 1067 bonis
605 1009 731 1066 moribus
743 1027 843 1084 parurn
854 1006 948 1066 favere
964 1008 1041 1081 quod
1055 1027 1149 1068 cuusae
1164 1012 1259 1069 matri·

65 1109 206 1170 moniales
217 1108 252 1167 ad
264 1108 377 1185 publica
388 1106 714 1176 deferanturtribunalia,
725 1125 813 1179 quum
825 1124 859 1163 ea
869 1105 1036 1183 plerumque
1045 1108 1183 1167 sitrerum
1195 1128 1259 1183 quae

64 1209 245 1287 proferuntur
259 1216 358 1265 natura
372 1224 429 1279 qua
444 1204 535 1282 pudor
548 1205 669 1263 laeditur.
711 1204 784 1262 Haec
798 1204 917 1263 strictim
931 1204 967 1263 de
992 1205 1173 1265 matrimonio
1187 1208 1261 1266 dixi·

64 1326 142 1375 mus,
165 1306 296 1383 plurimis
311 1304 520 1381 pretermissis,
536 1304 582 1362 vel
596 1302 696 1362 leviter
716 1301 858 1371 indicatis,
874 1321 940 1376 quae
951 1303 1043 1362 fusius
1058 1323 1202 1381 exponere
1216 1305 1260 1366 in·

64 1405 155 1463 stituti
173 1403 263 1461 nostri
276 1401 346 1459 ratio
361 1419 419 1459 non
433 1399 575 1477 exigebat.
617 1400 684 1460 Jam
698 1398 734 1458 de
748 1400 932 1458 sacramentis
948 1399 1158 1478 influniversum
1172 1419 1268 1480 agenn

67 1503 137 1564 dum
151 1512 204 1561 cst.

167 1655 171 1665 '
265 1661 303 1720 (1)
320 1616 578 1709 Ssss.xxiv.onn.xii.
