2798 5092
95 347 151 404 124
404 344 461 405 DE
483 343 670 406 vtttcuao
692 318 964 406 ΙΜΑΊῚὶΙΜΟΝΙῙ.

94 505 266 564 matrimonii
288 504 401 564 vinculo
427 514 521 565 manet
544 505 638 583 ligata.
680 504 797 581 Siquis
819 503 970 563 contendat
990 503 1138 563 dimissam
1153 503 1191 562 ob
1205 501 1283 563 adul·

93 602 195 660 terium
218 600 289 660 solvi
302 620 336 659 eo
350 601 494 679 ligamine,
508 603 601 679 potior
614 601 667 659 erit
680 601 742 678 ejus
757 600 883 659 conditio
897 619 982 674 quarn
997 599 1158 658 innocentis
1172 599 1283 677 ejectae.

94 697 276 766 “Quomodo
297 709 340 758 est
360 699 505 759 veruml”
530 701 622 773 iuquit
643 700 674 757 S.
696 700 884 776 Augustinus,
907 698 1091 766 “Quomodo
1113 697 1283 767 mechatur,

94 797 152 855 nisi
166 797 307 870 illaquam
322 796 412 866 duxit,
425 816 461 856 eo
475 798 587 857 vivente
599 817 615 855 a
626 816 683 871 quo
693 798 811 856 dimissa
825 807 879 863 est.
892 797 983 856 adhuc
994 816 1068 856 uxor
1078 796 1170 855 alicua
1184 807 1229 855 est
1240 795 1286 854 i”²

95 894 233 960 Quamvis
243 904 335 953 autem
344 895 478 954 Christus
487 896 522 953 de
532 896 673 954 solutione
682 895 787 954 vinculi
798 895 1012 953 matrimonialis
1022 893 1143 953 divortio
1155 893 1285 953 mosaico

94 991 184 1050 fuerat
203 992 399 1070 interrogatus,
422 995 571 1070 responsio
596 994 715 1078 ejusde
737 993 863 1051 adultera
881 992 1049 1052 dimittenda
1069 991 1106 1050 ad
1128 991 1285 1051 divortium

94 1090 169 1149 thori
183 1101 351 1168 perpetuum
373 1093 475 1151 merito
488 1093 686 1170 restringitur:
708 1093 770 1169 ipse
784 1093 860 1151 enim
884 1093 1038 1152 mosaicam
1052 1092 1088 1150 de
1103 1090 1226 1150 divortio
1248 1091 1287 1151 le·

94 1205 160 1264 gem
181 1188 293 1248 duritiei
311 1188 489 1260 Judoeorum,
511 1190 704 1267 potiusquam
726 1190 862 1263 aequitati,
877 1191 921 1248 vel
943 1191 1088 1267 primaevae
1107 1191 1286 1250 matrimonii

94 1282 262 1345 institutioni
289 1305 443 1346 consonam
470 1287 630 1355 declaravit,
652 1299 680 1344 et
698 1287 860 1346 inviolabile
881 1305 997 1365 prorsus
1018 1286 1196 1346 matrimonii
1217 1305 1285 1346 con·

94 1382 227 1439 summati
252 1383 394 1461 ligamen:
414 1393 436 1432 .“
449 1383 534 1452 Quod
556 1402 624 1461 ergo
648 1384 729 1444 Deus
752 1384 911 1461 conjunxit,
935 1383 1023 1442 homo
1044 1401 1103 1441 nou
1123 1383 1285 1461 separet.”¹

95 1476 173 1537 Dicit
186 1481 272 1558 igitur
285 1500 399 1540 omnem
420 1482 469 1556 qui
489 1500 608 1540 uxorem
631 1481 747 1540 dimittit
769 1481 921 1550 moechari,
937 1491 1076 1552 quatenus
1098 1491 1118 1518 ‘⁶
1131 1482 1199 1541 iacit
1219 1501 1284 1543 eam

95 1575 274 1645 moechari,”⁸
293 1596 381 1650 seque
402 1576 529 1637 adulterii
551 1578 678 1656 periculo
700 1590 803 1636 temere
827 1597 860 1637 se
880 1579 989 1657 objicit,
1005 1581 1033 1638 oi
1054 1579 1152 1640 forsan
1173 1580 1284 1640 detecta

92 1673 152 1750 jam
167 1675 264 1734 uxoris
280 1677 401 1753 pravitas
421 1696 486 1735 eum
501 1677 602 1735 habeat
622 1687 798 1736 excusatum.
840 1677 969 1736 Tenetur
989 1688 1083 1737 tamen
1097 1680 1161 1756 ipse
1175 1698 1208 1739 se
1223 1700 1284 1740 cas·

95 1779 155 1828 tum
169 1771 320 1841 custodire,
336 1767 368 1831 et'
378 1792 465 1832 novas
480 1774 593 1852 nuptias
607 1773 715 1851 fugere,
730 1772 865 1846 quamdiu
881 1775 984 1832 vixerit
997 1793 1069 1833 uxor
1083 1774 1182 1834 infida.

12 1855 15 1861 ¹
135 1872 183 1928 53.
208 1867 274 1949 obj.
289 1875 318 1928 2.
334 1872 366 1929 S.
382 1872 536 1931 Basrurus:
553 1881 572 1909 ‘⁶
585 1872 656 1940 Qua
671 1871 784 1947 reliquit
794 1881 838 1930 est
848 1871 982 1939 adultera,
997 1873 1022 1930 si
1036 1872 1071 1930 ad
1085 1872 1173 1932 alium
1189 1876 1282 1935 virum

95 1967 233 2035 accessit;
250 1968 363 2027 relictus
378 1967 443 2027 rerd
458 1981 502 2029 est
521 1968 624 2048 dignus
639 1969 738 2028 reaia:
762 1980 789 2027 et
803 1987 868 2042 quae
881 1988 947 2028 cum
962 1988 997 2028 eo
1011 1970 1128 2038 habitat,
1144 1990 1203 2030 non
1217 1972 1283 2032 ideo

101 2064 352 2125 condemnatur.”⁴
390 2067 552 2127 Lactantius
574 2069 612 2126 ait
631 2076 651 2105 “
663 2086 726 2125 esse
741 2066 908 2136 adultemm,
924 2067 973 2143 qui
987 2087 1003 2125 a
1023 2069 1124 2127 marito
1136 2068 1286 2130 dimissam

93 2160 216 2232 duxerit,
232 2176 261 2224 et
274 2183 339 2223 eum
354 2166 403 2238 qui
424 2175 524 2244 practer
538 2165 645 2222 crimen
666 2162 797 2225 adulterii
811 2182 932 2223 uxorem
952 2164 1101 2237 dimiserit,
1116 2176 1149 2225 ut
1162 2168 1283 2229 alterum

92 2259 224 2321 ducat.''³

136 2360 226 2439 Rcap.
261 2362 361 2421 Basilii
388 2382 480 2422 canon
504 2354 614 2422 videtur
643 2362 767 2422 indicare
795 2364 924 2423 maritum
950 2364 985 2423 ab
1009 2383 1097 2424 uxore
1124 2355 1286 2448 desertum,

95 2460 120 2517 si
141 2459 224 2518 aliam
246 2470 406 2518 consortem
427 2462 471 2518 sui
495 2461 570 2520 thori
589 2461 682 2528 saciat,
698 2461 809 2521 veniam
831 2461 970 2519 Ecclesia
992 2462 1102 2521 facilius
1116 2464 1283 2543 impetrare,

94 2557 201 2631 absque
220 2557 342 2616 solemni
362 2558 547 2635 poeniteutia3
569 2559 698 2630 quamvis
718 2559 795 2615 enim
816 2558 936 2635 graviter
957 2569 1056 2637 peccet
1072 2563 1282 2624 consuetudine

91 2653 199 2722 illicita,
211 2653 293 2730 culpa
303 2653 512 2727 quodammodo
526 2663 702 2721 extenuatur,
715 2653 809 2711 habita
820 2655 927 2730 ratione
938 2657 1056 2732 periculi
1068 2658 1114 2716 cui
1128 2660 1165 2718 ob
1179 2661 1282 2719 uxoris

92 2750 200 2808 crimen
214 2750 371 2827 objicitur.⁰
409 2750 572 2809 Lactantius
593 2750 685 2809 verbis
700 2750 791 2808 citatis
807 2769 915 2810 morem
936 2752 1046 2830 legibus
1061 2755 1175 2832 imperii
1187 2759 1283 2817 sanci·

92 2860 152 2907 tum
166 2847 291 2907 indicat:
313 2848 402 2908 “Sed
416 2849 512 2908 divina
524 2849 592 2908 lex'’
602 2848 748 2925 subjungit
768 2849 829 2924 ipse
844 2857 864 2886 “
874 2849 912 2907 ita
925 2849 998 2909 duos
1012 2852 1043 2910 in
1055 2854 1281 2927 matrimonium,

92 2946 168 3019 quod
180 2960 224 3006 est
236 2949 265 3006 in
280 2967 383 3026 corpus
398 2967 496 3017 unum,
512 2950 571 3026 pari
582 2949 646 3026 jure
660 2947 818 3024 conjungit,
833 2956 865 3007 ut
877 2948 985 3007 adulter
997 2949 1133 3010 habeatur
1146 2954 1282 3029 quisquis

91 3063 259 3123 compagem
275 3046 402 3124 corporis
417 3047 445 3104 iu
459 3045 571 3103 diversa
590 3043 782 3102 distraxerit.”
824 3044 914 3104 Porro
928 3045 1006 3123 leges
1027 3047 1093 3116 illae,
1108 3047 1175 3107 licet
1188 3050 1283 3128 impe·

91 3157 215 3203 ratarum
230 3144 444 3203 christianorum
461 3143 623 3202 auctoritate
638 3142 765 3208 firmatae,
780 3141 915 3200 tolerasse
930 3143 1123 3220 potiusquam
1141 3148 1282 3222 probasse

89 3240 210 3302 divortia
223 3243 260 3301 ob
272 3242 449 3307 adulterium,
462 3249 491 3297 et
501 3239 613 3316 nuptias
626 3237 691 3295 inde
703 3250 813 3298 secutas
827 3239 926 3297 merito
939 3250 1099 3299 censentur.
1142 3251 1162 3279 “
1174 3243 1283 3316 Aliae‚’'

89 3341 181 3414 inquit
195 3342 227 3399 S.
245 3340 452 3417 Hieronymus,
475 3346 573 3396 “suut
594 3338 672 3414 leges
694 3336 853 3404 Caesarum,
868 3337 930 3395 aliae
952 3337 1077 3396 Christi:
1100 3340 1176 3398 aliud
1192 3343 1281 3421 Papi·

90 3442 202 3508 niaous,
218 3438 294 3499 aliud
315 3439 422 3499 Paulus
442 3449 540 3496 noster
561 3436 735 3514 praecipit.'¹⁷
775 3437 807 3494 S.
834 3435 1062 3512 Chrysostomus
1086 3447 1106 3475 ‘⁴
1119 3440 1184 3499 Nec
1207 3443 1281 3502 milri

92 3541 193 3594 recites
207 3537 285 3614 leges
298 3548 438 3603 externae,
454 3545 537 3608 atque
551 3535 694 3611 profanas,
704 3553 767 3608 quae
781 3533 908 3593 libellum
920 3533 1032 3612 repudii
1045 3534 1122 3604 dare,
1137 3557 1171 3596 ac
1186 3538 1282 3600 divor·

90 3633 159 3691 tium
170 3632 261 3690 facere
277 3633 461 3710 praecipiuut3
477 3651 534 3713 non
548 3632 624 3690 enim
640 3632 765 3708 prolecto
777 3631 933 3690 secuudum
949 3631 1000 3689 has
1012 3632 1089 3711 leges
1097 3634 1279 3710 judicaturus

96 3742 141 3788 est
154 3728 245 3796 Deus,
259 3728 309 3786 sed
320 3731 404 3807 juxta
417 3748 465 3787 eas
480 3748 550 3804 quas
565 3730 627 3806 ipse
642 3728 784 3807 posuit.’'⁸

128 3832 177 3887 54.
203 3825 269 3905 obj.
285 3832 313 3885 3.
336 3828 366 3886 S.
383 3828 534 3886 Zacharias
555 3827 635 3904 Papa
659 3827 763 3885 saeculo
785 3837 886 3886 octavo
900 3827 942 3885 sic
956 3826 1098 3900 loquiturz
1122 3838 1142 3866 ‘⁴
1158 3830 1276 3893 Concu.

89 3926 175 3985 buisti
188 3944 253 3984 cum
268 3941 364 3983 sorore
378 3925 475 3982 uxoris
490 3924 565 3982 turcl
586 3924 612 3982 si
625 3923 728 3990 iecisti,
750 3932 876 3982 neutram
902 3923 1025 3982 habeas:
1049 3933 1077 3982 et
1097 3925 1123 3983 si
1138 3927 1198 3999 illa,
1214 3950 1278 4005 quae

411 4573 453 4640 (6)
472 4572 536 4622 Vide
548 4570 610 4621 Ceu.
621 4570 672 4620 xxi.

414 4661 443 4725 (7
475 4657 741 4723 Ep.xxx.ad0oeau.

414 4746 442 4810 (8
476 4741 778 4810 Iuc.vii.ep.1adOor.
