2798 5092
359 354 421 413 'DE
444 347 709 413 sanctonum
733 342 1038 406 lNVOOATIONE.
1187 344 1194 353 “
1223 346 1279 403 197

572 1073 714 1134 CAPUT
735 1073 791 1132 ΙΙΙ.

274 1323 329 1374 oa
371 1287 1082 1374 sancroaunrnvoonrronx·.

126 1551 169 1623 ΑΟ.
189 1551 326 1620 Quamvis
346 1551 425 1611 nulla
444 1550 507 1628 lege
522 1548 619 1608 divina
632 1548 679 1607 vel
693 1548 898 1607 Ecclesiastico
912 1558 1077 1608 sanctorum
1092 1548 1272 1626 precipiatur

100 1639 229 1719 invocatio,
239 1651 266 1708 si
280 1649 418 1718 Litanias,
430 1648 529 1726 paucis
542 1648 642 1706 diebus
652 1648 728 1716 anni,
741 1647 918 1707 Breviarium
930 1648 1112 1708 recitantibus
1126 1651 1275 1727 praescrip-

99 1746 131 1796 tos
143 1748 295 1825 exceperis,
311 1746 395 1804 docet
410 1756 505 1805 tamen
521 1745 655 1804 Ecclesia
667 1744 774 1803 bonum
790 1763 854 1803 esse
866 1755 895 1803 et
908 1747 976 1804 utile
991 1757 1105 1808 sanctos
1118 1749 1250 1809 invocare
1263 1773 1271 1819 ;

102 1851 146 1906 qua
155 1853 242 1903 autem
257 1828 367 1902 ratione
380 1853 457 1920 patet
470 1861 508 1900 ex
521 1861 608 1918 snpra
627 1839 739 1900 laudato
752 1840 923 1899 Tridentino
937 1841 1061 1902 decreto.
1102 1845 1184 1904 Piam
1200 1848 1273 1906 banc

102 1940 319 2000 consuetudinem
340 1940 518 2017 impugnavit
531 1937 752 2011 saeculoqninto
773 1936 889 1995 ineunte
906 1939 1098 2016 Vigilantiusz
1120 1942 1274 2004 vindicavit

99 2044 175 2096 auum
195 2039 326 2117 egregius
341 2037 440 2097 doctor
458 2037 671 2112 'Hieronymus
715 2033 883 2094 Henriciani
903 2055 954 2094 seu
978 2038 1192 2100 Petrobrusiani
1213 2044 1272 2100 Sae-

99 2128 149 2190 culo
160 2133 237 2203 xm,
253 2133 425 2193 Waldenses
441 2133 578 2210 deinceps
592 2143 621 2191 et
634 2131 789 2200 Taboritae,
804 2141 833 2191 et
846 2131 954 2193 Saeculi
965 2134 1049 2194 XVI.
1065 2137 1235 2198 Novatores.

584 2341 767 2382 onerosum.

127 2480 240 2545 Bonum
254 2492 298 2544 est
312 2493 340 2545 et
352 2482 426 2544 actile
448 2481 572 2542 Sanctae
595 2499 667 2541 cum
687 2480 805 2542 Christe
825 2491 986 2563 regnantes
1007 2487 1178 2568 suppliciter
1191 2492 1273 2552 invo-

99 2591 156 2638 cors.

125 2676 269 2740 Probatur
284 2679 310 2739 I.
324 2698 360 2739 en
377 2678 544 2759 Scriptura.

124 2781 166 2838 ll.
185 2779 277 2838 Jacob
291 2779 432 2856 Ephraim
447 2789 475 2837 et
489 2778 625 2836 Manassc
645 2776 829 2845 benedicens,
845 2777 935 2837 dixit:
959 2789 978 2818 ‘⁴
991 2782 1119 2860 Angelus
1136 2788 1184 2859 qui
1200 2792 1273 2849 eruit

97 2887 131 2931 ue
152 2874 186 2935 de
215 2877 326 2936 cunctis
354 2875 449 2943 malis,
475 2872 625 2933 benedicat
649 2873 745 2950 pueris
774 2874 860 2932 istis:
883 2884 912 2933 et
937 2876 1084 2938 invocetur
1111 2901 1198 2960 super
1222 2905 1272 2945 eos

96 2985 181 3033 nomen
207 2993 325 3034 meum:
349 2975 466 3032 nomina
489 2991 604 3047 qnoque
627 2982 737 3049 patrum
763 2991 893 3031 meorum
923 2975 1066 3037 Abraham
1090 2992 1118 3038 et
1146 2983 1273 3042 Isaac.'’¹

95 3074 316 3180 mppffng
328 3071 590 3182 meam-opp
605 3048 968 3181 optinum-1252&
1007 3074 1095 3134 Recte
1120 3078 1274 3152 adnotavit,

95 3185 298 3257 Rosenmtlllerr
323 3181 520 3271 “intelligitur
541 3189 618 3248 idem
641 3189 689 3248 ille
704 3187 852 3268 Angelus,
868 3193 917 3265 qui
937 3193 1058 3252 luctatus
1083 3216 1148 3257 cnm
1167 3199 1273 3260 lsraele

93 3301 201 3350 oarmtur
214 3296 264 3359 32,
280 3294 330 3359 24,
345 3299 373 3348 et
386 3309 473 3365 quem
484 3288 574 3347 Jacob
600 3287 748 3346 tutelarem
763 3308 848 3349 suum
863 3292 1023 3368 putabat.”⁹
1064 3295 1144 3375 Ergo
1157 3317 1272 3376 persua.

94 3400 145 3447 som
157 3388 265 3448 Jacobo
281 3398 341 3446 erat
354 3386 471 3465 angelos
487 3385 619 3447 tutelares
634 3385 686 3443 rite
701 3386 837 3453 luvocari,
853 3398 884 3445 ut
898 3388 1067 3450 benedicant
1080 3408 1108 3451 et
1123 3405 1271 3474 protegant

97 3481 141 3540 sibi
152 3483 376 3545 commendatos.
418 3484 496 3542 Eum
510 3492 604 3541 autem
619 3481 717 3541 divirm
730 3481 865 3541 instinctu
880 3483 1028 3558 loquutom
1049 3488 1138 3549 fuisse
1152 3508 1271 3556 constat.

127 3584 169 3642 tt.
191 3583 303 3650 Moses,
319 3592 349 3641 ut
363 3582 457 3641 Deum
483 3581 591 3659 populo
616 3580 653 3639 cb
677 3579 795 3657 vitulum
819 3581 992 3643 conflatilem
1013 3586 1115 3648 iratum
1136 3591 1269 3668 placaret,

97 3674 173 3739 dixit:
191 3690 211 3718 ‘⁶
223 3679 397 3749 Recordare,
413 3680 546 3748 Domine,
560 3677 715 3748 Abraham,
727 3677 818 3747 lsaac,
831 3690 860 3737 et
873 3679 972 3751 lsrael,
986 3701 1132 3746 servorum
1148 3700 1270 3762 tuorum,

97 3778 184 3846 quibus
195 3780 297 3858 jurasti
312 3798 363 3856 per
377 3778 569 3855 temetipsum,
585 3775 678 3834 &c.”⁸
717 3775 897 3836 Fidelitatem
910 3798 995 3853 quam
1008 3781 1072 3841 Deo
1081 3803 1227 3849 servarunt
1241 3792 1271 3849 hi

96 3874 179 3935 exirnii
193 3879 255 3956 ejus
270 3877 368 3935 famuli
383 3875 524 3953 imprimis
540 3874 652 3953 allegat,
667 3884 698 3933 ut
712 3874 807 3934 Deum
830 3875 934 3945 flectat,
950 3897 1036 3951 quem
1051 3883 1136 3942 etiam
1151 3888 1271 3962 promis-

97 3969 171 4032 sionis
196 3977 252 4035 illis
277 3977 439 4053 juramento
461 3974 578 4031 firmatae
602 3981 710 4032 monet.
752 3972 838 4031 Haud
860 3975 984 4034 absimili
1004 3978 1112 4039 ratione
1139 3983 1271 4044 Ecclesia

97 4073 229 4131 consuevit
241 4073 308 4132 Dec
322 4072 492 4130 Sanctorum
514 4070 631 4129 virtutes
646 4080 673 4131 et
688 4069 787 4128 merita
801 4089 955 4149 exponere,
971 4072 1007 4132 ad
1024 4076 1094 4134 iram
1110 4096 1190 4137 snam
1204 4081 1271 4141 flec-

97 4167 201 4229 tendam.
243 4171 299 4229 Est
312 4168 456 4228 indirecta
471 4167 600 4241 quaedam
616 4167 767 4227 invocatio.

128 4268 169 4324 43.
188 4269 325 4328 Salomon
340 4268 370 4326 in
383 4265 483 4343 templi
497 4265 674 4324 dedicatione
688 4265 822 4341 precibus
842 4265 919 4324 hunc
934 4265 1074 4343 'apposuit
1094 4274 1265 4340 terminum:

99 4359 236 4427 “Domine
251 4367 333 4426 Deus
348 4382 384 4423 ne
398 4363 531 4422 averteris
546 4363 647 4422 laciem
660 4361 770 4422 Christi
780 4363 840 4422 tuis
856 4373 1000 4423 memento
1013 4365 1268 4440 misericordiarum

511 4523 554 4590 (1)
574 4521 773 4572 uenantum.

510 4610 553 4676 (2)
573 4608 604 4659 In
614 4609 703 4659 locum.

512 4694 553 4759 (3)
571 4694 740 4747 Exodxxxii.
753 4697 792 4744 13.

589 4785 651 4843 17*
