2798 5092
580 397 805 459 APPENDIX.

583 654 637 713 vl.
660 610 799 714 incuso.

129 812 267 872 Schisma
281 813 388 873 facturn
402 824 448 872 est
462 815 497 873 ab
511 813 653 888 aliquibus
676 811 821 892 episcopis
847 813 938 873 Istriae
959 812 1108 872 occasione
1129 811 1225 872 trium
1245 830 1289 872 ca·

91 906 258 985 pitulorum
287 927 350 983 quae
378 900 523 968 damnavit
549 911 703 971 concilium
731 909 1080 987 constantinopolitanum
1114 926 1189 967 anno
1218 912 1287 966 552.

96 1005 244 1066 Theodori
259 1007 460 1084 Mopsuesteui
475 1007 589 1083 scripta,
607 1008 785 1070 Theodoreti
798 1008 862 1067 libri
876 1022 974 1067 contra
997 1005 1148 1066 duodecim
1163 1005 1290 1082 capitula

95 1101 123 1160 S.
138 1102 256 1181 Oyrilli,
272 1111 301 1163 et
313 1103 435 1180 epistola
455 1103 512 1161 Ibae
527 1102 670 1165 Edesseni
683 1105 718 1164 ad
741 1105 847 1164 Marim
868 1105 986 1164 Persam
1002 1104 1085 1163 trium
1100 1101 1292 1180 capitulorum-

95 1192 211 1258 uornine
226 1198 431 1277 intelliguntur.
460 1199 614 1260 Restiterat
638 1200 687 1260 diu
697 1201 822 1280 Vigilius
836 1200 965 1278 pontifex
979 1219 1044 1259 cum
1059 1197 1289 1259 Occidentalibus

95 1295 238 1372 plerisque
259 1315 359 1355 eorum
381 1295 566 1367 damnationi,
589 1317 624 1357 na
647 1297 878 1358 chalcedonensi
899 1296 1031 1366 concilio,
1053 1295 1129 1371 quod
1151 1282 1289 1354 Theodoss

102 1402 194 1452 retum
214 1404 243 1451 et
263 1392 343 1451 Ibam
367 1405 529 1470 exceperat,
544 1395 606 1453 fieri
627 1394 770 1455 videretur
790 1396 910 1474 injuria;
931 1407 959 1454 et
979 1393 1151 1454 Jourcsuou
1173 1412 1231 1467 quo
1255 1413 1291 1452 ea

95 1488 276 1549 damnaverat
295 1491 369 1567 ipse,
397 1492 526 1567 graviora
545 1490 679 1551 scandala
699 1504 840 1562 metuens,
863 1490 1099 1570 supprimendum
1120 1501 1289 1559 censuerat;

98 1585 273 1645 confirmavit
283 1596 386 1650 umen.
396 1586 415 1646 J
418 1587 559 1647 ustiniano
568 1589 737 1665 imperatore
745 1598 873 1667 urgente,
888 1587 1033 1667 synodum
1048 1587 1290 1665 Constantinopo-

96 1682 221 1752 litanam,
235 1702 355 1758 eamque
370 1687 547 1745 aecumenica
567 1684 675 1764 pollere
697 1687 860 1746 auctoritate
876 1686 974 1746 voluit.
1015 1684 1172 1763 Displicnit
1184 1684 1213 1744 id
1227 1686 1290 1766 plu·

96 1781 174 1840 nmis
197 1779 441 1850 occidentalibus,
463 1801 585 1857 quorum
600 1784 740 1853 nonnulli,
761 1803 836 1843 anno
857 1788 926 1850 557,
955 1783 1174 1842 conciliabulum
1199 1782 1288 1842 Istriae

96 1877 227 1946 habuere,
242 1888 270 1936 et
283 1878 375 1936 fecere
393 1878 529 1949 schisma,
552 1880 630 1953 quod
645 1893 738 1941 umen
753 1890 817 1940 anto
832 1881 959 1939 medium
974 1881 1112 1938 seculum
1133 1880 1287 1956 septimum

98 1974 253 2033 extinctum
269 1982 325 2032 est.

132 2072 283 2131 Mouscm
296 2073 428 2131 Scaeuae
444 2062 518 2132 anno
534 2078 591 2133 518
617 2066 713 2133 tuibas
727 2074 847 2144 cierunt,
862 2074 936 2133 hanc
957 2071 1137 2152 predicando
1156 2072 1288 2149 proposi·

98 2171 221 2229 tionem:
248 2178 268 2206 “
279 2168 363 2227 Unus
379 2188 395 2228 e
409 2171 549 2230 Trinitate
573 2171 727 2231 crucifixus
748 2172 842 2230 estin
867 2169 982 2230 carne.”
1022 2170 1084 2229 Eos
1106 2166 1291 2245 Eutychiano

98 2285 182 2327 sensu
196 2265 226 2325 id
252 2285 378 2324 asserere
401 2268 532 2326 nonnulli
552 2267 734 2344 judicarunt;
756 2267 927 2327 Hormisdas
942 2278 1035 2326 antem
1052 2264 1181 2344 pontifex
1198 2264 1289 2322 noluit

97 2383 192 2425 eorum
208 2374 334 2423 mentem
350 2365 474 2441 penitius
489 2365 650 2443 explorare,
665 2365 711 2427 vel
732 2365 857 2440 aliquam
878 2365 946 2425 fidei
966 2364 1050 2423 odore
1072 2363 1266 2422 definitionem
1281 2380 1288 2427 ;

99 2461 300 2523 sedtumultus
315 2480 413 2519 eorum
435 2462 623 2539 compescuit.
798 2450 801 2457 ¹

132 2557 430 2618 Gosaomcocaaou
453 2568 483 2617 et
505 2559 828 2619 luccaeuerrcocanon
852 2560 926 2618 inter
950 2559 1152 2637 Eutychianos
1165 2566 1289 2616 emerse-

98 2666 159 2716 mnt
182 2669 268 2715 sectae
295 2674 370 2715 anno
394 2656 505 2715 circiter
527 2661 596 2715 519.
637 2657 684 2717 lfli
711 2656 820 2716 Christi
842 2676 946 2734 corpus
967 2655 1087 2734 perinde
1107 2670 1141 2714 ac
1162 2667 1289 2715 nostrum

99 2766 211 2833 pessum
222 2755 312 2814 fuisse
323 2754 622 2832 detrimente,propter
635 2773 700 2829 qua
713 2757 786 2823 cibo,
802 2766 881 2832 potu,
897 2755 1004 2828 requie,
1016 2753 1166 2831 indigeret,
1181 2772 1291 2812 assere·

100 2853 181 2922 hrut3
204 2862 305 2926 '‘qnnm
329 2853 360 2912 hi
387 2871 452 2911 eum
472 2852 570 2929 specie
590 2863 673 2911 mnus
694 2852 808 2919 esuriei,
830 2851 904 2919 sitis,
929 2850 1102 2928 fatigationis
1126 2850 1292 2910 affectiones·

101 2969 213 3027 passum
231 2970 297 3010 esse
313 2950 525 3010 contenderent.

135 3052 293 3111 honosum
309 3048 385 3108 idem
407 3051 460 3107 sub
481 3058 594 3126 tempus
615 3049 669 3106 orti
683 3060 751 3107 sunt
764 3049 838 3107 inter
858 3046 1068 3124 Eutychianos,
1084 3057 1200 3105 anctore
1214 3047 1293 3105 The·

104 3147 199 3207 mistio·
214 3146 337 3205 diacono
362 3166 379 3203 a
398 3163 456 3219 quo
474 3144 676 3205 Thunisticni
695 3145 765 3204 dicti
786 3156 863 3204 sunt.
904 3143 1078 3202 asserebant
1098 3144 1128 3202 hi
1143 3142 1293 3202 Cirristum

105 3242 192 3317 eliqua
206 3245 320 3321 penitus
335 3244 475 3320 ignorare,
492 3261 578 3301 unam
593 3244 622 3301 in
637 3261 672 3302 eo
687 3251 900 3322 propugnantes
914 3244 1068 3299 naturam.¹
1203 3250 1206 3254 '

136 3340 320 3399 umam
335 3338 419 3397 etiam
434 3348 547 3398 auctore
560 3338 673 3397 Joannc
687 3337 892 3405 Grammatico,
909 3347 1100 3414 cognomento
1114 3336 1289 3414 Philopono,

108 3434 215 3497 homine
237 3437 422 3514 Eutychiana
438 3437 491 3495 orti
506 3449 583 3496 sunt.
627 3437 686 3497 His
699 3436 880 3496 Aristotelica
894 3436 1019 3495 imbutus
1034 3435 1218 3514 philosophia
1239 3444 1294 3495 trsa

109 3537 281 3608 particulares
295 3537 324 3594 in
340 3535 478 3594 Trinitate
493 3537 675 3604 substantias,
690 3545 719 3594 et
732 3553 818 3594 unam
833 3550 1017 3594 communem
1034 3536 1181 3594 statuebat.

141 3635 303 3693 homanum
325 3652 458 3692 consciri
481 3633 538 3709 (sic
558 3633 628 3692 dicti
652 3650 688 3692 eo
708 3634 785 3707 quod
807 3634 837 3691 in
861 3644 917 3691 tres
943 3633 1168 3703 turmasdivisi,
1182 3634 1294 3694 divinas

111 3727 198 3792 landas
211 3732 262 3791 diu
287 3745 428 3805 noctuque
443 3745 580 3809 perpetuo
594 3732 815 3810 persolverent)
829 3731 954 3808 Scythas
968 3731 1165 3791 vehementius
1184 3734 1294 3809 impug·

110 3840 210 3899 mutes,
237 3830 381 3888 haereseos
408 3830 587 3890 Nestorienra
615 3829 738 3889 infectos
758 3849 791 3888 se
819 3828 1003 3906 prodiderunt
1031 3829 1105 3898 labe,
1131 3830 1293 3904 ideoqusa

108 3919 206 3988 leuius
220 3927 259 3987 11.
282 3946 357 3985 anno
379 3931 436 3985 554
450 3927 574 3986 damnati
587 3937 665 3997 sunt,
679 3929 729 4002 qui
749 3927 978 4005 propositionem
993 3926 1168 4005 Scytharum
1183 3926 1287 3984 Ortho-

113 4015 203 4085 doxam
218 4043 284 4083 esse
299 4023 438 4082 definivit.

552 4286 556 4294 ¹
581 4202 652 4263 Vll.
674 4202 812 4261 Sisooso.

51 4380 53 4435 ;
145 4356 376 4423 Monoeuecimu
387 4364 444 4420 620
458 4381 533 4420 anno
548 4372 614 4440 post
628 4360 776 4420 Christum
790 4368 887 4420 n'atum
902 4360 955 4420 orti
969 4369 1045 4428 aunt,
1062 4367 1176 4418 auctore
1188 4358 1289 4439 Sergio

115 4444 418 4535 Constantinopolitano
446 4458 613 4535 patriarcha.
664 4455 771 4516 Docuit
796 4457 843 4515 hic
868 4457 979 4515 unicam
999 4456 1029 4515 in
1054 4453 1172 4516 Christo
1201 4456 1289 4517 fuisse

115 4546 282 4626 v0luutatem,
299 4555 412 4613 unicam
427 4555 511 4614 etiarn
526 4555 677 4614 actionem.
719 4553 758 4612 Ei
784 4553 854 4612 favit
875 4552 1026 4612 Heraclius
1040 4552 1202 4632 imperator,
1214 4574 1292 4614 eum·

434 4732 477 4798 (1)
495 4720 559 4782 Vide
570 4730 704 4784 Leontium
714 4731 731 4782 1.
743 4730 774 4782 ds
784 4730 857 4782 metis
868 4736 915 4783 act.
929 4729 956 4782 a.

661 4823 702 4880 28
711 4820 728 4857 *
