2798 5092
92 342 148 399 tte
407 336 463 398 DE
485 337 676 398 UNITATE
699 334 969 398 MATRIMONII.
1058 390 1062 397 .

90 499 182 578 ipsius
198 496 343 555 institutis.
385 497 430 556 De
445 497 528 555 venia
548 497 669 557 Abrahae
690 496 754 555 data
767 507 875 555 certum
898 514 957 555 nou
979 494 1115 554 habemus
1130 493 1286 554 documen·

92 607 151 655 tum
167 615 174 665 ;
189 595 240 653 sed
255 615 340 654 nemo
355 596 434 654 facile
449 596 607 654 subscribet
622 595 737 654 Calviui
751 595 908 662 sententiaa,
924 612 989 652 eum
1005 603 1034 651 et
1048 593 1098 670 qui
1112 593 1175 670 ejus
1192 611 1288 650 exem·

93 696 171 774 plum
189 696 279 752 secuti
293 708 360 753 sunt
373 695 555 772 patriarchas,
570 696 679 773 peccati
694 695 848 773 arguentis.
890 692 1051 752 Dicendum
1074 692 1160 769 igitur
1177 690 1289 750 videtur

93 793 221 852 divinam
235 793 325 869 legem
341 810 374 850 ea
388 792 423 850 de
438 812 467 851 re
483 774 579 870 per·
593 805 722 869 tempora
736 792 887 850 relaxatam
901 809 909 859 ;
924 808 978 848 nec
994 799 1088 849 tamen
1102 788 1223 847 licuisse
1238 806 1289 846 nx·

94 911 159 950 ores
172 891 268 969 pluros
293 890 348 949 sibi
362 891 522 949 adsciscere
546 890 672 949 libidinis
693 900 774 959 aestu,
790 888 841 948 sed
864 889 951 966 prolis
972 887 1154 966 procreandoe
1182 885 1288 945 studio.

96 987 308 1047 “sufficiendae
334 988 421 1065 prolis
442 987 558 1055 causa‚'’
583 987 675 1061 inquit
694 988 882 1066 Augustinus,
905 995 925 1023 “
938 997 998 1045 erat
1011 1003 1134 1044 uxorum
1160 984 1289 1061 plurium

99 1086 186 1146 simul
201 1088 249 1144 uni
265 1088 326 1145 viro
348 1085 540 1144 habendarum
555 1086 735 1162 inculpabilis
757 1084 981 1144 consuetudo.'’²
1021 1082 1106 1152 Quod
1119 1083 1190 1141 dicit
1204 1081 1290 1141 Inno-

96 1186 206 1244 centius
220 1184 275 1243 111.
287 1204 294 1242 :
319 1193 339 1221 ‘⁶
352 1185 381 1243 N
384 1204 416 1242 eo
430 1185 481 1242 ulli
495 1202 621 1257 unquam
635 1184 716 1242 licuit
730 1184 847 1242 insimul
868 1184 964 1261 plures
980 1201 1084 1240 uxores
1099 1181 1216 1248 habere,
1232 1180 1291 1239 nisi

96 1283 142 1341 cui
156 1283 209 1341 fuit
222 1281 319 1340 divina
332 1282 504 1340 revelatione
519 1281 748 1350 concessum‘;”¹
762 1299 819 1340 non
833 1280 988 1358 specialem
1002 1280 1158 1352 uuicuique
1174 1277 1292 1355 dispen-

97 1382 236 1455 sationem
251 1381 346 1439 datam
360 1380 474 1447 indicat,
490 1379 541 1438 sed
556 1381 668 1438 veniam
688 1389 843 1453 utcumque
864 1398 1042 1438 concessam.
1085 1377 1290 1455 Polygamiam

93 1478 155 1555 jam
169 1478 244 1554 apud
259 1478 400 1536 israelitas
415 1478 558 1554 vigentem
578 1477 688 1555 legibus
704 1477 776 1535 rexit
789 1487 818 1535 et
832 1477 972 1555 mitigavit
983 1476 1117 1553 Moyses,
1133 1473 1192 1532 Dei
1213 1492 1293 1533 man·

98 1574 161 1632 data
176 1574 386 1651 promulgans.⁸

139 1674 187 1728 39.
209 1671 294 1747 Apud
309 1671 489 1730 Christianos
511 1690 612 1731 omnes
627 1672 805 1731 inconfesse
826 1681 870 1730 est
883 1670 1031 1730 Christum
1057 1688 1210 1730 revocasse
1231 1687 1293 1728 ma·

100 1769 263 1828 trimonium
279 1769 315 1828 ad
330 1771 494 1847 primarium
517 1771 686 1839 institutum,
702 1771 773 1830 adeo
788 1781 820 1829 ut
835 1771 896 1849 jam
912 1789 970 1831 non
983 1771 1069 1829 liceat
1089 1769 1184 1846 plnres
1207 1765 1298 1826 simul

100 1866 203 1926 ducere
224 1868 269 1926 vel
289 1869 392 1926 habere
417 1887 531 1937 uxores,
547 1867 599 1927 sed
623 1868 821 1927 contrahentes
847 1869 904 1927 duo
926 1867 1031 1926 foedere
1052 1868 1138 1926 unico
1158 1866 1295 1945 ligentur.

100 1966 178 2026 Inter
192 1967 309 2027 Lutheri
325 1981 453 2047 portenta
467 1987 633 2027 sermonum
648 1969 717 2026 illud
743 1968 892 2046 reperitur.
934 1968 1031 2045 “Ego
1046 1985 1116 2024 sane
1137 1966 1226 2024 fateor
1247 1967 1297 2022 me

101 2083 159 2123 non
174 2084 260 2142 posse
275 2067 426 2143 prohibere
440 2067 465 2124 si
478 2067 542 2141 quis
555 2067 650 2144 plures
663 2065 731 2124 velit
744 2085 848 2125 uxores
863 2065 977 2134 ducere,
989 2084 1043 2122 nec
1055 2070 1193 2141 repugnat
1206 2060 1297 2119 sacris

94 2146 253 2221 'litteris.”⁴
292 2163 336 2221 Re
351 2163 466 2237 quidem
481 2182 548 2220 vera
561 2164 624 2240 ipse
645 2181 780 2221 unacum
802 2163 1016 2230 Melanchtooe,
1033 2162 1157 2227 Bucero,
1172 2158 1298 2232 aliisque

101 2259 176 2318 inter
188 2270 338 2319 novatores
350 2261 513 2339 primipilis,
529 2260 667 2338 Philippo
682 2259 797 2319 Hassiae
818 2260 997 2338 Landgravio
1012 2261 1043 2319 iu
1057 2258 1216 2317 remedium
1232 2254 1300 2315 libi·

105 2357 192 2427 dinis,
208 2373 236 2417 et
251 2359 433 2418 conscientiae
449 2360 574 2433 quietem
596 2359 724 2428 indulsit,
739 2371 771 2419 ut
791 2342 903 2419 vivente
918 2359 1011 2419 adhuc
1031 2359 1160 2438 legitima
1174 2356 1303 2441 conjuge

105 2453 262 2524 Christioa,
274 2457 461 2532 Margaretam
473 2456 509 2513 de
521 2457 586 2514 Saal
600 2457 688 2515 filiam
700 2458 819 2535 Georgii
834 2459 967 2517 Saxontae
983 2457 1062 2516 ducis
1078 2474 1198 2517 uxorem
1211 2454 1300 2513 aliam

104 2550 159 2609 sibi
173 2550 344 2611 adscisceret
357 2573 432 2612 anno
449 2558 536 2623 1540,
552 2555 733 2613 matrimonio
749 2567 842 2614 tamen
857 2556 930 2616 clam
952 2555 1104 2624 celebrato,
1120 2553 1228 2612 “nesi
1250 2572 1301 2631 pa·

104 2646 160 2705 lam
175 2646 204 2705 id
219 2649 277 2717 fiat,
292 2649 442 2729 Evangelii
457 2650 555 2710 hostes
571 2651 740 2720 exclament,
755 2651 947 2731 Evangelicos
962 2651 1072 2709 similes
1087 2668 1151 2708 esse
1165 2648 1301 2727 Anabap·

105 2745 191 2814 tistis,
212 2748 263 2821 qui
283 2749 369 2807 simul
391 2750 486 2827 plures
506 2749 648 2808 duxerunt
662 2746 790 2808 uxores:
814 2750 882 2809 item
903 2749 1096 2827 Evangelicos
1118 2766 1182 2807 eam
1197 2747 1303 2807 sectari

104 2840 261 2903 libertatem
286 2847 373 2905 simul
392 2846 487 2925 plures
509 2846 641 2916 ducendi,
664 2865 727 2920 quae
749 2848 778 2906 in
799 2847 907 2906 Turcia
926 2848 956 2906 iu
971 2866 1025 2905 usu
1047 2845 1121 2904 est.”
1162 2845 1208 2905 Ita
1228 2845 1300 2905 novi

105 2939 259 3020 Evangelii
273 2944 413 3003 vaferrimi
428 2964 584 3023 precones.
608 2945 681 3003 Ilem
694 2955 802 3023 gestam
813 2940 942 3022 probavit
956 2944 1126 3003 Bossuetius
1137 2946 1160 3015 3⁵
1173 2942 1302 3003 Ernesto

99 3036 222 3125 ¹Hessius
237 3040 400 3118 landgravio
415 3042 523 3101 tabulas
539 3062 575 3101 ex
590 3043 695 3101 scrinio
711 3043 850 3119 majorum
866 3060 982 3101 suorum
997 3039 1196 3120 producente.o

147 3138 195 3193 40.
218 3136 419 3213 Anabaptistas
435 3140 520 3199 verbo
535 3153 563 3198 et
584 3126 717 3216 exemplo
738 3138 954 3197 commendasse
969 3138 1301 3217 polygamiam'constat,

108 3253 194 3308 quam
210 3248 303 3294 tamen
315 3248 453 3314 respuunt
467 3237 603 3316 Baptistae
619 3248 756 3296 nostrates
772 3256 837 3295 cum
852 3238 980 3296 sectariis
995 3237 1127 3296 omnibus
1142 3235 1302 3296 hodiernis.

108 3331 144 3390 In
166 3333 332 3411 turpissimo
352 3334 506 3393 refellendo
530 3354 633 3404 errore,
655 3354 712 3394 non
737 3346 781 3392 est
801 3354 852 3392 cur
872 3335 1067 3403 immoremur,
1089 3333 1213 3408 ideoque
1239 3352 1304 3408 quae

111 3428 245 3487 Christus
261 3431 404 3490 Dominus
429 3432 554 3510 protulit,
575 3434 709 3492 recitasse
724 3432 864 3490 sufficiat:
889 3432 992 3491 “Nou
1013 3430 1134 3510 legistis,
1150 3432 1218 3506 qnia
1239 3430 1306 3506 quis

110 3525 177 3584 fecit
190 3527 336 3588 hominem
352 3531 408 3589 ab'
401 3532 491 3599 tuitio,
506 3529 665 3590 masculum
675 3543 704 3589 et
714 3530 859 3588 toeminam
872 3528 1019 3588 feciteosi
1052 3529 1093 3589 Et
1106 3528 1203 3588 dixit:
1201 3527 1307 3607 Prop-

111 3633 154 3682 ter
168 3624 223 3684 hoc
238 3627 360 3688 dimittet
373 3630 461 3690 homo
475 3641 584 3709 patrem
598 3641 626 3689 et
640 3638 769 3698 matrem,
784 3640 813 3686 et
826 3627 980 3687 adherebit
999 3627 1082 3686 uxori
1096 3615 1168 3704 suae,
1182 3624 1211 3687 et
1224 3639 1308 3687 erunt

104 3721 169 3811 *duo
184 3723 214 3782 in
228 3745 311 3785 carne
325 3748 390 3787 una.
432 3729 530 3804 Itaque
547 3729 609 3807 jam
624 3748 682 3789 non
697 3738 764 3786 sunt
777 3726 844 3795 dno,
860 3725 911 3784 sed
932 3746 989 3786 una
1002 3722 1116 3785 caro.”⁷
1158 3726 1226 3787 Una
1238 3725 1308 3786 duo·

148 3939 191 4007 (l)
212 3937 274 4006 Gap.
286 3940 428 3994 Gaudemus
439 3944 488 3994 viii.
499 3944 530 3994 de
540 3943 658 3995 divortiis.

149 4026 178 4092 (2
180 4029 192 4093 )
163 4026 241 4076 st..
251 4029 285 4079 iii.
297 4029 327 4079 de
336 4031 398 4081 doct.
411 4031 537 4084 Christe.
549 4034 593 4084 xii.

150 4114 178 4177 (3
180 4115 191 4178 )
211 4114 285 4166 Deut.
297 4116 349 4166 xxi.
363 4120 402 4166 15.
413 4134 472 4168 xxv.
484 4122 508 4168 5

106 4194 108 4199 ’
150 4201 193 4269 (4)
212 4204 255 4255 An
266 4207 308 4256 der
319 4206 517 4260 KanzlerBr'tick
530 4211 562 4258 14
573 4209 628 4260 Jan.
643 4211 715 4261 1524.

112 4289 118 4301 ’
150 4291 337 4355 (5)Htsevar.
349 4299 364 4351 1.
376 4297 409 4346 vi

151 4379 216 4443 (6)‘
217 4382 296 4436 ‘Dieu
307 4402 369 4450 pour
383 4387 515 4436 confondre
523 4387 546 4436 la
558 4387 673 4439 modeme
684 4403 788 4452 sogesse,
798 4386 886 4453 permit
902 4384 944 4452 qu'
956 4404 989 4438 on
1000 4388 1024 4438 la
1034 4386 1079 4438 tire
1096 4384 1141 4436 des
1154 4386 1269 4440 archives
1285 4387 1315 4439 de

115 4462 139 4512 la
153 4464 246 4528 Hesse3
264 4479 288 4518 et
299 4471 320 4520 c’
332 4480 368 4522 est
379 4486 429 4522 une
440 4472 508 4522 main
525 4480 671 4537 protestante
688 4475 730 4540 qui
740 4474 786 4523 mit
797 4473 859 4522 ainsi
875 4488 907 4522 en
919 4473 1020 4524 lumiere
1036 4474 1059 4522 le
1069 4469 1235 4527 deshonnaur
1246 4475 1276 4525 de
1293 4474 1316 4524 la

118 4548 206 4599 secte.”
238 4553 286 4603 Vie
297 4555 326 4604 de
338 4555 433 4606 Luther
443 4573 486 4622 par
495 4557 581 4608 Audin
592 4560 639 4610 vol.
651 4558 684 4610 11.
696 4561 735 4611 ch.
743 4557 830 4609 xxviii.
926 4574 929 4579 ·

153 4636 196 4704 (7)
215 4639 285 4689 Mate
297 4642 349 4692 xix.
360 4643 385 4692 4.
