2812 5092
101 350 160 421 336
589 349 814 410 ΔΡΡΕΝΒΙΧ.

100 507 176 577 rimi,
198 508 424 568 Manichaeorum
439 507 542 585 placita
561 506 682 567 dirersis
696 510 750 568 sub
764 508 863 568 formis
876 517 1057 577 renovantes,
1076 508 1221 567 seculum
1244 505 1297 565 boc

101 603 252 663 foedarunt.

573 763 659 825 XIII.
682 765 820 824 Smenos.

139 925 338 992 haereamus,
354 923 389 982 ab
403 922 511 1001 oppido
524 922 627 1001 Albiga
639 925 669 983 in
682 923 777 982 Gallia
787 922 966 982 meridionali
977 925 1125 1003 appellati,
1140 923 1297 983 Manicha-

101 1036 181 1077 orum
195 1037 304 1077 errores
319 1038 474 1097 propagare
496 1039 554 1078 non
580 1021 734 1079 desierunt.
777 1020 876 1079 Refert
903 1020 1003 1079 Petrus
1019 1022 1148 1080 Vallium
1175 1020 1295 1087 Cernai,

99 1115 300 1174 cisterciensis
316 1117 483 1185 monachus,
499 1127 596 1175 auctor
611 1136 735 1185 coaevus,
748 1118 797 1190 qui
812 1116 920 1194 optirne
934 1136 984 1177 sos
999 1120 1087 1189 norit,
1098 1129 1202 1196 utpote
1214 1136 1296 1177 occu·

98 1224 179 1291 patus
194 1214 223 1272 in
238 1215 273 1272 iis
288 1214 459 1283 refellendis,
474 1215 510 1272 iis
525 1215 597 1292 ipsis
614 1215 644 1273 in
654 1214 725 1272 locis
738 1215 785 1272 ubi
797 1215 1004 1291 grassabantur,
1017 1217 1089 1275 duos
1105 1234 1202 1275 rerum
1218 1214 1292 1274 Gon·

98 1310 203 1369 ditores
218 1312 251 1369 ab
266 1312 301 1369 iis
316 1312 438 1388 agnitos,
452 1312 558 1369 bonurn
586 1311 681 1370 Deum
697 1312 746 1385 qui
770 1312 936 1380 Invisibilia,
953 1313 1109 1391 malignum
1131 1313 1232 1371 Deum
1247 1311 1294 1385 qui

98 1409 221 1469 risibilia
232 1411 345 1467 crearit.
388 1409 433 1467 Illi
447 1427 553 1467 novum
569 1408 797 1474 Testamentum,
812 1409 880 1467 huic
894 1423 975 1468 vetus
987 1410 1169 1469 tribuebant:
1195 1408 1293 1467 Chris·

98 1517 157 1566 tum
173 1525 267 1566 reram
282 1526 396 1566 carnem
411 1506 613 1583 assumpsisse,
630 1507 675 1564 vel
696 1506 725 1564 in
746 1507 916 1565 eucharistia
930 1507 1031 1566 adesse
1045 1508 1212 1585 negabant:
1236 1526 1293 1566 ma·

97 1605 262 1663 trimonium
276 1604 485 1680 reprobabant.¹
505 1603 685 1682 Baptismurn
697 1604 736 1662 nil
750 1603 885 1679 prodesse
900 1604 1048 1665 docebant.
1072 1605 1141 1664 Duo
1155 1606 1235 1664 iuter
1244 1624 1290 1664 eos

98 1712 177 1759 erant
191 1700 315 1768 ordines,
328 1699 523 1781 perfectorum
547 1700 667 1768 scilicet,
682 1701 784 1774 quibus
799 1711 883 1758 sectae
899 1719 999 1759 arcana
1012 1702 1246 1769 innotescebant,
1266 1711 1293 1760 et

99 1797 288 1866 credentium,
304 1799 352 1871 qui
366 1816 465 1857 eorum
487 1816 546 1855 non
570 1807 650 1855 erant
673 1798 792 1855 conscii.
834 1792 974 1856 Immania
997 1817 1062 1872 qum
1082 1799 1237 1876 patrabant
1248 1798 1293 1857 fla·

98 1897 176 1974 gitis,
192 1905 212 1932 “
228 1893 408 1963 fraudibus,”
431 1895 549 1972 quippe,
566 1903 586 1931 ⁴·
596 1893 771 1962 homicidiis,
786 1895 952 1964 latrocimis,
967 1894 1084 1955 usuris”
1101 1897 1163 1955 imo
1177 1894 1294 1955 nefanda

97 1993 213 2053 libidine
227 2010 259 2050 sc
283 1993 477 2068 inquioabant,
497 1991 584 2050 refert
607 1990 701 2049 Lucas
722 1991 869 2050 Tudenais
893 1993 922 2050 in
944 1992 1088 2070 Hispania
1115 1994 1294 2071 episcopus,⁵

97 2101 172 2149 certa
209 2107 307 2147 eorum
341 2088 435 2146 habita
466 2087 601 2145 relatione
630 2108 646 2145 a
674 2087 803 2164 plurimis
832 2087 867 2145 ad
897 2087 984 2147 fidem
1011 2091 1176 2169 conversis.
1221 2089 1293 2150 Inter

98 2201 198 2248 caetera
211 2206 309 2246 eorum
324 2187 449 2245 facinora
463 2198 636 2244 memoratur
655 2184 748 2244 caedes
763 2186 841 2245 Petri
855 2185 890 2244 de
905 2198 998 2245 castro
1015 2206 1103 2257 novo,
1119 2188 1291 2248 Cistercien·

99 2285 139 2343 sis
160 2283 302 2348 monachi,
329 2293 358 2340 et
384 2282 483 2359 Legati
505 2281 678 2359 Apostolici,
704 2282 753 2355 qui
774 2301 790 2339 a
810 2282 931 2341 satellite
953 2283 1132 2361 Raymundi,
1155 2285 1291 2345 Tolosaui

99 2382 222 2449 comitis,
239 2381 369 2439 confixus
390 2389 435 2438 est
454 2381 564 2456 sagitta.
606 2379 653 2437 Eo
678 2381 818 2456 processit
842 2381 1038 2440 haereticorum
1060 2372 1151 2450 furor,
1167 2394 1200 2441 ut
1212 2382 1291 2442 Iono-

98 2481 208 2538 centius
233 2478 287 2537 ΙΙΙ.
310 2494 418 2536 sacram
439 2477 468 2535 in
490 2496 540 2534 eos
567 2477 708 2544 militiam,
731 2491 874 2551 tamquam
898 2480 928 2538 in
952 2480 1108 2549 societatis,
1123 2492 1155 2539 et
1176 2482 1289 2540 humani

97 2576 209 2654 generis
225 2576 332 2641 hostes,
353 2593 411 2632 non
426 2573 520 2630 minus
536 2592 620 2646 quarn
636 2572 713 2640 fidei,
729 2573 841 2632 duxerit
855 2576 1060 2644 instruendam,
1076 2588 1109 2635 et·
1119 2570 1288 2651 quaesitores

98 2672 165 2730 fidei
186 2671 348 2738 instituerit,
366 2671 415 2743 qui
432 2669 558 2728 detectos
586 2671 734 2728 hereticos
760 2671 837 2729 civili
862 2674 995 2749 potestati
1023 2674 1179 2734 traderent.
1225 2675 1290 2734 Inde

98 2780 190 2830 ortum
205 2767 481 2846 estlnqut‘ritt'ont'e
510 2765 668 2826 Tribunol.
710 2767 755 2826 De
778 2788 813 2827 eo
838 2769 966 2847 legendae
982 2783 1049 2830 sunt
1063 2772 1168 2832 litterae
1183 2774 1291 2833 comitis

98 2867 140 2926 Le
156 2867 285 2934 Maistre,
300 2878 327 2924 et
341 2865 512 2942 opusculum
527 2865 673 2941 scriptoris
687 2866 877 2925 recentissimi
891 2866 933 2925 La
948 2867 1113 2927 Gordaire.⁸

137 2968 309 3024 Asusamus
334 2984 350 3022 e
375 2964 514 3022 territorio
540 2963 712 3022 carnotensi
735 2974 754 3001 ‘¹
768 2983 854 3023 ausus
869 2976 912 3023 est
933 2979 1096 3026 constanter
1116 2968 1290 3041 asseverare,

98 3062 173 3137 quod
189 3063 307 3137 quilibet
321 3060 502 3119 Christianus
528 3069 655 3118 teneatur
667 3060 782 3119 credere
797 3080 828 3120 se
842 3081 907 3120 esse
922 3064 1083 3123 membrurn
1099 3050 1230 3137 Christi:
1241 3088 1291 3128 nec

97 3160 221 3233 aliquem
243 3175 329 3235 posse
349 3157 461 3223 salvari,
477 3156 526 3229 qui
540 3156 596 3214 hoc
609 3175 668 3214 non
686 3157 821 3224 crederet,
837 3176 895 3216 non
910 3160 1005 3217 minus
1020 3178 1106 3233 quam
1122 3163 1149 3220 si
1164 3182 1224 3223 non
1236 3183 1291 3224 cre·

97 3259 177 3318 deret
190 3257 338 3315 Christum
353 3273 417 3312 esse
432 3264 530 3312 natum
544 3263 573 3310 et
586 3273 713 3330 passum,
729 3256 774 3313 vel
788 3256 859 3314 alios
873 3255 941 3316 fidei
955 3258 1123 3318 articulor.”
1168 3260 1291 3322 Damna·

99 3371 144 3417 tus
159 3367 203 3415 est
216 3375 234 3413 a
247 3352 391 3414 Facultate
406 3352 572 3419 Parisiensi,
585 3361 614 3408 et
629 3366 727 3430 postea
741 3354 775 3411 ab
790 3353 957 3414 Innocentio
972 3355 1025 3414 III.
1047 3354 1209 3435 Rigorduo
1224 3379 1292 3421 coro·

98 3473 151 3512 rus
166 3463 272 3519 auctor,
287 3462 379 3509 narrat
388 3446 544 3524 discipulos
558 3447 703 3516 Almarioi,
716 3450 839 3525 Spiritus
851 3450 948 3509 Sancti
963 3470 1082 3529 reguum
1092 3455 1290 3530 praedicantes,

100 3557 275 3609 sacramenta
288 3547 385 3605 omnia
407 3557 435 3603 et
459 3563 545 3621 opera
555 3545 616 3621 jam
633 3546 750 3605 minime
765 3547 870 3620 requiri
884 3547 1063 3620 declarasse:
1084 3562 1113 3608 et
1127 3556 1291 3641 turpissima

99 3649 223 3713 facinora
247 3645 368 3704 caritatis
388 3644 505 3703 nomine
525 3644 666 3702 sanxisse.
709 3645 850 3704 Dicebant
873 3648 969 3716 etiarn,
994 3659 1025 3707 ut
1045 3651 1132 3709 refert
1147 3651 1290 3713 Caesarius

98 3741 345 3806 Heisterbacensis
374 3750 394 3777 “
406 3759 463 3799 non
479 3741 558 3798 aliter
574 3758 638 3799 esse
652 3759 757 3818 corpus
773 3741 882 3800 Christi
897 3743 928 3802 in
942 3763 1016 3822 pane
1028 3745 1146 3815 Altaris,
1163 3767 1249 3823 quarn
1263 3750 1289 3808 in

99 3846 155 3904 alio
177 3860 261 3921 pane,
276 3852 305 3898 et
320 3840 348 3897 in
363 3839 488 3912 qualibet
508 3857 556 3896 re:
579 3840 621 3897 sic
643 3839 737 3897 Deum
752 3840 876 3899 locutum
892 3841 981 3900 fuisse
996 3844 1024 3902 in
1040 3844 1149 3904 Ouidio
1172 3848 1248 3907 sicut
1262 3849 1288 3906 in

99 3941 269 4021 Augustino.
312 3935 464 4012 Negabant
496 3935 731 3995 resurrectionem
758 3956 920 4014 corporum,
946 3939 1204 4002 diceutesr-Nihil
1228 3962 1289 4002 esre

98 4039 260 4120 paradisum
280 4050 374 4106 neque
401 4032 564 4090 infernum:
586 4031 639 4091 scd
668 4033 717 4106 qui
746 4033 861 4092 haberet
884 4037 1085 4112 cogitationem
1107 4038 1165 4097 Dei
1195 4040 1227 4099 in
1247 4058 1287 4108 se,

98 4156 183 4212 quam
197 4135 254 4213 ipsi
267 4131 417 4195 habebant,
432 4128 535 4186 habere
550 4130 625 4187 inse
647 4131 829 4206 paradisum:
853 4133 1067 4210 quipeccatum
1082 4138 1214 4206 mortale,
1243 4138 1289 4196 ha·

98 4236 164 4293 bere
189 4233 331 4292 infernum
347 4227 428 4285 'sicut
452 4225 564 4285 dentem
589 4226 733 4305 putridum
758 4226 788 4287 in
812 4229 895 4289 ore.’'
936 4231 1042 4291 Altaria
1065 4233 1095 4292 iu
1121 4216 1296 4297 memoriam¹

330 4458 373 4523 (l)
393 4455 456 4506 Vide
467 4456 568 4507 Petrum
576 4473 643 4507 mon.
651 4455 706 4508 Vol.
719 4456 774 4511 Cer.
784 4476 803 4510 c.
816 4460 847 4510 xi.
857 4457 916 4511 Hiar
926 4459 982 4511 Alb.

331 4544 371 4608 (2)
390 4541 420 4592 L.
428 4541 463 4593 iii.
474 4542 529 4593 adv.
540 4543 621 4606 Albig.
633 4559 654 4593 c.
665 4560 689 4594 v.

328 4632 366 4690 (3)
384 4628 415 4682 G.
430 4628 462 4681 vi.
