2798 5092
90 349 129 407 22
392 347 448 409 DE
469 345 745 409 SAORAMEN'I'I
764 348 993 412 VERITA'I'E.

129 510 179 566 21.
205 503 270 585 obj.
284 511 313 565 8.
335 507 369 566 si
382 506 566 566 ordinationis
581 508 651 566 ritus
666 528 683 566 a
697 509 815 568 Christo
831 511 1012 588 praescriptus
1027 510 1138 578 suisset,
1152 521 1182 568 et
1194 528 1286 568 sacra·

91 603 182 663 menti
195 602 331 680 dignitate
344 605 508 681 insignitus,
519 604 625 677 ubique
639 615 668 663 et
679 624 794 684 semper
807 606 883 665 idem
898 606 969 665 soret
981 625 988 664 ε
1002 616 1111 665 atvero
1126 626 1229 684 magna
1243 617 1289 665 est

91 700 239 759 diversitas
255 701 374 761 Graecos
389 702 462 761 inter
476 716 506 760 et
518 701 647 771 Latinos,
662 713 723 761 turn
744 705 773 762 in
798 705 898 763 ritibus
913 705 1109 772 ordinationis,
1124 715 1184 763 tum
1199 705 1229 763 in
1244 723 1288 762 or·

91 797 191 857 diuum
206 817 343 858 numero:
366 808 395 857 et
419 799 494 877 apud
515 798 633 859 Latinos
656 802 738 859 varie
752 802 987 861 circumferuntur
1001 803 1147 860 sententie
1161 802 1202 879 del
1214 801 1289 860 ordi·

93 898 219 957 nationis
234 898 367 957 essentia.
410 898 521 971 Nequit
535 898 619 974 igitur
633 901 816 959 sacramentis
831 901 985 958 accenseri.

134 992 224 1071 Resp.
248 995 324 1053 Satis
348 1005 392 1053 est
405 995 552 1054 Christum
569 1008 736 1072 potestatem
751 997 853 1056 secisse
868 997 1015 1074 Apostolis
1029 996 1100 1055 alios
1115 999 1144 1054 in
1158 995 1288 1055 ordinem

91 1110 205 1151 sacrum
220 1092 407 1161 admiscendi,
420 1112 555 1151 manuum
567 1093 750 1170 impositione
764 1105 794 1152 et
804 1096 930 1152 oratione
941 1095 974 1152 in
985 1112 1051 1152 enm
1063 1095 1150 1152 finem
1161 1093 1288 1162 directis,

93 1191 162 1262 quin
177 1189 289 1266 singula
304 1189 446 1248 definierit
460 1209 525 1264 quae
551 1210 585 1249 ea
607 1194 758 1251 occasione
781 1192 873 1251 forent
894 1190 1042 1249 servanda.
1083 1191 1149 1250 Jam
1171 1210 1238 1249 vero
1252 1210 1290 1250 ex

94 1289 179 1346 rebus
200 1289 289 1364 gestis
310 1288 515 1365 Apostolorum
538 1290 671 1347 novimus
692 1298 728 1348 eo
748 1290 802 1348 ritu
825 1299 993 1367 potestatem
1008 1308 1116 1347 sacram
1131 1290 1290 1347 communi·

95 1385 172 1453 casir
195 1385 272 1457 quod
286 1386 402 1443 nonnisi
418 1385 536 1445 Christo
551 1398 665 1445 auctore
679 1387 842 1463 contingere
863 1388 964 1464 potuit.
1007 1387 1096 1445 Nulla
1109 1395 1153 1443 est
1168 1385 1289 1447 Graecos

94 1483 211 1541 interet
225 1483 343 1542 Latinos
358 1485 435 1543 eain
450 1502 479 1542 re
494 1483 653 1551 diversitas,
669 1503 734 1543 narn
756 1486 863 1559 ubique
889 1486 920 1543 fit
933 1504 1069 1543 manuum
1092 1485 1239 1560 impositio
1260 1485 1291 1542 in

92 1581 238 1640 ordinibus
251 1581 448 1640 conferendis:
464 1591 493 1640 et
505 1584 696 1659 episcopatus,
713 1585 934 1659 presbyteratus,
947 1581 1112 1641 diaconatus
1128 1601 1288 1659 agnoscun-

94 1689 148 1743 tur,
164 1679 384 1737 subdiaconatus
399 1679 506 1747 etiam;
531 1680 567 1738 de
590 1681 747 1739 minoribus
769 1680 929 1747 ordinibus,
951 1682 1000 1752 qui
1022 1700 1038 1737 a
1058 1679 1189 1756 plurimis
1212 1698 1293 1738 saera

63 1786 72 1801 ⁵
95 1786 204 1835 tantum
219 1775 314 1834 officia
327 1776 476 1848 habentur,
490 1777 583 1851 aliqua
596 1780 740 1842 varietate,
756 1795 822 1851 quae
835 1776 907 1836 nihil
931 1776 1012 1835 affert
1034 1776 1221 1843 incommodi,
1243 1777 1291 1835 ad·

31 1895 32 1898 ¹
95 1875 207 1933 missa.¹
239 1874 291 1932 Nil
305 1875 390 1952 igitur
404 1877 505 1944 obstat,
521 1877 590 1949 quin
604 1886 812 1935 sacramentum
827 1875 972 1935 habeatur.
1015 1876 1087 1942 Quae
1101 1887 1195 1934 autem
1219 1876 1293 1934 inter

94 1970 243 2049 theologos
259 1973 397 2049 reperitur
410 1974 611 2033 sententiarum
626 1973 774 2033 diversitas
788 1973 824 2032 de
838 1974 939 2032 ritibus
960 1973 1129 2032 necessariis
1144 1971 1178 2030 ad
1193 1982 1289 2049 potes·

94 2076 181 2127 tatem
194 2068 302 2128 ordinis
317 2069 602 2138 conserendam,cum
614 2089 727 2128 summa
738 2071 866 2128 omnium
875 2071 1066 2128 consensione
1078 2068 1114 2126 de
1123 2069 1163 2126 rei
1175 2087 1291 2126 summa

95 2169 295 2245 conjungitur:
312 2187 411 2226 omnes
423 2170 531 2245 quippe
541 2169 715 2226 conveniunt
726 2169 754 2226 in
767 2169 865 2225 ritibus
881 2168 1052 2244 prescriptis
1067 2177 1156 2241 totam
1171 2167 1291 2243 reperiri

96 2265 264 2332 essentiam,
275 2266 406 2338 quamvis
421 2265 455 2322 de
471 2264 657 2339 quorumdam
667 2265 771 2323 rituum
786 2265 955 2323 necessitate
970 2264 1137 2341 disputetur.
1180 2265 1290 2325 Mirum

97 2369 190 2420 autern
206 2381 264 2420 non
280 2373 334 2430 est,
349 2363 378 2421 in
393 2361 558 2422 solemniori
570 2362 635 2430 ritu,
659 2363 690 2420 in
703 2381 760 2436 quo
774 2361 897 2438 plurima
910 2361 944 2420 ad
959 2361 1092 2420 decorem
1106 2375 1289 2440 usurpantur,

97 2448 214 2517 dubium
233 2459 299 2517 oriri
314 2459 348 2517 de
363 2459 486 2532 quodam
501 2460 618 2537 speciali
633 2460 698 2527 ritu,
714 2471 808 2518 utrum
830 2460 993 2518 necessario
1008 2459 1186 2518 adhibendus
1200 2461 1247 2519 sit.

95 2598 97 2603 ,
135 2560 184 2615 22.
210 2555 277 2634 obj.
291 2561 321 2614 9.
343 2557 439 2623 Quum
455 2555 525 2616 ordo
538 2556 673 2615 habeatur
685 2567 902 2624 sacramentum,
915 2568 943 2614 et
957 2569 1068 2634 septem
1091 2578 1108 2615 a
1123 2557 1233 2616 Latinis
1248 2577 1293 2616 re-

97 2664 269 2712 censeantur
282 2653 406 2719 ordines,
419 2663 520 2731 praeter
530 2655 736 2731 episcopatum,
752 2664 862 2731 septem
876 2654 921 2711 vel
935 2666 1001 2713 octo
1015 2654 1195 2731 agnoscenda
1209 2666 1294 2715 erunt

103 2753 213 2810 minora
228 2761 414 2821 sacramenta,
429 2753 477 2810 illa
487 2753 615 2837 generali
640 2753 850 2830 nuncupatione
871 2752 998 2811 inclusa:
1021 2752 1067 2811 rel
1087 2754 1224 2812 incertum
1240 2755 1294 2812 erit

98 2850 214 2924 quinam
230 2868 267 2908 ex
281 2850 426 2909 ordinibus
441 2860 648 2909 sacramentum
663 2851 709 2908 sit.

95 2968 98 2973 ·
142 2943 231 3024 Reep.
254 2946 336 3004 Nihil
353 2956 398 3004 est
421 2947 595 3006 incommodi
616 2949 642 3005 si
663 2930 759 3024 plures
774 2944 888 3004 ordines
903 2956 1078 3004 sacramenta
1092 2958 1293 3023 agnoscantur,

98 3044 222 3118 generali
238 3045 447 3120 nuncupatione
462 3045 589 3104 inclusa:
613 3044 660 3103 vel
676 3044 701 3102 si
715 3043 902 3102 sacerdotium
918 3054 1124 3101 sacramentum
1146 3044 1293 3112 habeatur,

97 3140 243 3199 ordinibus
263 3159 298 3199 eo
312 3141 492 3200 inferioribus
513 3141 548 3199 ad
577 3141 746 3200 sacramenti
771 3139 935 3217 dignitatern
958 3139 1034 3197 haud
1056 3139 1292 3216 pertingentibus,

97 3239 262 3315 episcopatu
278 3238 355 3304 verb,
370 3248 467 3315 utpote
489 3235 639 3303 sacerdotii
660 3246 766 3295 tanturn
782 3235 956 3313 perfectione
970 3245 998 3294 et
1012 3235 1214 3312 explicatione,
1231 3254 1290 3294 non

97 3353 204 3395 norum
215 3347 423 3394 sacramentum
439 3335 637 3393 constituente.
680 3334 725 3392 De
741 3334 785 3392 his
808 3332 878 3391 nihil
893 3333 1148 3410 impresentiarum
1162 3332 1291 3409 proferre

89 3434 241 3503 uolumus,
255 3435 324 3493 satis
346 3434 482 3492 ducentes
495 3432 563 3490 fidei
583 3432 686 3510 dogma
708 3432 743 3491 de
763 3431 942 3506 ordinatione
964 3432 1028 3510 ipsa
1050 3431 1192 3509 imprimis
1207 3433 1291 3500 tueri,

97 3533 269 3592 senmntiam
285 3543 379 3592 umen
393 3542 518 3591 nostram
533 3530 669 3609 deinceps
684 3531 817 3607 aperturi.

598 3729 792 3770 denonantur.

138 3877 188 3932 23.
210 3870 233 3931 l.
257 3872 352 3938 Quum
367 3871 437 3929 ritus
452 3890 542 3939 sacer,
557 3873 592 3930 ab
609 3869 754 3949 Apostolis
769 3867 910 3927 adhibitus
926 3867 972 3934 sit,
988 3867 1105 3926 Christo
1125 3879 1248 3933 auctore,
1261 3865 1297 3923 ad

100 3978 268 4047 potestatem
291 3987 348 4040 qua
368 3967 456 4025 sacris
482 3969 646 4027 muneribus
669 3951 733 4041 qbls
754 3965 897 4042 iungatur,
913 3963 1188 4031 communicandam,
1206 3963 1296 4037 liquet

100 4065 177 4125 hane
191 4066 329 4125 rationem
345 4075 514 4142 potestatem
529 4063 736 4134 transmittendi
756 4059 918 4122 necessarid
933 4070 961 4119 et
976 4059 1111 4139 perpetud
1128 4061 1296 4120 servandam

100 4181 176 4224 esse.
218 4162 251 4222 Id
265 4162 320 4220 alte
335 4161 704 4241 praedicantOnonienses.1

141 4265 192 4320 24.
213 4258 253 4320 ll.
276 4260 373 4327 Quum
386 4277 495 4330 καρισμα
507 4259 614 4319 donum
627 4258 737 4317 scilicet
751 4257 817 4324 Dei,
830 4254 954 4333 Spiritus
967 4255 1127 4314 dilectionis
1137 4263 1165 4312 et
1174 4255 1295 4324 virtutis,

100 4356 184 4417 detur
204 4375 341 4416 mannum
355 4357 552 4434 impositione,
567 4355 641 4414 haud
655 4355 758 4413 frustra
780 4353 908 4431 episcopi
929 4355 958 4410 in
979 4350 1157 4410 ordinatione
1177 4350 1296 4411 dicunt:

135 4583 180 4653 (l)
198 4581 273 4634 “We
283 4592 350 4635 must
361 4582 506 4648 necessarily
522 4581 634 4632 consider
644 4595 710 4630 none
721 4585 746 4630 to
756 4580 787 4629 be
803 4575 883 4646 ready
895 4576 1010 4628 ordniued
1026 4539 1084 4629 who
1100 4577 1163 4629 hare
1179 4586 1224 4629 not
1239 4577 1300 4629 thur

98 4668 162 4724 bem
171 4669 294 4722 ordaimd.
328 4670 379 4721 For
388 4669 411 4721 il
418 4669 556 4721 ordination
568 4668 590 4719 is
600 4685 616 4718 a
626 4666 708 4717 divine
719 4664 859 4727 ordiunnes,
866 4664 886 4715 it
896 4662 1161 4731 mnebsnscsssoy?
1194 4664 1271 4718 'lhset
1281 4668 1303 4717 l.
