2798 5092
582 376 807 440 aprunum.
1235 376 1295 435 m

97 557 156 608 cas,
170 539 246 599 nihil
261 539 291 598 iu
306 556 372 598 eum
386 556 483 616 posse.
520 537 680 616 Imperator
693 536 896 615 sigismundus
910 536 1060 597 Ludovico
1073 537 1200 597 Bavariae
1215 535 1291 595 Duci

91 635 182 713 jussit
195 646 227 694 ut
243 638 310 714 igue
331 636 445 712 periret,
463 635 547 712 juxta
559 635 639 712 leges
656 646 723 694 tunc
738 635 875 712 vigentes.
916 634 994 694 Eum
1011 644 1159 711 propterea
1179 634 1290 691 incusa-

97 744 163 794 runt
176 733 304 793 Bohemi
320 734 430 793 violato
451 733 519 793 fidei
540 733 672 810 publice,
688 733 803 793 dederat
816 732 923 812 quippo
943 734 1050 794 Joanni
1072 734 1153 793 Huss
1174 733 1292 793 Salvum

90 830 305 900 ·Oouductum;
327 830 379 889 sed
393 851 409 890 a
423 840 500 890 tauto
515 831 634 889 crimine
651 831 733 890 facile
748 831 915 899 vindicatur,
930 849 1018 905 quum
1040 830 1144 889 Salvus
1159 830 1293 890 Conduc-

99 940 145 988 tus
159 929 309 988 communi
331 928 423 988 forma
439 947 593 989 concessus
609 928 701 987 solum
717 928 844 988 efficeret
857 941 888 988 ut
901 929 963 1007 ipse
985 929 1072 987 libore
1087 939 1186 1006 posset
1199 929 1293 988 conci·

96 1024 168 1084 iiam
194 1024 284 1093 adire,
299 1043 388 1100 seque
414 1026 449 1084 ab
476 1025 607 1103 impactis
629 1026 771 1084 erroribus
797 1025 951 1094 vindicare,
968 1044 1026 1086 nou
1051 1036 1145 1085 umen
1166 1035 1197 1083 ut
1212 1027 1291 1103 juste

98 1122 250 1182 damnatos
264 1142 378 1202 poeuam
395 1122 537 1183 eraderet.
578 1124 729 1191 Praeterea‚
743 1123 811 1202 iuga
825 1143 889 1183 sesa
903 1125 1048 1202 proripere
1062 1136 1191 1192 conatus,
1205 1124 1293 1183 loan-

98 1237 152 1279 nes
165 1220 350 1298 privilegium
364 1238 533 1280 concessum
547 1221 690 1289 amiserat,
711 1222 831 1298 ejusque
851 1239 960 1281 errores
981 1221 1115 1280 seditioni
1136 1221 1293 1280 excitandae

98 1328 179 1377 oram
192 1317 407 1376 accommodati.

140 1414 345 1474 Hannonrrrus
360 1432 399 1473 nn
414 1415 519 1474 Pasas
541 1415 705 1475 Hussiticos
720 1434 830 1475 errores
851 1416 881 1476 iu
895 1416 1018 1476 concilio
1032 1416 1175 1494 ejuravit‚¹
1188 1415 1239 1475 sod
1261 1417 1291 1476 in

103 1511 235 1572 irreresim
252 1513 381 1590 relapsus
396 1515 425 1572 in
443 1513 583 1591 judicium
600 1523 715 1572 vocatus
730 1524 783 1572 est.
816 1514 923 1574 Praeter
936 1533 1044 1574 errores
1060 1515 1195 1574 immania
1208 1515 1294 1575 etiam

101 1611 130 1669 iu
145 1611 362 1669 concionatores
377 1609 544 1669 catholicos
559 1610 738 1685 crudeliaque
754 1610 888 1678 facinora,
903 1621 932 1670 st
946 1612 1033 1670 turha
1054 1611 1182 1670 excitatae
1198 1611 1225 1670 ei
1246 1613 1296 1671 ob-

98 1709 177 1786 J'ecta
191 1719 267 1776 suut,
283 1708 403 1785 ipseque
417 1720 567 1786 propterea
580 1707 739 1776 damnatus,
749 1727 836 1781 quum
848 1707 982 1766 fateretur
996 1728 1027 1767 se
1040 1720 1117 1768 metu
1129 1710 1294 1787 impellente

103 1806 196 1866 Hussi
218 1792 323 1885 placita
344 1809 423 1885 prius
444 1808 599 1885 abjurasse,
614 1807 757 1881 simulque
778 1825 810 1865 se
831 1806 1154 1867 Transubstantiationis
1168 1809 1296 1886 dogmati

103 1922 139 1964 ex
154 1904 251 1963 animo
266 1903 410 1963 adherere
424 1915 523 1964 contra
536 1917 715 1964 accusatores
730 1923 799 1963 suos
813 1903 997 1963 vehomenter
1010 1904 1203 1964 contenderet.
1235 1906 1295 1965 Sa·

102 2001 190 2088 culari
204 2002 337 2080 potestati
350 2001 466 2063 traditus
481 2003 546 2080 iguo
561 2002 729 2061 combustus
745 2012 800 2059 est.

141 2097 282 2156 Faernus
301 2096 424 2156 Bonum
438 2096 506 2156 dicti
520 2110 587 2157 snut
602 2096 718 2172 quidam
733 2116 770 2156 ex
785 2097 925 2166 Hussitis,
940 2116 1015 2157 anno
1032 2102 1118 2166 1467,
1133 2099 1183 2174 qui
1196 2119 1293 2161 sessa

107 2192 264 2253 Calixtinis
278 2206 454 2272 separarunt,
468 2193 540 2253 duce
555 2193 703 2254 Kolesiski
717 2203 823 2263 sutore,
845 2213 896 2254 eos
916 2208 1076 2272 arguentes,
1092 2194 1178 2269 qnod,
1194 2207 1297 2274 preter

103 2291 199 2352 calicis
215 2309 310 2360 usum,
325 2291 464 2351 Romanis
479 2311 531 2370 por
544 2292 641 2353 omnia
654 2291 763 2353 similes
775 2302 881 2352 essent
917 2292 1090 2370 Rejeceruut
1105 2295 1295 2354 transubstan-

102 2391 258 2459 tiationem.
273 2382 415 2449 oiatioues
437 2408 488 2468 pro
504 2389 656 2459 defunctis,
672 2402 835 2450 sanctorum
855 2390 973 2460 cultum,
988 2402 1018 2450 et
1038 2392 1179 2469 imprimis
1202 2393 1288 2471 Papar

100 2499 280 2564 potestatem.
323 2485 419 2545 Hodie
434 2497 570 2545 vocantur
584 2484 771 2547 Morauioni.

141 2582 397 2644 §condominam
411 2582 621 2662 Intelligentioe
634 2596 695 2645 orta
708 2595 753 2644 est
773 2586 933 2646 auctoribus
956 2586 1112 2647 Guillelmo
1126 2586 1161 2647 de
1183 2587 1297 2648 Hilder-
1345 2632 1348 2638 -

101 2682 198 2742 unseu
215 2681 409 2741 Carmelitano
423 2692 453 2740 et
466 2681 587 2759 AEgidio
603 2681 738 2756 Oantoris
753 2683 825 2742 laico
847 2683 956 2760 Belgis.
992 2686 1146 2743 Asserebat
1160 2684 1298 2763 AEgidius

102 2797 134 2839 se
150 2796 217 2838 esse
232 2778 409 2837 Salvatorem
424 2777 586 2846 hominum,
601 2778 651 2851 qui
665 2796 716 2854 per
730 2779 825 2854 ipsum
841 2777 990 2837 Christum
1005 2778 1143 2847 viderent,
1157 2780 1232 2838 sicut
1246 2799 1297 2857 per

102 2877 253 2938 Christum
282 2878 419 2946 Patromt
452 2876 597 2936 diabolum
624 2894 783 2950 omnesque
822 2876 955 2936 homines
983 2877 1097 2938 taudem
1125 2879 1296 2951 salvandos3

102 2987 181 3035 actus
203 2974 333 3034 carnales
357 2975 420 3033 sine
447 2983 564 3051 peccato
585 2971 713 3030 exerceri
734 2983 763 3031 et
777 2970 811 3030 ad
836 2971 893 3031 Dei
917 2971 1090 3033 voluntatem
1112 2975 1296 3046 referendos3

103 3073 214 3149 aliaque
225 3071 351 3131 tradebat
365 3072 506 3150 principia
520 3088 663 3149 perversa.
685 3069 816 3148 Ejuravit
826 3087 936 3129 errores
950 3088 1018 3129 suos
1035 3071 1208 3163 Guillelmus
1220 3093 1296 3134 anuo

106 3175 192 3230 1411.

144 3267 297 3328 adamita
311 3285 385 3327 anno
407 3271 492 3335 1420,
508 3275 621 3328 auctore
633 3264 758 3326 Piltardo
772 3285 809 3326 ex
825 3265 919 3326 Gallia
934 3266 1060 3344 Belgica,
1075 3267 1128 3325 orti
1143 3278 1220 3326 sunt.
1254 3264 1297 3328 Hi

108 3367 138 3428 iu
153 3366 295 3426 Bohomia
309 3367 426 3444 grassati
441 3364 563 3424 insulam
578 3363 740 3439 quamdam,
756 3384 840 3425 amne
854 3365 1002 3426 Lusinicio
1024 3364 1158 3432 cinctam,
1174 3384 1296 3445 occupa·

105 3475 181 3534 runt,
196 3465 225 3523 in
240 3473 339 3538 quaet
354 3463 423 3523 nudi
437 3462 568 3523 incedere
582 3475 611 3521 et
626 3463 816 3540 promiscuam
831 3481 964 3522 exercere
978 3462 1124 3523 libidinem
1140 3483 1197 3523 non
1219 3484 1299 3524 vere·

107 3563 208 3623 bauttu
223 3562 295 3622 Eos.
330 3561 565 3630 omnesduobus
582 3571 690 3619 tantum
713 3561 854 3638 exceptis,
869 3560 975 3620 Zischa
999 3561 1219 3622 Thaboritarum
1236 3563 1296 3623 dux

103 3665 198 3744 gladio
213 3664 327 3724 delevit.
365 3662 479 3722 Saeculo
493 3661 582 3721 xvi·
592 3662 640 3720 alii
653 3660 752 3721 eadem
768 3660 831 3720 labe
848 3661 987 3735 inquinati
1008 3668 1210 3738 apparuerunt,
1224 3663 1297 3720 duce

104 3761 216 3823 Adamo
237 3762 366 3829 Pastore,
390 3760 600 3820 matrimonium
614 3769 759 3835 tamquam
783 3777 834 3837 per
847 3777 879 3817 se
901 3758 1007 3819 malum
1030 3760 1206 3819 damnantes.
1248 3760 1296 3818 Ex

104 3860 299 3938 Anabaptistis
326 3857 464 3932 quosdam
492 3855 592 3914 “vidit
616 3855 708 3914 nudos
732 3853 913 3914 discursitare
928 3873 1023 3915 nostra
1048 3855 1202 3916 Hollaudia
1221 3873 1297 3914 anuo

111 3957 209 4018 1531)”
226 3958 319 4032 iuquit
332 3956 479 4016 Lindauus
495 3953 741 4014 liuremoudensis
756 3953 936 4031 episcopus!

140 4056 269 4116 Joaunos
291 4055 411 4124 Parvus,
426 4053 577 4130 theologus
592 4052 777 4120 Parisiensis‚
792 4052 1019 4129 propositionem
1035 4051 1070 4110 de
1085 4051 1197 4130 tyranni
1220 4050 1297 4111 cartis

107 4153 231 4230 protulit,
247 4170 333 4226 quam
349 4150 513 4211 Concilium
535 4146 758 4208 constantiense
780 4158 924 4223 tamquam
948 4147 1108 4207 hereticam
1134 4146 1296 4208 damnavit:

107 4252 266 4322 “Quilibet
279 4263 416 4328 tyrannus
431 4257 525 4327 potest
539 4257 567 4306 et
581 4246 665 4306 debet
677 4245 754 4304 licito
767 4256 798 4305 et
810 4247 953 4306 meritorie
963 4245 1054 4305 occidi
1066 4263 1117 4322 per
1131 4263 1298 4319 quemcum-

105 4367 158 4424 que
172 4347 329 4416 vassallum
344 4365 439 4415 suum,
455 4345 500 4404 vol
515 4343 669 4412 subditum,
684 4343 769 4403 etiam
785 4362 836 4421 per
850 4343 1023 4404 clanculares
1039 4341 1169 4412 insidias,
1185 4353 1213 4401 et
1232 4344 1299 4402 sub·

105 4449 166 4512 tiles
180 4445 335 4511 blanditias
351 4444 396 4504 vel
410 4443 597 4511 adulationes.
610 4461 667 4500 nou
681 4442 809 4501 obstante
820 4460 1002 4516 quocumque
1017 4440 1143 4519 prestito
1153 4442 1299 4518 jurameu-

437 4601 479 4668 (ι)
498 4595 628 4652 sm'xn.

437 4688 480 4754 (a)
500 4681 840 4740 transmontanorum

1346 4014 1367 4047 A
