2798 5092
10 4244 29 4827 l

417 98 923 187 nunnmnnnnmru'ruuu.
1220 124 1282 183 aar

62 296 70 333 τ
91 281 185 353 bitrio,
198 299 252 345 eos
266 281 378 345 scilicm
388 279 508 359 gratuiti
513 279 660 359 eligendo,
673 299 746 354 quos
756 280 881 358 copiosis
895 281 993 358 gratita
1003 280 1169 343 muneribus
1181 279 1281 358 plurim

88 377 220 443 menas·
231 377 353 439 idoneus
366 379 488 439 haeret:
509 378 554 437 vel
571 377 605 436 ad
621 377 721 437 merita
734 396 771 437 ex
784 377 882 456 patim
896 378 1004 439 auxilio
1017 375 1209 454 comparanda
1221 394 1279 435 res·

87 475 210 553 pexerit,
226 473 299 533 sdan
321 484 353 533 ut
373 474 474 533 electio
504 473 608 533 nitatur
631 473 802 549 praevisione
827 473 991 531 meritorum
1017 471 1193 548 hujusmodi,
1208 471 1280 533 inter

88 571 238 648 theologus
253 572 404 644 quaeritur:
426 570 652 647 Augustinianis,
668 570 828 628 Themistis
842 569 962 641 aliisque
983 567 1152 646 gratuitam
1166 566 1277 627 electio·

87 685 155 727 nrm
169 667 427 745 propugnantibus,
442 666 610 733 Molinistis,
626 665 746 739 aliisque
767 664 936 724 electionem
957 675 1023 742 post
1036 665 1158 742 praevisa
1178 664 1280 723 merita

87 763 243 823 tuentibus.
265 763 311 825 Dc
321 763 518 841 reprobatione
533 763 637 840 pariter
650 763 876 829 controvertitur,
885 772 952 819 sunt
962 761 1039 821 enim
1054 760 1104 834 qui
1117 760 1279 830 Alvaresiu,

85 861 247 929 Bannezio,
262 859 541 928 Salmanticemibus,
554 870 583 919 et
598 859 728 936 plurimis
743 859 906 919 Themistis
917 857 1119 927 assentiuntur,
1136 855 1279 917 affirmau-

84 961 166 1019 tibus
176 959 273 1019 Deum
286 958 348 1018 solo
362 959 486 1027 arbitrio,
502 958 547 1016 vel
561 958 661 1017 saltem
676 959 713 1017 o'n
730 967 878 1034 peccatum
894 956 1015 1034 originis
1030 957 1166 1033 reprobos
1180 955 1283 1014 exclu·.

84 1057 192 1115 sissea
215 1056 314 1133 gloria,
328 1065 471 1129 tamquam
486 1075 503 1113 a
517 1073 634 1115 munere
649 1053 793 1113 indebito:
815 1055 878 1112 aliis
892 1072 943 1112 eos
964 1053 1138 1130 pretermitti
1159 1051 1277 1113 dicenti·

83 1153 149 1220 bus,
166 1154 236 1227 quin
250 1153 444 1211 excludantur.
486 1152 544 1219 Qui
558 1152 727 1211 electionem
737 1151 901 1210 meritorum
922 1151 1091 1227 provisione
1106 1150 1156 1209 uiti
1168 1149 1276 1231 dicunt,

80 1250 311 1327 reprobationem
325 1268 440 1309 ornnem
455 1250 537 1322 sequi
556 1249 693 1307 malorum
704 1249 868 1311 meritorum
884 1247 1094 1324 provisionem,
1109 1246 1156 1305 vel
1173 1245 1275 1305 saltem

80 1346 195 1424 pcccati
209 1346 339 1424 originis,
355 1365 412 1420 quo
426 1346 491 1421 quis
506 1346 669 1419 inquinatus
684 1344 857 1414 discesserit,
876 1343 990 1403 docent.

124 1446 193 1519 120.
208 1442 254 1500 Ad
264 1461 317 1501 nos
331 1441 409 1517 quod
423 1443 554 1519 pertinet,
571 1442 690 1501 fatemur
704 1460 838 1500 arcanum
852 1439 956 1499 divina
970 1439 1121 1499 electionis
1134 1456 1187 1498 nos
1201 1456 1279 1497 scru-
1381 1438 1387 1451 ’

79 1540 135 1605 tari
148 1556 208 1599 uon
222 1539 337 1608 audere,
352 1550 381 1598 et
393 1539 459 1599 ideo
473 1539 593 1599 libenter
607 1540 680 1598 intra
693 1558 743 1600 cos
756 1540 863 1598 limites
874 1539 1069 1605 consistimus,
1086 1537 1191 1612 quibus
1204 1535 1275 1613 dog·

85 1656 136 1699 ma
147 1634 217 1695 fidei
231 1637 408 1696 continetur:
430 1636 481 1695 sed
495 1655 562 1697 cum
576 1637 708 1695 omnibus
723 1636 863 1714 theologis
878 1635 1027 1695 catholicis
1043 1635 1229 1693 abhorremus
1242 1632 1279 1694 ab

79 1753 185 1795 eorum
199 1735 298 1813 impiis
324 1735 445 1813 placitis,
469 1736 519 1810 qui
544 1734 821 1812 praedestinationem
841 1733 876 1793 ad
901 1733 1042 1811 supplicia
1062 1745 1175 1799 eterna,
1191 1749 1279 1805 quam

85 1832 214 1910 theologi
241 1841 346 1893 vocant
367 1833 600 1912 reprobationem
613 1830 788 1913 formalem,
807 1831 841 1890 ad
866 1830 961 1893 solum
986 1829 1042 1892 Dei
1067 1827 1277 1905 beneplacitum

79 1930 220 1991 referunt.
791 1964 793 1969 ι

579 2107 763 2148 ruopertum.

120 2246 299 2327 Reprobatio
308 2247 443 2327 positiva
456 2254 484 2306 et
491 2245 647 2329 sonneiis,
662 2266 722 2325 qun
736 2244 845 2305 sedicet
857 2245 945 2326 impii
959 2245 1076 2305 sternit
1090 2243 1278 2304 destinamur

69 2343 246 2425 mrppttmn
252 2344 296 2425 fit
304 2354 425 2424 propter
440 2344 605 2424 praevisum
613 2352 779 2424 peccatam.

108 2441 315 2502 ’ProbaturL
332 2460 369 2502 es
386 2442 561 2522 Scripturis.

121 2544 191 2600 121.
212 2541 293 2600 Deus
306 2560 358 2619 per
371 2540 448 2599 Osce
463 2540 615 2614 alloquitur
628 2539 771 2597 Israelitas
793 2548 814 2578 ‘⁶
827 2538 954 2599 Perditio
969 2548 1016 2595 tus
1029 2535 1133 2595 lsrael:
1155 2544 1276 2593 tantum·

59 2636 165 2698 modo
183 2639 278 2698 inrue
297 2639 436 2698 suxihum
457 2636 586 2695 tuum.”¹
626 2646 867 2745 3⁸13!pr
882 2622 1168 2745 qp3mtsp12w
1208 2631 1277 2690 Per

58 2777 148 2837 ditio
162 2777 249 2855 igitur
262 2775 297 2835 ad
311 2787 463 2854 pereuntes
478 2777 559 2853 ipsos
574 2773 721 2832 reserenda
740 2785 793 2843 est,
810 2774 903 2853 potius
926 2746 1012 2849 quain
1034 2773 1069 2832 ad
1089 2774 1196 2842 Deum,
1222 2771 1273 2847 qui

59 2874 218 2934 auxilium
234 2883 348 2957 prestat
361 2882 393 2932 ut
406 2872 525 2931 salutem
540 2890 733 2946 assequamur.

119 2976 189 3031 122.
211 2970 269 3030 Per
281 2970 469 3029 Ezechielem
484 2968 553 3028 dicit
566 2970 666 3029 Deus:
691 2979 712 3006 “
726 2969 876 3044 Numquid
891 2969 1041 3028 voluntatis
1057 2987 1127 3027 mem
1139 2976 1183 3025 est
1197 2983 1275 3024 mors

58 3067 173 3148 impii,
189 3068 259 3129 dicit
271 3068 415 3128 Dominus
430 3068 521 3137 Deus,
536 3079 564 3126 et
589 3087 647 3127 nou
672 3079 703 3127 ut
726 3079 902 3128 convertatur
917 3089 933 3127 a
947 3069 1000 3127 viis
1022 3069 1124 3127 suiset
1143 3067 1220 3125 vivat
1228 3063 1277 3123 l”⁸

58 3161 147 3229 Iloc
172 3187 270 3228 rerum
296 3187 354 3226 non
378 3168 459 3235 foret,
475 3167 500 3225 si
526 3187 563 3226 ex
589 3166 645 3226 Dei
659 3168 802 3228 voluntate
823 3168 950 3227 absoluta
970 3167 1124 3245 impiomm
1145 3165 1274 3227 interitus

60 3263 227 3337 penderet,
242 3266 350 3338 absque
364 3263 422 3322 ulla
437 3264 577 3322 malorum
591 3265 755 3323 meritorum
770 3268 958 3342 praescientia.

121 3364 189 3421 12³.
211 3360 366 3437 Sapientiae
388 3369 485 3418 auctor
505 3359 594 3418 dicits
617 3360 747 3420 “Nolite
770 3362 864 3421 zelare
889 3376 1008 3425 mortem
1036 3365 1066 3423 in
1090 3381 1185 3423 errore
1209 3363 1274 3421 vitu
1299 3366 1304 3375 '

64 3468 192 3526 vestrm,
221 3476 315 3532 neque
344 3457 495 3531 acquiratis
517 3455 706 3534 perditionem
734 3459 763 3517 in
790 3459 924 3534 operibus
946 3481 1080 3521 manuum
1107 3471 1272 3519 vestrarum.

62 3549 221 3620 Quoniam
247 3552 329 3612 Deus
353 3561 474 3611 mortem
499 3570 556 3611 non
579 3553 655 3622 lecit,
672 3572 725 3613 nec
747 3555 855 3614 laetatur
879 3556 908 3615 in
922 3556 1080 3635 perditione
1100 3552 1276 3617 virorum.''⁸

71 3642 216 3709 Illuderet
229 3650 312 3710 nobis
326 3668 407 3708 sacer
421 3659 527 3717 auctor,
542 3648 658 3709 hortans
673 3669 709 3709 ne
723 3651 911 3728 perditionem
930 3654 1012 3712 nobis
1033 3667 1272 3732 compararemus,

73 3745 110 3800 si
122 3763 215 3806 reuera
228 3744 311 3805 Deus
338 3744 468 3804 absoluto
483 3744 607 3814 decretu,
623 3746 782 3805 nullatenus
802 3766 819 3805 a
838 3747 941 3807 studiis
953 3759 983 3809 ct
1003 3751 1148 3811 conatibus
1169 3746 1273 3806 nostris

84 3842 223 3913 pendenti,
239 3844 382 3903 interitura
398 3843 588 3920 periturorum
603 3841 770 3904 definiisset.

125 3941 185 4000 124.
207 3943 311 4002 Petrus
326 3939 418 4000 reddit
432 3943 569 4000 rationem
584 3960 635 3999 cur
651 3942 731 4000 Deus
746 3942 840 4002 minas
852 3929 1115 4021 promissionesque
1130 3961 1196 4002 suas
1213 3961 1272 4003 non

93 4036 171 4098 surim
197 4049 375 4115 exequatur:
412 4040 514 4098 “Non
543 4039 632 4098 tardat
656 4040 798 4101 Dominus
826 4043 1048 4120 promissionem
1076 4061 1168 4111 suam,
1197 4042 1271 4100 sicut

95 4132 189 4200 quidam
202 4139 387 4206 existimaut;
408 4137 459 4196 sed
474 4137 612 4215 patienter
624 4139 682 4216 agit
700 4151 815 4219 propter
835 4159 897 4210 ros,
913 4141 1014 4201 nolens
1035 4141 1145 4229 aliquos
1161 4141 1263 4221 perire,

544 4297 587 4362 (l)
606 4293 671 4347 Osse
681 4297 734 4348 xiii.
746 4300 771 4348 9.

544 4384 587 4449 (2)
606 4381 696 4434 llaech.
707 4384 775 4434 xviii.
786 4386 827 4435 23.

542 4469 587 4536 (8)
606 4468 693 4536 sepi.
704 4473 744 4521 12.
