2798 5092
619 397 765 459 INDEX.

498 652 754 713 'rRic‘rA‘l'Us
775 650 888 710 xviii.

491 864 539 917 DE
558 862 680 916 CULTU
698 860 894 913 1161161080.

260 1068 424 1119 Praenotanrir

173 1153 203 1203 C.
221 1154 241 1204 Ι.
258 1152 297 1203 De
310 1154 381 1204 cultu
392 1153 440 1203 Dei
491 1176 1160 1190 ·······
1248 1152 1298 1197 162

260 1239 405 1304 Propositio.
423 1237 530 1288 Divinus
541 1236 622 1287 cuitus
633 1237 714 1300 qualis
723 1237 750 1287 in
762 1237 874 1288 Ecclesia
881 1236 1011 1287 catholiea
1022 1236 1144 1301 peragitur
1155 1250 1232 1299 purus

424 1332 450 1374 et
460 1323 581 1389 perfectus
592 1331 637 1384 est,
649 1323 704 1373 Deo
714 1324 805 1386 dignus
817 1332 841 1375 et
851 1325 982 1374 hominum
993 1324 1069 1373 indoli
1081 1322 1230 1373 conveniens
1252 1323 1300 1369 162

259 1410 416 1477 Objeotiones
427 1410 557 1460 solvuntur
607 1434 1164 1447 ······
1250 1407 1299 1455 183

262 1494 450 1546 Animadversio
495 1518 944 1537 ·····
1045 1482 1055 1529 ἓ
1153 1521 1170 1559 ·.
1250 1492 1299 1537 186

164 1581 194 1632 O.
211 1583 243 1632 11.
260 1581 300 1631 Do
317 1582 386 1631 oultu
398 1580 546 1629 Sanctorum
598 1604 1045 1621 ·····
1149 1604 1159 1616 ·
1249 1580 1298 1626 167

259 1666 404 1733 Propositio.
421 1665 493 1715 Licet
504 1664 622 1726 Angelos,
633 1671 780 1728 sanctosque
791 1680 848 1715 oum
860 1664 961 1714 Christo
969 1673 1107 1727 regnantes,
1117 1663 1231 1725 religioso

427 1753 533 1817 quodam
545 1751 622 1810 cultu,
636 1758 664 1800 ut
675 1751 722 1800 Dei
735 1751 848 1811 famulos,
859 1753 975 1816 prosequi
1041 1778 1051 1790 ·
1152 1777 1162 1788 ·
1247 1752 1296 1798 169

261 1838 419 1905 Objectiones
430 1839 559 1888 solvuntur
600 1863 1162 1876 ······

151 1922 181 1974 O.
198 1924 243 1975 111.
261 1924 300 1974 De
312 1925 460 1974 Sanctorum
472 1921 627 1974 invocatione

260 2010 405 2076 Propositio.
424 2009 522 2060 Bonum
533 2020 570 2059 est
581 2018 606 2059 et
617 2010 677 2060 utile
687 2017 785 2060 sanctos
795 2025 852 2061 oum
864 2009 964 2059 Christo
975 2017 1106 2071 regnantes
1117 2009 1231 2074 supplici·

426 2102 464 2145 ter
474 2096 588 2145 invocare
599 2119 1162 2135 ......
1248 2095 1297 2143 197

261 2181 418 2246 Objeotiones
429 2181 559 2229 solvuntur
601 2203 1158 2220 ······
1246 2180 1298 2227 202

146 2263 177 2314 0.
196 2266 242 2316 lv.
260 2264 300 2314 De
311 2263 423 2325 Virginis
434 2264 503 2313 onitu

260 2353 275 2409 §
287 2349 308 2398 1.
326 2347 366 2397 De
378 2347 465 2396 Matris
482 2346 530 2397 Dei
542 2346 613 2396 titulo

259 2433 403 2497 Propositio.
423 2430 501 2494 Virgo
512 2431 591 2495 Maria
603 2447 658 2482 vere
669 2439 694 2481 et
705 2430 801 2498 proprie
812 2428 917 2482 dicenda
926 2441 964 2483 est
975 2433 1023 2484 Dei
1036 2442 1113 2483 mater
1154 2463 1164 2473 -

260 2519 417 2585 Objeotienes
434 2519 563 2568 solvuntur
604 2544 1051 2559 ·····
1053 2576 1056 2581 ,
1151 2546 1161 2559 ·
1245 2524 1296 2570 206

259 2603 272 2662 ὑ
285 2605 318 2654 11.
336 2603 375 2653 De
386 2610 503 2668 perpetua
515 2603 599 2653 Mario
611 2602 750 2665 virginitate
827 2631 837 2642 ·
936 2631 946 2643 ·
1045 2632 1055 2644 ·
1156 2632 1165 2643 -
1247 2609 1298 2654 209

259 2688 405 2753 Propositio.
423 2688 454 2737 B.
467 2687 553 2747 Maria,
563 2684 658 2736 Christi
669 2682 772 2737 Domini
784 2686 872 2750 Mater,
883 2688 952 2751 virgo
958 2689 1093 2757 permansit
1104 2696 1220 2755 perpetua
1247 2693 1297 2738 209

259 2774 416 2839 Objeotiones
426 2773 555 2823 solvuntur
596 2800 1161 2816 ······
1245 2779 1293 2825 211

259 2864 273 2919 §
291 2859 334 2909 111.
353 2859 393 2909 De
405 2857 503 2924 speciali
517 2856 601 2908 Marias
612 2860 681 2910 cultu
714 2885 1161 2899 ·····
1245 2865 1296 2910 212

262 2942 406 3010 Propositio.
424 2942 503 3011 Maria
514 2940 599 3005 Virgo,
608 2950 694 3009 utpote
707 2942 754 2994 Dei
771 2943 858 3005 Mater,
870 2944 970 3009 speciali
988 2959 1086 3010 prorsus
1097 2954 1122 2996 et
1139 2946 1231 3008 insigni

427 3029 496 3079 ouitn
508 3028 651 3080 honoranda
662 3037 699 3081 est
715 3056 1162 3070 ·····
1246 3035 1297 3081 212

260 3114 416 3181 Objeotiones
427 3115 558 3165 solvuntur
611 3138 620 3149 ·
721 3146 731 3156 -
831 3145 841 3156 -
940 3114 958 3155 -'
1047 3150 1056 3160 -
1155 3144 1165 3156 ·
1247 3121 1298 3168 216

262 3202 276 3257 §
289 3198 335 3248 1v.
353 3198 392 3248 De
403 3198 559 3248 invocatione
571 3198 682 3263 Deipnrae
710 3224 721 3236 ·
735 3222 740 3231 ·
821 3226 831 3237 ·
929 3225 939 3237 ·
1038 3226 1048 3238 ·
1148 3227 1158 3239 ·
1242 3206 1294 3253 216

262 3283 407 3349 Propositio.
424 3288 461 3335 En
471 3300 567 3348 semper
576 3283 655 3346 viguit
661 3284 814 3335 cousuetudo
823 3284 850 3334 in
861 3284 974 3334 Ecclesia
981 3284 1110 3335 catholiea
1118 3295 1147 3336 nt
1157 3287 1233 3337 Sano-

424 3370 526 3420 tissima
539 3372 628 3424 Matris
639 3372 688 3423 Dei
699 3389 783 3440 preces
794 3372 860 3438 apud
869 3371 952 3422 Deum
964 3379 1135 3437 expeterentur
1246 3377 1297 3424 216

260 3454 417 3521 Objectiones
426 3458 555 3507 solvuntur
605 3483 1054 3499 ·····
1123 3456 1127 3473 ¹
1154 3485 1164 3498 ·
1247 3460 1297 3508 219

259 3540 450 3593 Animadversio
490 3567 1049 3583 ······
1152 3571 1163 3585 -
1247 3548 1296 3593 221

162 3624 193 3675 G.
210 3626 241 3676 V.
259 3625 301 3679 De
313 3622 382 3679 uultu
394 3627 563 3692 Reliquiarum
606 3657 1164 3669 ······
1246 3631 1298 3680 223

259 3711 404 3777 Propositio.
421 3713 571 3762 Sanctorum
582 3712 691 3778 reliquiis
703 3712 826 3763 veneratio
838 3722 911 3778 atque
923 3712 1001 3765 honor
1012 3712 1112 3765 debetur
1154 3743 1164 3754 ·
1247 3720 1298 3765 223

236 3796 241 3805 “
265 3793 421 3860 Objeoiiones
432 3795 561 3844 solvuntur
602 3823 1161 3837 ······
1244 3803 1295 3847 226

146 3874 176 3926 O.
194 3876 238 3929 vt.
256 3878 295 3928 De
306 3878 374 3928 cultu
386 3876 527 3939 imaginum
1245 3883 1295 3932 229

258 3963 404 4029 Propositio.
422 3963 546 4025 Imagines
558 3963 656 4021 Christi,
675 3963 786 4030 Deiparae
805 3966 923 4029 Virginis,
934 3973 959 4016 et
976 3967 1079 4017 aliorum
1090 3976 1231 4018 sanctorum

423 4049 556 4099 retinenda
568 4057 627 4100 sunt
638 4050 665 4101 in
676 4052 774 4116 templis
784 4052 925 4118 presertim,
937 4052 1021 4117 eisque
1032 4054 1111 4105 honor
1123 4061 1148 4104 et
1158 4071 1230 4105 vene·

423 4133 657 4199 ratioimpertienda
715 4162 1163 4179 ·····
1246 4143 1297 4189 230

259 4217 416 4284 Objeotionss
428 4218 557 4269 solvuntur
602 4245 1162 4262 ······
1244 4227 1293 4271 231

135 4302 166 4352 O.
184 4303 241 4354 VII.
258 4304 298 4354 De
309 4305 464 4354 veneratione
475 4305 554 4354 erucis
602 4332 1159 4349 ······
1244 4313 1294 4360 239

261 4390 406 4457 Ρτοροιίῐίο.
423 4390 490 4439 Vera
506 4406 567 4441 orux
587 4391 676 4456 inqua
694 4391 810 4443 Christus
829 4408 917 4459 passus
928 4400 965 4443 est
976 4394 1075 4458 speciali
1091 4395 1184 4445 honore
1195 4403 1231 4446 est

427 4474 509 4538 digna,
521 4477 595 4542 eujus
606 4477 680 4526 etiam
692 4477 823 4544 participes
834 4485 892 4529 sunt
903 4492 987 4530 cruces
1001 4481 1115 4544 quaelibet
1127 4481 1156 4530 ad
1175 4497 1230 4532 eam

421 4562 642 4626 repraesentandam
654 4560 724 4613 saotae
824 4591 835 4602 ·
936 4596 943 4607 -
1044 4593 1054 4606 ·
1154 4591 1164 4603 ·
1246 4569 1297 4618 246

257 4642 414 4710 objectiones
425 4646 554 4697 sotvumu
595 4673 610 4709 ,·
710 4674 720 4685 ·
759 4678 762 4683 ι
822 4675 832 4686 ·
933 4676 943 4687 -
1042 4677 1052 4689 -
1152 4678 1162 4690 -
1245 4656 1295 4702 242

260 4729 449 4780 Animadversio
489 4756 1160 4775 ·······
1242 4742 1293 4789 243
