2798 5092
469 339 526 403 DE
547 342 692 408 CULTU
714 345 947 412 luminum.

600 1033 743 1096 CAPUT
765 1036 818 1096 Vl.
890 1066 895 1075 ·

434 1274 491 1327 DE
527 1273 685 1326 CULTU
718 1275 979 1330 IMAGINUM.

141 1520 207 1576 1³5.
232 1516 354 1576 Soeculo
369 1527 470 1591 octavo
483 1519 639 1580 vehemens
652 1519 759 1578 exarsit
772 1518 928 1599 disputatio
940 1521 976 1579 de
991 1521 1148 1599 imaginum
1158 1543 1304 1586 sacrarum

106 1633 154 1674 usn
167 1627 197 1675 et
210 1616 306 1683 cultu,
322 1614 493 1693 imperatore
507 1617 606 1678 Leone
620 1618 747 1678 Isaurico
762 1619 867 1678 bellum
882 1618 918 1677 iis
932 1620 1081 1680 inserente.
1112 1622 1172 1682 Eas
1188 1623 1219 1683 S.
1234 1624 1306 1685 Ger·

105 1731 213 1782 manus,
231 1712 571 1792 Constantinopolitanae
588 1716 756 1794 patriarcha,
772 1727 800 1774 et
816 1718 847 1775 S.
861 1716 990 1777 loannes
1010 1718 1210 1781 Damascenus
1225 1741 1305 1800 egre·

105 1810 148 1888 gie
163 1809 366 1868 vindicarunt:
388 1811 439 1869 sed
454 1821 483 1870 et
496 1812 649 1871 concilium
665 1813 818 1872 Nicaenum
833 1812 873 1872 11.
889 1833 964 1872 anno
978 1820 1035 1872 781
1052 1816 1175 1876 solemni
1190 1818 1304 1880 decreto

102 1908 242 1985 probavit.
285 1905 364 1970 Galli
379 1927 412 1968 ea
437 1920 519 1968 etate
544 1929 639 1968 sacras
660 1909 801 1968 habebant
821 1912 961 1988 imagines
976 1913 1006 1969 in
1028 1912 1180 1983 Ecclesiis,
1197 1935 1304 1991 easque

101 2008 260 2067 reverentia
274 2009 397 2083 quadarn
421 2007 676 2084 prosequebantur,
691 2007 823 2080 quamvis
845 2024 903 2066 non
929 2006 1032 2065 iisdem
1057 2009 1151 2068 cultus
1173 2011 1300 2083 indiciis,

100 2118 162 2176 quie
177 2104 256 2181 apud
271 2103 433 2163 Orientales
448 2103 574 2161 moribus
589 2113 704 2180 recepta
718 2114 807 2170 erant,
823 2102 852 2160 hi
874 2103 985 2160 scilicet
998 2102 1065 2161 thus
1087 2105 1122 2162 iis
1141 2105 1300 2178 adolebant,

98 2209 126 2257 et
150 2219 249 2260 coram
264 2201 525 2280 prosternebantur.
566 2200 791 2268 Petrobrusiani,
815 2199 994 2269 Henrieiani,
1012 2200 1196 2272 waldenses,
1220 2206 1300 2265 Albi·

98 2314 214 2374 genses,
231 2298 427 2366 Wiclrleffitae,
444 2297 573 2356 Hussitae
588 2298 745 2374 imaginum
761 2298 858 2355 hostes
874 2298 1022 2365 habentur,
1039 2317 1111 2373 quos
1127 2304 1217 2360 secuti
1232 2318 1300 2363 sunt

96 2394 195 2452 seculi
220 2394 325 2455 decimi
350 2395 424 2454 sexti
448 2404 610 2467 novatores,
624 2391 891 2452 Iconomacliornm
905 2406 933 2452 et
953 2391 1206 2459 Iconoclustorunv
1230 2400 1299 2459 faei-

102 2508 173 2549 nora
188 2493 394 2571 pretergressi,
410 2490 485 2550 bello
500 2482 765 2568 imaginibus,'quas
780 2492 871 2568 impio
885 2491 980 2550 furore
993 2491 1168 2569 frangebant,
1180 2495 1297 2556 indicto.

119 2570 209 2649 usn.
233 2587 398 2649 Concilium
414 2586 715 2653 Tridentinumdocet
730 2589 900 2666 “imagines
923 2631 930 2648 .
955 2630 962 2646 .
987 2629 995 2646 .
1017 2588 1139 2658 Christi,
1166 2591 1296 2671 Deiparae

98 2687 241 2764 Virginis,
256 2697 285 2744 et
298 2686 418 2745 aliorum
433 2696 595 2744 sanctorum
611 2685 639 2743 in
656 2685 770 2761 templis
795 2687 953 2761 presertim
976 2683 1119 2743 habendas
1134 2697 1163 2745 et
1176 2691 1297 2750 retinen·

97 2786 161 2853 dae,
176 2784 279 2858 eisque
302 2783 427 2842 debitum
443 2783 581 2842 honorem
604 2792 633 2839 et
658 2783 868 2841 venerationem
893 2781 1121 2857 impertiendam,
1146 2804 1203 2846 non
1218 2790 1296 2862 quod

96 2874 229 2940 credatur
242 2884 339 2940 inesse
354 2880 448 2954 aliqua
462 2880 492 2938 in
507 2880 543 2939 iis
559 2879 701 2946 divinitas,
717 2878 762 2936 vel
777 2880 876 2943 virtus,
893 2888 1108 2953 propterquam
1123 2881 1181 2939 sint
1200 2885 1295 2944 colen.

95 2977 150 3048 doe,
166 2976 213 3037 rel
228 2977 304 3052 quod
319 2978 353 3036 ab
369 2978 411 3035 eis
425 2977 463 3035 sit
483 2975 589 3051 aliquid
606 2974 770 3052 petendum,
786 2973 831 3030 vel
853 2972 930 3047 quod
951 2971 1057 3031 fiducia
1071 2975 1101 3032 in
1117 2975 1293 3055 imaginibus

93 3076 132 3134 sit
146 3074 272 3155 figenda,
288 3075 374 3133 veluti
389 3074 457 3133 olim
473 3074 558 3132 tiebat
572 3093 588 3131 a
611 3073 753 3150 gentibus,
769 3088 832 3143 quae
848 3071 878 3127 iu
900 3068 985 3128 idolis
1006 3087 1089 3146 spem
1104 3090 1188 3133 snam
1202 3077 1292 3136 collo.

94 3174 214 3233 abant:
238 3172 289 3231 sed
305 3172 440 3246 quoniam
456 3171 548 3230 honos
563 3170 611 3244 qui
627 3170 669 3227 eis
683 3168 844 3236 exhibetur,
865 3167 984 3226 refertur
998 3167 1034 3225 ad
1049 3179 1212 3248 prototypa,
1228 3192 1293 3248 qum¹

94 3270 151 3331 ille
166 3282 391 3350 representantr
413 3270 453 3328 ita
465 3279 497 3328 ut
509 3286 561 3346 per
575 3269 725 3345 imagines,
741 3286 812 3340 quas
832 3263 1003 3335 osculamur,
1019 3281 1053 3324 et*
1068 3287 1164 3326 coram
1186 3272 1290 3344 quibus

93 3382 177 3449 ceput
189 3362 346 3448 aperimus,
360 3382 389 3427 et
403 3369 628 3446 procumbimus,
641 3366 792 3426 Christum
808 3365 969 3434 adoremus,
983 3376 1012 3424 et
1026 3377 1152 3436 sanctos,
1166 3388 1292 3444 quorum,

93 3468 149 3529 illae
172 3464 390 3529 similitudinem
413 3479 527 3546 gerunt,
545 3485 715 3525 veneremur
716 3507 849 3524 .....
872 3464 905 3524 Si
920 3465 984 3538 quis
1000 3476 1093 3525 autem
1108 3467 1153 3525 his
1168 3468 1289 3532 decretis

95 3569 233 3628 contraria
248 3564 390 3634 docuerit,
406 3578 453 3624 aut
473 3565 605 3632 senserit,
626 3565 775 3623 anathema
790 3562 874 3621 sit.”¹
914 3563 959 3622 Ab
982 3562 1036 3621 hac
1048 3567 1230 3627 veneratione
1253 3571 1289 3630 iis

98 3668 225 3727 terminis
240 3677 380 3743 concepta
394 3683 452 3723 non
466 3662 620 3722 admodum
636 3662 789 3721 adhorrent
803 3661 1017 3730 Osonienses3¹
1030 3663 1080 3737 qui
1094 3666 1180 3726 simul
1195 3688 1289 3729 mores

100 3763 244 3842 regionum
260 3763 478 3823 catholicarum
499 3762 571 3821 ultra
594 3760 728 3839 progredi
748 3771 913 3834 queruntur,
936 3781 1009 3837 quos
1032 3775 1126 3823 tamen
1146 3766 1220 3827 iutra
1239 3787 1290 3827 eos

100 3860 198 3921 limites
213 3861 277 3920 sisti
292 3873 396 3921 norunt
410 3861 486 3934 aequi
503 3859 627 3937 judices.

139 3964 203 4021 1³7.
227 3959 414 4018 Nicoenorum
442 3968 552 4034 patrum
577 3957 631 4017 hac
658 3956 694 4015 de
721 3975 751 4014 re
777 3955 921 4017 decretum
945 3959 1062 4018 renitere
1089 3959 1173 4019 etiarn
1189 3962 1289 4038 juvat:

103 4064 119 4090 ‘⁴
128 4055 283 4132 Sequentes
293 4056 428 4114 divinitus
437 4055 605 4131 inspiratum
617 4064 778 4112 sanctorum
788 4062 899 4129 patrum
912 4070 1074 4114 nostrorum
1083 4057 1289 4133 magisterium,

133 4214 172 4281 (l)
191 4215 258 4265 Sese.
269 4229 329 4264 xxv.
340 4213 404 4263 decr.
416 4212 446 4262 de
459 4213 538 4263 invoc.
550 4228 606 4262 ven.
618 4218 650 4262 et.
661 4210 729 4275 reliq.
741 4210 897 4262 Sanctomm.

135 4299 172 4367 (t)
190 4308 206 4334 ‘⁸
214 4299 273 4351 The
283 4298 429 4349 Tridentino
441 4298 533 4349 Decree
543 4297 651 4348 declares
662 4296 715 4346 thet
725 4296 746 4347 it
755 4297 777 4345 is
783 4296 847 4361 good
856 4297 905 4347 sud
914 4297 993 4349 nselul
1003 4297 1154 4364 supplimtly
1165 4307 1191 4350 to
1202 4299 1294 4352 involre

109 4381 143 4434 hs
151 4385 238 4449 enine,
249 4386 299 4438 and
310 4387 363 4437 thot
374 4387 416 4436 the
426 4386 522 4449 lmages
533 4386 562 4436 of
575 4383 666 4444 Christ,
675 4383 724 4434 ond
734 4384 776 4434 the
787 4383 890 4434 Blessed
901 4383 997 4445 Virgin,
1008 4383 1058 4434 end
1074 4383 1116 4436 the
1127 4385 1196 4437 other
1206 4387 1291 4439 Saints

108 4467 182 4527 Μὰ
199 4475 309 4526 ‘receive
319 4474 368 4524 due
385 4473 464 4523 honor
475 4473 525 4524 end
543 4469 706 4530 veneration;’
723 4471 811 4530 words,
822 4469 905 4520 which
923 4470 1070 4523 themselves
1087 4489 1119 4534 go
1130 4480 1155 4523 to
1176 4474 1218 4524 the
1234 4492 1292 4540 very

111 4568 169 4620 'fluv
178 4561 205 4611 ol
215 4560 282 4612 vehet
293 4559 366 4610 could
377 4561 407 4610 be
417 4559 527 4610 received
538 4561 570 4625 by
582 4559 624 4609 the
634 4556 746 4608 anticus
758 4555 891 4618 Christian,
901 4555 997 4620 though
1008 4559 1115 4624 possibly
1128 4560 1258 4624 admitting
1268 4561 1297 4611 os

112 4654 138 4691 ΙΙ
145 4641 224 4699 honest
234 4644 443 4712 interpretationl’
477 4645 552 4697 Trout
561 4645 611 4696 No.
621 4648 661 4694 71.

180 4735 252 4797 Von.
266 4734 403 4795 1v.-20
