2798 5092
352 328 409 391 DE
429 329 744 393 lMPEDIMENTlS
765 333 1035 397 MATRIMONII.
1236 342 1291 403 133

106 486 243 546 statuendi
259 506 323 561 que
347 487 382 548 ad
404 490 512 549 bonum
536 491 663 569 regimen
689 494 846 553 animarum
868 495 1032 570 pertinent:
1053 495 1088 554 ad
1116 497 1171 556 hoc
1196 510 1290 559 autem

104 582 182 660 plane
197 594 311 662 spectat
322 605 356 645 ea
369 585 405 645 de
419 588 598 647 matrimonio
613 588 765 649 decernere
780 610 843 664 quae
858 592 948 650 bonos
971 611 1064 652 mores
1078 593 1228 663 loventot
1241 586 1291 657 lto·

103 680 210 740 minum
225 682 356 742 salutern.
398 684 470 751 Qua
484 704 652 745 concurrere
670 686 791 746 debeant
812 701 841 746 ut
861 701 1017 748 consensus
1033 689 1176 767 legitimus
1191 693 1293 753 habea·

103 785 153 845 tur,
168 795 266 836 mores
289 789 318 837 et
337 779 458 839 salutem
482 792 621 859 spectant.
662 783 742 860 Ergo
764 785 794 844 in
814 785 859 844 bis
881 784 1050 845 definiendis
1070 788 1228 848 exercenda
1249 800 1293 848 est

103 872 244 933 Ecclesira
260 887 397 952 potestas,
414 897 477 951 quae
493 897 581 953 quum
595 891 653 938 rata
667 880 797 941 habenda
818 883 855 941 sit
874 882 904 942 iu
923 883 1006 952 coeto,
1029 881 1146 942 Christo
1159 885 1198 943 ita
1212 885 1293 962 pulli·

101 980 193 1040 cente,
207 971 305 1030 valent
322 992 417 1034 coram
441 974 506 1035 Deo
530 976 735 1053 impedimenta
756 977 888 1039 dirimere
903 987 1088 1038 conuactum.
1129 980 1292 1042 Ecclesiam

100 1086 168 1128 vero
180 1068 259 1128 haud
272 1089 382 1130 errasse
406 1072 438 1130 in
460 1074 666 1134 constituendis
689 1077 861 1136 matrimonii
884 1076 1108 1154 impedimentis,
1123 1097 1160 1137 ex
1182 1078 1292 1139 Christi

45 1210 48 1215 ι
98 1168 342 1245 promissionibus
356 1169 516 1240 inserimus,
531 1182 561 1231 et
574 1192 603 1232 re
618 1174 681 1251 ipsa
696 1175 871 1252 probamus:
893 1194 957 1250 quae
977 1176 1054 1235 enim
1068 1177 1166 1235 statuit
1178 1196 1213 1236 eo
1227 1177 1293 1238 diri·

99 1275 204 1343 guntur
217 1276 249 1325 ut
262 1284 375 1326 morum
389 1276 419 1326 et
431 1266 498 1328 fidei
513 1270 658 1348 integritas
673 1280 810 1330 serretur.

494 1447 692 1488 ontuortortns
716 1447 900 1489 SOLVUNTUR·

136 1587 188 1644 71.
214 1581 282 1664 obj.
300 1589 326 1644 l.
350 1584 483 1645 Christus
497 1586 597 1646 nullibi
611 1587 714 1665 legitur
734 1588 913 1649 concessisse
935 1589 1075 1651 Ecclesia
1099 1595 1292 1655 auctoritatem

94 1681 261 1745 dirimentis
274 1684 478 1761 impedimenta
491 1685 681 1745 constituendi
695 1705 702 1744 ε
725 1695 850 1764 potestas
863 1701 957 1747 autem
970 1690 1060 1767 major
1076 1700 1119 1748 est
1133 1709 1218 1765 quam
1230 1711 1293 1766 quae

94 1783 294 1844 ratiocinando
308 1784 392 1842 statui
406 1784 506 1861 possit.

134 1879 228 1959 Rerp.
252 1879 406 1939 Concessit
420 1879 554 1939 Christus
568 1881 715 1957 Apostolis
739 1881 944 1958 amplissimam
969 1885 1163 1945 auctoritatem
1186 1885 1293 1963 ligandi

94 1987 127 2038 et
137 1976 282 2046 solvendi;
297 1989 326 2035 et
339 1994 402 2036 eam
417 1995 502 2052 quam
517 1995 534 2034 a
550 1976 633 2036 Patre
647 1990 805 2053 acceperat,
821 1996 963 2037 sommam
979 1989 1159 2057 potestatem,
1175 1982 1204 2040 iu
1219 1981 1294 2041 radi-

94 2075 229 2137 monium
243 2074 323 2133 dedit
335 2075 398 2152 ejus
412 2094 498 2147 quarn
523 2075 559 2134 iis
582 2075 805 2134 communicavit
818 2076 1017 2136 exercendam.
1058 2079 1120 2137 an
1149 2081 1295 2139 constituit

96 2175 145 2234 aui
158 2173 317 2240 ministros,
331 2182 360 2230 et
373 2172 584 2250 dispensatores
606 2173 808 2248 mysteriorum
830 2173 1002 2243 divinorum.
1024 2175 1074 2249 qui
1099 2175 1204 2234 idcirco
1218 2176 1294 2254 lega·
1314 2236 1316 2241 ,

94 2271 175 2331 tione
186 2289 240 2349 pro
254 2271 319 2347 ipso
334 2269 499 2346 funguntur,
515 2270 578 2347 ejus
594 2271 672 2328 vices
693 2271 831 2328 obeuntes
846 2271 875 2329 in
901 2270 936 2329 iis
959 2291 1022 2346 quas
1046 2273 1188 2348 pertinent
1202 2272 1236 2330 ad
1251 2293 1294 2333 sa·

95 2378 309 2429 crementorum
323 2365 607 2425 administrationem.
649 2367 720 2426 Jura
739 2366 913 2426 matrimonii
934 2381 1009 2428 certe
1023 2369 1161 2446 explicuit
1175 2370 1293 2438 Paulus,

95 2473 127 2524 et
139 2482 176 2524 ea
189 2464 275 2524 nixus
290 2464 464 2531 auctoritate,
488 2461 557 2537 quid
580 2463 677 2522 liceret
699 2463 787 2533 fideli,
802 2464 827 2522 si
842 2463 965 2523 infidelis
980 2464 1068 2524 nollet
1081 2484 1144 2524 oum
1167 2465 1231 2542 ipso
1245 2467 1293 2524 ha·

95 2563 197 2630 bitare‚
219 2561 382 2619 declaravit.
424 2559 494 2619 Non
516 2560 709 2619 ratiocinando
744 2571 912 2638 potestatem
943 2561 1016 2621 hanc
1044 2563 1210 2632 statuimus;
1242 2561 1294 2624 sed

98 2678 186 2735 quam
200 2677 317 2736 semper
330 2658 457 2717 exercuit
471 2657 613 2726 Ecclesia,
629 2658 806 2717 ostendimus
820 2659 914 2717 verbis
929 2658 1038 2719 Christi
1052 2663 1240 2737 comprobari.

136 2762 187 2818 72.
213 2754 281 2835 Obj.
296 2761 325 2815 2.
347 2755 441 2834 Leges
456 2773 526 2829 quas
543 2756 578 2814 de
595 2756 776 2814 matrimonio
798 2754 876 2814 dedit
895 2755 985 2825 Deos,
1002 2766 1108 2816 tantum
1132 2757 1292 2834 spectandae

94 2863 179 2922 sunt,
190 2871 245 2913 nec
258 2853 320 2912 alite
335 2852 532 2931 adjungenda,
546 2870 620 2927 quae,
636 2852 767 2910 libertate
788 2851 914 2910 nubendi
929 2852 1047 2921 minuta,
1068 2855 1205 2929 peccandi
1220 2855 1293 2932 peri·

96 2951 194 3011 culum
209 2961 327 3028 augent.
559 3010 562 3015 ,
1040 3004 1043 3009 .

136 3047 226 3127 Reap.
248 3047 343 3125 Leges
358 3048 412 3106 illae
434 3046 540 3125 populo
561 3045 698 3123 singulari
724 3045 795 3104 date
820 3063 879 3104 non
894 3044 1020 3123 obligant
1036 3055 1152 3106 ceteras
1172 3057 1291 3125 gentes3

96 3145 204 3205 etenim
219 3144 301 3204 Deus
316 3153 403 3203 totam
415 3143 507 3221 legem
523 3144 684 3220 abrogatam
699 3143 799 3211 voluit,
818 3142 935 3201 Christo
956 3160 1038 3201 suam
1051 3143 1082 3201 in
1096 3146 1176 3202 terris
1191 3143 1292 3203 Eccle-

94 3242 170 3301 siam
179 3240 326 3300 luudante.
368 3240 463 3300 Penes
477 3250 600 3299 rectores
613 3240 752 3298 Ecclesia
768 3238 874 3298 idcirco
888 3248 932 3297 eat
947 3257 984 3298 ex
995 3238 1082 3297 veteri
1097 3238 1197 3298 codice
1209 3238 1292 3298 desu-

96 3357 188 3408 mere,
209 3356 274 3412 quae
300 3337 429 3396 omnium
451 3337 578 3415 gentium
601 3336 758 3396 conditioni
784 3336 996 3397 accommodata
1018 3335 1180 3407 rideantur,
1203 3355 1293 3412 eaque

98 3435 222 3514 adjicere
237 3453 303 3510 quae
316 3434 452 3511 specialia
467 3453 561 3493 rerum
576 3433 710 3512 adjuncta
724 3435 876 3511 postulant.

137 3536 188 3599 73,
213 3531 281 3610 obj.
297 3536 326 3591 a
349 3531 469 3598 Quoties
484 3531 624 3591 Ecclesiae
647 3531 782 3609 praesules
808 3531 932 3590 tulerunt
945 3529 1024 3609 leges
1039 3530 1074 3590 de
1095 3533 1294 3603 matrimoniis,

99 3642 311 3693 consueverunt
324 3631 473 3690 Cassarum
488 3649 605 3708 operam
629 3631 782 3707 postulare,
808 3639 839 3688 ut
861 3631 920 3689 vim
943 3629 1101 3689 haberent:
1123 3632 1200 3705 quod
1223 3632 1295 3691 indi·

99 3729 176 3788 cium
191 3738 237 3786 est
250 3746 300 3786 eos
315 3728 355 3786 nil
370 3746 421 3804 per
440 3745 472 3785 se
493 3745 590 3804 posse.
633 3727 683 3783 Sic
704 3726 857 3784 concilium
879 3726 1084 3804 Mogontinum
1099 3746 1116 3784 a
1131 3727 1237 3786 Carolo
1252 3728 1297 3785 M.

98 3826 345 3887 confirmationem
360 3844 457 3884 eorum
474 3843 537 3898 quae
552 3823 588 3883 de
600 3823 812 3901 impedimentis
827 3835 963 3883 statuerat
977 3825 1068 3902 petiit.

136 3924 227 4003 Reap.
245 3923 315 3983 Non
329 3923 357 3982 id
372 3942 486 4001 semper
501 3912 562 3982 fieri
578 3923 745 3990 consueuitr
767 3921 818 3980 sed
844 3922 934 3981 libero
956 3923 1099 3999 plenoque
1120 3925 1186 4002 jore
1201 3923 1297 3981 decre·

100 4033 201 4081 rerunt
222 4021 360 4099 presules
383 4039 447 4095 quar
470 4019 504 4078 ad
531 4021 741 4079 matrimonium
768 4020 943 4097 spectabant,
965 4019 1036 4080 adeo
1057 4034 1088 4079 ut
1110 4021 1167 4097 ipsi
1188 4020 1297 4079 summi

100 4119 244 4196 principes
260 4117 296 4175 iis
311 4125 472 4176 tenerentur
486 4115 598 4193 legibus
613 4135 676 4189 quar
697 4115 824 4174 fidelium
846 4117 975 4176 omnium
1003 4104 1137 4193 conjugia
1151 4116 1296 4193 regebant.

101 4215 232 4276 Profeotd
263 4215 419 4292 Gregorius
441 4211 479 4272 V.
505 4234 579 4273 anno
600 4217 659 4272 998
687 4215 716 4272 in
737 4213 850 4290 synodo
876 4214 1008 4273 Romana
1032 4213 1149 4273 Roberti
1174 4215 1298 4275 Franco·

102 4331 162 4372 rum
182 4313 259 4390 regis
285 4330 350 4370 oum
376 4311 462 4368 Berta
488 4311 698 4386 consanguinea
719 4309 930 4369 matrimonium
956 4310 1067 4368 irritum
1093 4311 1297 4386 pronuntiavit.

104 4407 347 4479 Quandocumque
363 4421 455 4464 autem
472 4406 549 4483 regia
570 4405 771 4481 implorabatur
784 4423 871 4481 opera
894 4403 929 4463 ad
955 4404 1065 4481 legibus
1092 4405 1298 4465 ecclesiasticis

106 4507 160 4565 vim
169 4503 358 4571 tribuendam,
374 4503 492 4561 effectus
507 4503 610 4561 civiles
623 4503 840 4577 spectabantur:
857 4519 910 4559 uec
921 4501 999 4559 euim
1014 4499 1070 4558 nisi
1085 4501 1163 4560 civili
1178 4503 1301 4562 auctori·

110 4614 159 4664 tate
172 4605 306 4682 probante
321 4609 450 4678 poterant
460 4582 622 4659 sanctiones
634 4599 689 4658 illae
700 4600 728 4658 in
737 4597 855 4678 judiciis
867 4598 1008 4671 rebusque
1017 4597 1149 4659 ciuilibus
1159 4600 1296 4661 obtinere.

188 4703 263 4762 Vua.
281 4698 417 4759 tlt-12
