2798 5092
169 348 228 407 208
403 340 409 351 '
581 342 638 403 DE
659 340 940 405 PURGATORIO.

168 503 350 564 humanitatis
363 501 510 570 decimum
524 503 654 577 quamvis
668 500 807 578 dogmatis
817 501 927 562 veritati
938 499 1011 560 nihil
1024 497 1152 558 detrabat
1163 496 1243 572 quod
1253 496 1355 557 rationi

170 611 199 658 et
211 600 313 658 sensui
327 599 463 667 humano,
478 599 613 658 divinitus
627 598 713 656 veluti
729 599 827 667 indito,
842 601 1004 677 congruat.²

106 680 115 703 ⁰
209 702 258 758 60.
283 696 348 776 obj.
367 703 412 758 tt.
434 697 593 775 Purgatorii
616 695 743 756 doctrina
765 698 896 757 virtutem
916 696 1008 756 crucis
1029 703 1157 762 evacuat,
1182 692 1280 752 Deum
1301 693 1358 753 ani·

106 820 114 843 .
169 813 289 864 marum,
299 797 383 855 etiarn
394 797 546 873 justarum,
562 805 695 853 tortorem
710 794 785 864 lacit,
800 807 828 854 et
842 796 931 855 tristia
942 806 1069 868 tetraque
1081 791 1230 853 subeunda
1241 791 1359 851 exhibet

168 903 317 965 autequam
333 894 367 951 sd
382 892 485 950 coelum
500 902 594 969 pateat
606 891 708 949 aditus.
783 938 786 946 .

204 985 293 1064 Resp.
316 987 399 1047 Nihil
423 988 514 1046 crucis
538 987 632 1045 virtuti
654 985 817 1054 detrahitur,
842 986 970 1047 decemo
992 1005 1052 1047 non
1076 985 1192 1064 plenam
1217 984 1355 1044 omnibus

166 1085 292 1161 prestari
306 1084 519 1161 indulgentiam,
534 1083 585 1141 sed
598 1082 716 1142 luendas
731 1083 932 1158 quandoquea
954 1095 1102 1164 peccatore
1123 1101 1235 1162 prunas,
1250 1090 1284 1140 ιιι
1298 1091 1358 1141 toto

164 1199 221 1255 quo
232 1166 377 1241 tenebatur
387 1190 464 1238 reatu
475 1180 618 1238 liberetur.
644 1179 772 1239 Proiecto
782 1198 841 1239 non
852 1182 890 1239 ita
902 1200 954 1258 pro
968 1181 1052 1240 nobis
1066 1178 1208 1239 satisfecit
1219 1177 1358 1237 Christus

164 1288 196 1336 ut
219 1278 298 1337 omni
322 1295 407 1355 poena
427 1274 587 1335 necessarii
606 1276 697 1334 simus
719 1277 871 1336 immunes.
914 1277 1035 1337 Nullum
1056 1276 1233 1354 supplicium
1249 1295 1268 1334 a
1289 1273 1357 1333 Deo

165 1377 318 1456 irrogatum
330 1376 401 1434 fides
414 1375 496 1433 tradit
509 1395 516 1443 ;
530 1373 582 1432 sed
596 1375 704 1432 animas
719 1374 872 1434 levioribus
886 1376 992 1454 culpis,
1004 1376 1051 1435 vel
1065 1394 1156 1453 ptenae
1171 1374 1270 1433 debito
1284 1372 1357 1433 deti·

163 1475 225 1533 neri
238 1492 255 1531 a
268 1471 332 1530 Deo
354 1472 483 1532 fruendo.
525 1471 668 1532 Ceterum
682 1473 708 1529 si
729 1472 943 1550 Theologorum
966 1472 1167 1550 plerorumque
1183 1471 1297 1548 placita
1316 1470 1354 1529 de

162 1570 300 1647 igneque
324 1582 478 1646 purgantur
491 1569 592 1628 anime
613 1569 809 1644 respiciantur,
826 1570 938 1646 J'ustitia
957 1587 1071 1628 summa
1084 1582 1114 1628 et
1133 1568 1273 1627 sanctitas
1296 1566 1354 1626 Dei

165 1664 313 1725 adoranda
329 1678 421 1734 erunt,
433 1680 493 1725 tum
507 1666 537 1724 in
552 1665 705 1743 purgandis
721 1667 831 1734 electis,
846 1677 905 1725 turn
921 1667 952 1725 in
965 1664 1119 1744 puniendis
1132 1664 1243 1742 impiis.
1267 1663 1357 1723 Nulla

164 1771 258 1821 eutem
270 1762 423 1821 necessitas
436 1774 480 1820 est
493 1763 647 1840 purgatorii
662 1780 761 1839 peenas
772 1763 879 1831 luendi,
891 1764 918 1823 si
931 1766 997 1839 quis
1012 1762 1133 1823 voluerit
1147 1761 1243 1820 Deum
1258 1760 1356 1820 arden·

165 1857 229 1918 tiori
244 1858 376 1936 amplecti
392 1858 504 1941 affectu,
526 1868 555 1918 et
568 1878 620 1937 pro
634 1861 740 1918 viribus
755 1859 858 1919 divinae
879 1861 997 1938 justitiae
1011 1859 1173 1919 satisfacere
1194 1857 1355 1916 studuerit:

162 1957 351 2015 morientibus
365 1955 472 2016 idcirco
487 1976 543 2016 non
558 1957 650 2016 tristia
663 1969 790 2032 tetraque
805 1959 986 2026 exhibentur,
1003 1957 1055 2016 sed
1069 1957 1135 2016 ooeli
1157 1955 1359 2034 promittuntur

161 2055 281 2132 gaudia3
303 2057 328 2113 si
341 2065 435 2115 tamen
450 2056 506 2133 ipsi
520 2067 578 2115 toto
591 2055 685 2119 cordis
699 2057 801 2117 affectu
816 2057 912 2116 Deum
925 2065 1053 2131 quaerant
1067 2066 1095 2114 et
1109 2055 1241 2132 diligant.

202 2157 250 2215 et.
275 2151 342 2232 obj.
360 2157 407 2213 18.
429 2153 536 2231 Turpis
558 2154 628 2212 lucri
642 2153 736 2213 studio
757 2155 951 2232 purgatorium
972 2154 1168 2232 excogitatum
1183 2152 1310 2220 videtur,
1326 2159 1358 2211 ut

163 2249 266 2308 Misce
280 2252 418 2318 venirent,
433 2251 505 2309 coelo
519 2252 634 2310 nonnisi
649 2262 765 2329 argento
779 2252 984 2330 comparando.
1007 2251 1054 2310 Ea
1067 2269 1135 2309 vero
1151 2249 1280 2311 admisse
1292 2248 1358 2309 doe

162 2347 234 2404 trina
258 2345 417 2405 miseranda
440 2358 485 2405 est
510 2366 665 2425 pauperum
685 2346 821 2418 conditio,
838 2348 972 2408 divitibus
986 2366 1055 2407 mox
1070 2345 1236 2417 liberandis,
1254 2345 1357 2407 Missis

163 2444 295 2520 plurimis
311 2463 361 2518 pro
376 2445 411 2502 iis
426 2444 539 2505 oblatis.

198 2540 287 2617 Reep.
310 2537 419 2596 Orandi
439 2557 490 2615 pro
504 2540 622 2596 mortuis
637 2548 666 2597 et
688 2540 859 2599 sacrificium
886 2559 937 2617 pro
951 2541 987 2599 iis
1008 2539 1147 2602 otl'erendi
1172 2490 1355 2600 consuetudo

160 2639 217 2697 ad
210 2657 304 2715 ipsum
319 2655 360 2694 ret
352 2635 532 2696 'christianae
558 2637 669 2696 initium
692 2639 820 2708 refertur,
834 2653 863 2698 et
883 2639 1039 2717 Apostolos
1060 2640 1153 2698 habet
1171 2650 1313 2707 auctores,
1327 2646 1358 2697 nt

167 2736 238 2796 nihil
252 2755 328 2794 nune
343 2734 471 2796 dicamus
486 2733 522 2792 de
537 2734 624 2812 priori
639 2736 657 2794 J
660 2736 804 2796 uduorum
819 2735 1034 2798 consuetudine.
1056 2738 1129 2805 Quis
1143 2748 1239 2797 autem
1254 2736 1357 2797 dixerit

161 2832 231 2891 lucri
246 2831 340 2890 studio
355 2849 417 2890 eam
432 2832 466 2889 ab
482 2831 627 2908 apostolis
642 2833 795 2892 statutam?
837 2834 922 2902 Quod
935 2853 970 2893 ea
988 2836 1140 2894 occasione
1162 2834 1267 2914 dentur
1279 2834 1352 2894 elee·

102 2956 110 3027 p
161 2949 289 3008 mosyuae
305 2931 334 2989 in
348 2932 579 2989 sustentationem
600 2930 790 3001 sacerdotum,
805 2952 969 2992 consonum
983 2945 1030 2992 est
1050 2934 1086 2992 iis
1101 2953 1165 3008 ques
1189 2935 1271 2993 Deus
1291 2930 1353 3011 ipse

96 3032 114 3120 l
160 3029 266 3096 statuit,
281 3039 311 3086 ut
325 3029 374 3102 qui
388 3029 544 3088 inserviunt
557 3029 646 3098 altari,
661 3029 696 3088 de
710 3030 789 3088 altari
804 3031 911 3089 victum
925 3030 1063 3091 derivent.
1096 3029 1182 3098 Quod
1197 3049 1268 3090 vero
1284 3048 1352 3109 pau·

162 3127 276 3205 peribus
291 3126 392 3184 deesse
406 3127 493 3185 videri
509 3138 616 3204 posset,
632 3145 669 3185 ex
684 3127 817 3186 thesauro
838 3128 989 3196 Ecclesia,
1007 3129 1092 3205 juxta
1105 3127 1201 3187 divina
1223 3128 1353 3199 cunulis,

161 3223 366 3300 suppeditatur,
381 3242 471 3297 quurn
495 3243 546 3300 pro
568 3225 701 3283 omnibus
725 3224 855 3284 fidelihus
877 3225 1017 3284 defunctis
1043 3243 1143 3303 preces
1158 3237 1187 3285 et
1207 3226 1352 3285 sacrificis

160 3320 352 3380 indesinenter
363 3319 525 3380 offerantur.
545 3321 657 3379 Diuites
672 3322 756 3398 igitur
769 3322 888 3398 potioris
900 3322 1072 3382 conditionis
1085 3323 1133 3381 vix
1145 3321 1202 3381 dici
1217 3336 1352 3401 possunt,

162 3437 251 3490 quum
264 3437 351 3476 onera
369 3437 467 3478 secum
487 3418 577 3498 ferant
589 3417 705 3487 divitiae,
721 3431 749 3478 et
771 3420 976 3480 sacrificiorum
998 3419 1153 3498 applicatio
1174 3421 1225 3479 fiat
1248 3440 1352 3483 arcam

164 3513 221 3574 Dei
235 3516 364 3575 consilio.

196 3691 233 3753 (l)
252 3689 405 3740 Oxonienses
421 3691 457 3740 sic
468 3706 494 3741 se
505 3691 638 3742 defendunt
649 3700 733 3741 cenna
743 3691 866 3756 quendam
877 3707 926 3743 sue
944 3698 1015 3742 secte
1025 3705 1175 3757 preconem:
1202 3691 1290 3742 “And
1301 3706 1364 3747 now

162 3775 266 3828 Iwould
276 3782 376 3826 venture
387 3783 413 3826 to
424 3777 468 3825 ask
476 3791 524 3840 any
536 3775 692 3841 Olergymun,
704 3775 717 3824 1
729 3777 809 3828 would
822 3793 883 3827 even
895 3777 979 3843 eppeel
991 3784 1016 3827 to
1033 3776 1147 3842 'yourselli
1158 3777 1181 3828 it
1193 3791 1210 3825 e
1227 3776 1368 3829 Perochiel

162 3862 283 3920 Minister,
293 3859 408 3921 whether,
420 3861 493 3912 when
504 3877 555 3925 you
573 3861 636 3912 have
652 3862 726 3912 heard
743 3861 772 3912 οἰ
784 3862 825 3912 the
838 3861 912 3913 death
927 3863 956 3912 ol
967 3879 1014 3913 one
1025 3863 1054 3912 of
1065 3878 1129 3927 your
1145 3863 1219 3922 flock,
1230 3864 1259 3913 os
1271 3864 1368 3916 whom

160 3967 211 4016 yon
222 3947 303 4014 hoped
313 3947 381 4019 well,
385 3963 448 4012 your
459 3947 511 3999 first
520 3949 625 4015 impulse
633 3949 680 4000 hes
696 3960 740 4000 not
757 3951 818 3999 been
828 3957 854 4000 ιο
871 3966 931 4016 pray
942 3960 968 4000 to
980 3950 1036 4000 God
1047 3956 1072 4000 to
1083 3951 1154 4000 make
1171 3965 1207 4015 up
1219 3957 1245 4000 ιο
1256 3951 1302 4003 the
1317 3953 1368 4004 de-

161 4037 244 4104 parted
255 4036 377 4086 whatever
386 4034 434 4084 hed
445 4035 507 4086 been
517 4035 630 4087 deficient
640 4037 666 4087 in
676 4024 935 4101 yourministretionsl
955 4037 1064 4088 whether
1078 4038 1117 4102 (es
1128 4034 1225 4087 Luther
1235 4037 1293 4105 did)
1306 4054 1368 4105 you

162 4124 225 4175 heve
236 4132 280 4174 not
289 4122 380 4187 prayed
388 4122 425 4171 lor
434 4121 476 4172 the
486 4123 618 4186 perlecting
628 4123 677 4173 aud
687 4123 811 4174 inomased
823 4125 976 4175 blessedness
987 4124 1016 4174 ol
1028 4139 1044 4174 e
1054 4122 1169 4189 deperted
1185 4123 1267 4175 friend
1280 4140 1310 4176 or
1320 4142 1368 4178 rs-

162 4212 246 4272 letion,
254 4227 316 4261 even
325 4208 419 4272 though
429 4224 480 4273 you
491 4208 553 4258 heve
564 4211 736 4275 subsequently
749 4210 855 4261 cheched
864 4210 990 4275 yourselll
1005 4209 1114 4261 whether
1129 4224 1181 4273 you
1192 4210 1235 4262 did
1246 4220 1294 4264 not
1304 4207 1368 4264 aad

161 4313 177 4348 e
187 4298 288 4348 comfort
297 4298 358 4346 from
370 4297 423 4347 that
432 4296 534 4362 prayerl
553 4296 602 4345 end
612 4295 720 4346 whether
730 4296 779 4346 this
789 4297 878 4347 dictate
888 4297 917 4347 ol
929 4297 1023 4348 human
1033 4302 1129 4355 nature,
1141 4299 1281 4349 werrented
1298 4315 1327 4350 es
1337 4299 1368 4351 i]

160 4381 182 4431 is
193 4383 225 4445 hy
237 4382 278 4432 the
289 4383 354 4446 eerly
365 4381 466 4440 church,
477 4397 533 4444 may
545 4388 597 4443 not,
606 4381 713 4441 alterall,
724 4379 896 4447 beimplanted
906 4383 939 4446 by
951 4383 993 4432 the
1003 4380 1100 4432 Gades
1112 4387 1296 4450 nature-may
1312 4399 1368 4436 nt·

163 4468 193 4517 be
204 4467 246 4517 the
257 4466 325 4518 voice
336 4469 364 4518 oi
377 4468 432 4518 God
443 4467 585 4518 within'
541 4484 578 4518 us.
587 4466 702 4517 ’Trect
714 4471 753 4517 tt
