2812 5092
521 340 576 404 nn
599 332 902 406 srcnhuuurm
1253 349 1310 408 ros

153 499 241 580 Resp.
258 501 367 561 Mirum
378 520 436 561 non
450 511 495 561 est
510 503 601 560 varias
617 503 662 561 his
676 502 712 562 de
726 505 811 563 rebus
823 514 899 564 ortas
910 522 975 563 esse
989 507 1205 573 controuersias,
1216 525 1306 586 quarm

113 599 256 658 tumendo
271 601 468 658 sacramentali
481 600 616 678 dignitate
634 602 805 660 matrimonii
818 604 963 661 unanimis
986 605 1023 662 sit
1035 604 1231 682 theologorum
1247 624 1307 664 om-

112 696 193 755 nium
208 707 266 756 tum
282 709 409 756 veterum
433 707 494 757 tum
520 695 709 758 recentiorum
734 683 898 760 consensio.
939 701 987 759 Ob
1008 703 1078 759 ritus
1099 703 1149 776 qui
1172 704 1200 760 in
1217 709 1307 761 sacra·

113 788 219 854 mentis
240 796 469 857 administrandis
495 814 611 881 semper
630 798 844 866 adhibebantur,
866 798 1047 858 difficultates
1069 801 1215 858 nonnullae
1239 814 1306 859 oruc

114 903 192 963 sunt,
207 913 294 968 qurum
309 895 425 968 qnidam
439 896 510 954 ritus
519 882 669 954 'nonnullis'
683 897 846 956 riderentur
859 897 894 956 ad
909 899 1062 957 essentiam
1078 900 1229 976 pertinere,
1243 900 1313 959 aliis*

112 992 147 1050 ad
161 993 381 1052 solemnitatem.
423 994 473 1051 Sic
487 1012 603 1072 semper
616 995 795 1072 exploratum
822 1005 866 1054 est
886 997 916 1054 in
939 996 1073 1058 Ecclesia
1093 999 1305 1058 matrimonium

112 1100 408 1159 essesaoramentum,
423 1103 451 1151 et
476 1094 639 1151 necessario
662 1092 777 1170 exigere
799 1092 918 1152 liberum
939 1096 1164 1154 contrahentium
1187 1116 1305 1155 consen·

113 1206 179 1246 sum
193 1208 200 1246 ε
222 1199 315 1246 utrum
328 1200 420 1247 autem
434 1207 593 1248 consensus
608 1190 656 1248 ille
671 1208 707 1248 ee
719 1190 891 1249 necessitate
904 1189 1083 1251 sacramenti
1096 1192 1197 1251 debeat
1210 1213 1304 1252 coram

111 1284 256 1344 sacerdote
281 1286 406 1363 praestari
429 1285 598 1363 disputatur,
624 1288 756 1346 omnibus
785 1288 937 1347 latentibus
970 1289 1062 1348 valere
1096 1289 1303 1349 matrimoniale

110 1381 204 1441 loedus
217 1401 253 1440 eo
266 1384 382 1440 absente
397 1384 509 1442 initum.
551 1384 595 1442 Ab
616 1384 697 1443 initio
717 1384 858 1443 Ecclesia
873 1386 1047 1444 matrimonii
1061 1388 1194 1445 sanctitas
1210 1387 1304 1446 effecit

109 1492 141 1538 ut
154 1498 249 1540 coram
263 1480 409 1540 sacerdote
423 1480 630 1541 celebraretur:
655 1501 721 1556 quae
743 1482 920 1542 cousuetudo
939 1484 998 1543 vim
1019 1485 1092 1562 legis
1108 1485 1226 1553 habuit;
1253 1485 1304 1544 sed

108 1596 199 1652 quum
215 1578 392 1637 ethnicorum
407 1579 514 1638 soedera
527 1580 744 1639 matrimonialia
760 1583 816 1640 uim
833 1582 966 1640 naturalis
982 1594 1141 1641 contractus
1157 1585 1260 1642 habere
1274 1585 1304 1643 in

106 1684 254 1752 comperto
268 1686 354 1743 esset,
366 1695 400 1734 ea
414 1677 514 1735 saltem
537 1677 580 1735 vis
596 1679 691 1747 inesse
703 1681 918 1759 agnoscebatur
943 1680 973 1737 in
996 1679 1124 1739 fidelium
1147 1683 1301 1758 conjugiis,

108 1774 226 1832 absente
240 1774 396 1842 sacerdote,
408 1775 559 1832 contractis
575 1794 582 1832 t
599 1786 692 1834 utrum
702 1788 797 1835 antem
809 1777 1021 1835 sacramentalis
1036 1777 1158 1854 dignitas
1169 1779 1205 1836 iis
1218 1780 1303 1838 etiam

107 1871 227 1938 inesset,
242 1869 378 1928 dubitatio
393 1870 504 1943 aliquos
519 1871 647 1929 incessit.

148 1968 197 2023 24.
224 1963 291 2044 Obj.
307 1971 334 2024 b.
358 1966 390 2024 Si
411 1966 624 2038 matrimonium
647 1966 773 2042 agnitum
795 1967 895 2024 luisset
916 1978 1058 2040 tamquam
1080 1983 1301 2038 sacramentum,

107 2064 188 2124 nefas
203 2064 302 2123 suisset
316 2063 385 2122 illud
398 2065 471 2123 clam
486 2047 663 2131 contraherfi,
675 2066 744 2123 solis
760 2065 887 2142 partibus
903 2067 1109 2141 presentibus3
1131 2086 1195 2140 quae
1208 2080 1303 2126 tamen

105 2162 258 2240 disciplina
284 2172 348 2220 aute
370 2161 532 2220 Concilium
562 2162 763 2221 Tridentinum
785 2162 856 2220 adeo
883 2163 983 2239 viguit,
1005 2173 1036 2220 ut
1056 2154 1122 2240 jure
1149 2163 1300 2223 (laconico

105 2261 210 2339 copula
224 2271 289 2336 post
312 2257 470 2338 sponsalia
494 2259 528 2318 de
542 2259 654 2340 futuro
677 2261 848 2319 matrimonii
870 2262 927 2319 vim
949 2261 1112 2320 obtinuerit.
1156 2263 1301 2322 Praeterea

104 2377 196 2436 penes
209 2357 371 2427 Ecclesiam
386 2377 443 2416 non
458 2369 501 2416 est
515 2357 762 2416 Sacramentorum
778 2357 963 2416 substantiam
976 2371 1105 2416 mutare:
1129 2359 1191 2437 ipsa
1206 2372 1301 2420 tamen

105 2459 136 2517 in
151 2456 283 2516 Concilio
299 2456 468 2515 Tridentino
493 2458 602 2516 irritum
628 2456 781 2515 declaravit
804 2456 1040 2519 matrimonialem
1063 2476 1236 2517 consensum
1253 2460 1300 2518 ab·

104 2569 186 2616 sente
200 2556 325 2633 parocho
340 2557 507 2634 prestitum,
524 2556 655 2631 quamvis
671 2569 752 2614 antea
767 2555 881 2612 valeret.

144 2654 234 2732 Resp.
257 2653 418 2735 “Tametsi
439 2651 623 2711 dubitandum
645 2671 701 2710 non
719 2662 772 2720 est,
795 2650 972 2710 clandestina
993 2653 1184 2721 matrimonia,
1210 2654 1301 2714 libero

103 2753 332 2814 contrahentium
367 2769 509 2809 consensu
536 2750 618 2818 lacta,
649 2762 706 2808 rata
733 2760 761 2807 et
794 2768 860 2806 vera
887 2768 951 2807 esse
979 2751 1169 2818 matrimonia,
1199 2772 1298 2825 quam·

103 2852 151 2912 diu
181 2851 314 2911 Ecclesia
340 2868 373 2908 ea
398 2850 475 2907 irrita
500 2868 559 2907 non
588 2847 654 2906 lecit
688 2890 696 2906 .
737 2890 745 2906 .
782 2889 789 2904 .
827 2889 835 2905 .
871 2847 1058 2906 nihilominus
1088 2850 1119 2907 S.
1151 2851 1207 2909 Dei
1241 2853 1299 2911 Ec·

102 2951 190 3010 clesia
213 2961 250 3008 ex
269 2948 442 3027 justissimis·
464 2951 558 3005 causis
574 2946 621 3003 illa
634 2965 748 3021 semper
772 2945 908 3002 detestata
922 2954 966 3001 est
981 2953 1010 3001 et
1031 2946 1211 3021 prohibuit.”
1253 2948 1296 3007 lta

103 3048 266 3108 Tridentini
293 3050 411 3125 patres.¹
460 3045 514 3103 Jus
539 3044 624 3121 igitur
652 3042 832 3100 canonicum
852 3040 984 3117 copulam
1012 3041 1101 3099 instar
1122 3046 1297 3104 matrimonii

103 3146 212 3211 habuit,
236 3144 348 3218 quando
377 3153 561 3218 praecesserat
580 3139 717 3196 solemnis
745 3137 917 3195 matrimonii
946 3138 1112 3214 promissio,
1136 3140 1202 3211 quia
1233 3161 1300 3200 eon·

102 3261 204 3306 sensus
232 3243 353 3321 partium
375 3242 404 3298 in
433 3237 642 3298 matrimonium
669 3236 901 3312 presumebatur.
944 3234 1023 3293 Mala
1050 3245 1144 3294 tamen
1171 3255 1234 3309 quae
1260 3257 1298 3296 ex

102 3341 222 3403 occultis
260 3337 401 3416 conjugiis
430 3354 557 3415 persaepe
585 3333 747 3392 oriebantur
774 3318 906 3390 Patribus
934 3331 1112 3391 Tridentinis
1142 3333 1297 3392 extiterunt

101 3441 218 3501 occasio
246 3436 387 3495 statuendi
416 3434 513 3492 nullos
534 3433 563 3491 in
585 3443 728 3508 posterum
755 3426 901 3487 habendos
918 3447 983 3486 esse
1012 3439 1172 3489 contractus
1202 3433 1297 3491 matri-

102 3537 252 3604 moniales,
275 3534 378 3608 quibus
405 3530 555 3608 parochus,
580 3527 623 3584 vel
649 3526 720 3584 alius
749 3524 882 3583 sacerdos
908 3523 943 3582 de
967 3525 1041 3602 ejus,
1070 3545 1121 3584 seu
1150 3525 1296 3596 ordinarii,

99 3635 217 3696 lieentia
238 3650 303 3691 cum
326 3629 436 3688 duobus
457 3626 503 3685 vel
524 3625 613 3684 tribus
633 3624 752 3681 testibus
774 3642 831 3681 non
853 3620 977 3692 adesset,
991 3623 1164 3697 ubicumque
1187 3626 1299 3684 seilicet

99 3735 247 3794 decretum
263 3730 317 3788 hoc
331 3725 541 3806 promulgatum
555 3723 665 3780 suisset.
708 3721 808 3779 Manet
822 3719 971 3778 immutata
991 3722 1162 3780 sacramenti
1187 3735 1296 3791 natura,

96 3845 262 3893 contractus
284 3829 394 3888 scilicet
415 3825 578 3902 legitimus:
601 3821 652 3879 sed
676 3819 846 3878 'l'ridentina
867 3819 1013 3878 sanctione
1038 3821 1070 3878 fit
1084 3832 1115 3879 ut
1135 3836 1296 3880 contractus

96 3931 148 3990 ille
162 3947 221 3988 non
236 3927 340 3986 existat
353 3924 389 3983 ob
403 3923 496 4000 legem
512 3938 576 3978 eum
592 3917 757 3984 irritantem,
768 3914 882 3989 quando
896 3914 1075 3976 conditiones
1092 3917 1224 3978 indicatae
1239 3937 1297 3977 ser·

191 4046 246 4087 non
262 4032 338 4082 sunt.

96 4041 189 4186 mgb.
215 4123 282 4202 ooj.
304 4126 332 4180 6.
355 4113 737 4192 Matrimoniumrirginitati
759 4120 903 4190 prestaret
924 4111 950 4172 si
969 4125 1176 4178 sacramentum
1201 4115 1290 4175 soret:

96 4240 129 4288 et
143 4224 246 4286 Ordini
260 4223 346 4281 etiarn
361 4219 486 4278 maxime
501 4215 675 4275 conveniret.

500 4512 537 4576 (l)
555 4510 619 4558 Soss.
633 4507 698 4557 xxiv.
711 4522 763 4572 cup.
778 4510 799 4558 1.
810 4505 840 4556 de
853 4505 906 4555 Raf.
