2798 5092
463 367 520 427 DE
540 368 686 428 CULTU
708 367 938 429 IMAGINUM.
1243 376 1302 433 233

145 526 213 583 143.
244 523 312 604 obj.
328 530 358 583 2.
381 525 414 584 In
430 526 494 585 Deo
508 526 629 585 colendo
644 528 784 605 imagines
799 527 933 586 adhibere
954 529 1071 587 vetitum
1095 539 1148 598 est,
1164 531 1203 589 uti
1226 544 1303 609 patet

99 637 137 679 ex
153 623 295 680 constanti
310 641 364 681 usu
379 622 557 690 ludaeorum,
573 626 623 697 qui
637 625 763 701 optimus
778 634 823 682 cst
838 625 910 702 legis
925 626 1075 703 interpres.

139 714 228 797 Reap.
252 719 317 779 Deo
332 721 397 798 ipso
406 722 526 798 jubente
543 721 700 781 Cherubim
716 722 787 780 iacta
802 733 878 791 sunt,
894 742 957 796 quae
972 743 1065 783 arcam
1080 726 1141 782 auis
1156 727 1208 784 alia
1223 728 1299 786 obte-

98 817 237 893 gebant;¹
258 828 286 874 et
300 836 419 895 serpena
433 837 529 877 aeneus
541 820 570 878 in
586 819 698 877 deserto
713 834 824 879 erectus
838 830 891 888 est,
907 830 938 879 ut
954 838 1027 894 quos
1041 839 1160 898 serpens
1176 842 1298 883 momor-

98 914 224 975 doratio
250 935 317 975 eum
339 917 521 993 aspicientes,
536 916 640 976 fiducia
660 920 758 992 utique
780 919 811 976 in
824 918 920 977 Deum
936 937 970 977 ea
983 919 1134 979 occasione
1148 935 1296 999 concepta,

97 1015 292 1072 sanarentur.n
332 1014 470 1074 Salomon
499 1034 614 1088 quoque
641 1025 773 1074 “omnes
798 1017 920 1094 parietes
946 1017 1046 1093 templi
1070 1036 1121 1094 por
1148 1018 1297 1079 circuitum

98 1107 221 1186 sculpsit
235 1111 322 1168 variis
337 1111 488 1180 caelaturis,
503 1123 531 1170 et
545 1123 644 1170 torno:
667 1123 696 1171 et
720 1113 788 1171 fecit
807 1114 838 1171 in
852 1115 894 1171 eis
909 1111 1078 1182 Cherubim,
1092 1123 1121 1173 et
1134 1115 1254 1192 palmas,
1269 1131 1298 1176 et

98 1207 225 1285 picturas
240 1208 379 1266 varias.”⁸
418 1210 553 1268 Fatemur
573 1211 679 1269 cultum
701 1212 811 1270 nullum
833 1211 1004 1289 imaginibus
1018 1230 1054 1270 co
1067 1221 1206 1291 ¹tempore
1226 1233 1296 1291 proe·

96 1306 207 1375 stitum,
217 1305 269 1367 aed
284 1325 381 1365 earum
396 1308 522 1365 usumin
537 1306 601 1366 Deo
611 1307 733 1366 colendo
747 1310 866 1367 vetitum
880 1327 938 1367 non
954 1327 1018 1367 csse
1033 1308 1132 1382 liquet.
1155 1311 1296 1369 Praeterea

99 1422 166 1462 arca
185 1403 400 1478 quodammodo
422 1404 575 1472 colebatur,
602 1422 668 1462 nam
694 1406 910 1481 prosternebant
929 1423 960 1461 se
982 1403 1114 1463 homines
1135 1424 1229 1464 coram
1251 1425 1294 1474 ea,

97 1499 195 1559 Deum
210 1501 319 1575 utique,
333 1502 414 1578 cujus
430 1499 513 1559 sedes
531 1501 620 1559 veluti
635 1501 800 1570 habebatur,
815 1501 974 1570 adorantes,
988 1519 1109 1574 eamque
1135 1510 1154 1540 “
1164 1502 1194 1560 in
1204 1503 1297 1580 jubilo

96 1610 126 1657 et
138 1600 170 1658 in
183 1599 310 1658 clamore
335 1598 499 1658 buccinae”⁴
520 1599 694 1666 deserebant,
716 1606 784 1673 ‘quae
805 1599 911 1659 laetitiae
934 1608 964 1657 et
984 1601 1174 1659 venerationis
1189 1600 1295 1659 iudicia

97 1697 237 1757 dabantur
249 1700 286 1757 ob
301 1699 466 1758 relationem
491 1700 554 1776 ejus
577 1697 612 1756 ad
635 1696 740 1756 Deum.
783 1698 849 1755 Pari
867 1698 975 1756 ratione
996 1697 1063 1756 licet
1083 1699 1212 1758 venerari
1226 1700 1295 1758 ima·

94 1797 179 1874 ginea
193 1814 258 1870 quae
273 1795 367 1855 Deum
382 1807 411 1854 et
421 1797 520 1855 salutis
537 1796 672 1872 mysteria
686 1796 768 1854 nobis
784 1796 813 1854 in
828 1795 995 1854 memoriam
1011 1808 1154 1855 revocant.

139 1896 208 1953 144.
233 1892 302 1973 obj.
317 1899 345 1953 3.
369 1894 534 1953 Concilium
550 1894 757 1952 Eliberitanum
771 1892 917 1951 decrevit:
940 1903 959 1929 “
970 1893 1082 1951 Placuit
1096 1895 1220 1970 picturas
1230 1915 1294 1954 esse

96 1993 128 2052 in
143 1990 278 2051 Ecclesia
297 2012 355 2052 non
370 1991 484 2060 debere,
498 2011 535 2051 ne
550 1990 628 2065 quod
650 1991 752 2048 colitur
765 2000 794 2048 et
816 1989 948 2049 adoratur
969 1989 999 2047 in
1022 1990 1177 2066 parietibus
1195 1991 1294 2069 depin-

98 2091 228 2170 cambia

138 2186 229 2268 Resp.
251 2189 300 2248 Ex
314 2207 455 2248 canonum
473 2187 548 2246 illius
562 2185 678 2245 concilii
692 2186 767 2243 serie
780 2185 871 2258 liquet
884 2183 1049 2243 idolotatria
1068 2185 1226 2261 periculum
1245 2187 1293 2246 ad·

96 2287 199 2355 foisse,
214 2285 292 2362 quod
318 2287 347 2345 in
368 2288 485 2344 numine
508 2283 689 2362 depingendo
712 2300 811 2341 recens
830 2282 977 2340 conversis
1002 2281 1038 2340 ab
1058 2281 1199 2342 idolorum
1219 2286 1296 2343 cultu

95 2383 181 2443 facile
195 2384 361 2462 contingere
376 2392 494 2460 poterat.
535 2383 601 2442 lam
617 2381 814 2440 adnotavimus
829 2380 1002 2457 picturarum
1019 2398 1104 2459 usum
1118 2380 1153 2439 ad
1168 2381 1295 2459 discipli·

96 2500 165 2541 nam
178 2491 319 2560 spectare,
335 2481 385 2556 qui
400 2479 520 2559 proinde
535 2491 633 2557 posset
647 2480 681 2538 ab
697 2478 832 2538 Ecclesia
845 2477 1002 2555 prohiberi,
1017 2477 1042 2535 si
1057 2479 1215 2555 periculum
1228 2480 1294 2539 inrle

99 2579 276 2639 immineret.
654 2632 656 2636 a

141 2680 208 2734 145.
234 2673 302 2749 otj.
315 2680 346 2733 4.
368 2675 400 2733 S.
415 2674 541 2733 Irenoeus
556 2672 739 2751 carpocratis
754 2673 879 2731 hereses
894 2690 1047 2732 recensens
1061 2691 1128 2731 eum
1142 2672 1178 2731 de
1194 2676 1293 2752 imagi

99 2774 147 2833 nis
162 2772 274 2833 Christi
289 2773 366 2831 cultu
381 2772 509 2831 damnat.

138 2869 231 2949 Reap.
257 2870 303 2929 De
324 2889 358 2929 co
381 2871 507 2945 queritur
527 2867 605 2927 cultu
626 2886 684 2941 quo
707 2865 816 2924 Christi
842 2866 938 2942 imago
963 2884 1028 2924 cum
1054 2866 1292 2947 philosophorum

101 2969 282 3028 ethnicorum
308 2969 480 3047 imaginibus
504 2967 607 3043 pariter
627 2964 811 3022 afficiebatur.
854 2962 981 3021 “Etiam
1003 2963 1143 3039 imagines
1160 2969 1296 3040 quasdam

100 3065 217 3139 quidem
233 3065 374 3143 depictas,
389 3064 526 3140 quasdam
547 3073 640 3121 autem
656 3073 685 3120 et
698 3060 733 3118 de
748 3060 858 3132 reliqua
878 3059 994 3116 materia
1014 3057 1162 3118 fabricatas
1183 3065 1296 3134 habent,

103 3162 232 3223 dicentes
253 3165 374 3224 sormam
399 3163 507 3222 Christi
527 3161 628 3220 iactam
648 3180 665 3217 a
685 3159 777 3217 Pilato
800 3157 850 3215 illo
864 3157 894 3214 in
914 3167 1042 3233 ternpore
1063 3175 1121 3230 quo
1143 3159 1296 3222 fuitJesus

101 3279 167 3320 cum
182 3261 359 3329 hominibus,
375 3271 403 3318 et
418 3261 468 3319 has
483 3267 619 3318 coronant
632 3267 661 3315 et
675 3262 838 3332 proponunt
851 3272 900 3312 eas
921 3271 988 3311 cum
1002 3253 1177 3331 imaginibus
1193 3261 1291 3318 mundi

58 3426 62 3431 ,
100 3358 352 3436 philosophorum,
370 3357 501 3416 videlicet
514 3374 579 3414 cum
602 3353 725 3430 imagine
747 3351 930 3429 Pythagora,
945 3361 974 3409 et
988 3350 1128 3420 Platonis,
1147 3367 1175 3412 et
1188 3357 1297 3417 Aristo·

104 3455 182 3525 telis,
197 3469 226 3516 et
238 3457 426 3531 reliquorum,
438 3464 467 3513 et
478 3454 614 3528 reliquam
627 3451 853 3510 observationem
867 3450 942 3508 circa
953 3467 1003 3507 eas
1015 3451 1146 3509 similiter
1156 3463 1187 3511 ut
1199 3469 1299 3530 gentes

103 3554 259 3615 iaciunt.'’⁶

135 3655 217 3731 ι146.
243 3651 312 3732 obj.
329 3656 357 3710 5.
380 3649 575 3709 Tertullianus
595 3641 750 3706 statuarum
776 3654 805 3703 et
828 3645 985 3722 imaginum
1008 3647 1128 3706 artifices
1150 3649 1298 3710 adiabclo

103 3748 229 3809 secutos
239 3749 333 3808 illatos
345 3747 423 3815 dicit,
435 3745 559 3804 addens:
577 3752 597 3780 ‘⁶
610 3743 719 3802 idolum
730 3753 788 3801 tam
799 3741 860 3799 fieri
870 3760 954 3815 quarn
966 3742 1021 3801 coli
1031 3743 1163 3819 prohibet
1173 3746 1302 3805 Deus.’'-⁷

103 3848 161 3908 Dei
178 3847 264 3907 venia
278 3857 307 3906 et
321 3847 483 3905 auctoritate
495 3861 569 3919 opus
581 3861 646 3900 esse
661 3842 753 3910 docet,
768 3850 800 3899 ut
811 3841 875 3914 quis
890 3842 1041 3900 simulacra
1053 3843 1155 3903 faciat:
1187 3857 1206 3883 “
1220 3847 1299 3905 Bene

102 3945 183 4023 quod
197 3945 276 4006 idem
291 3945 373 4005 Deus
388 3943 436 4018 qui
446 3942 509 4018 lege
524 3941 615 3999 vetuit
628 3938 845 3999 similitudinem
859 3937 931 4013 fieri,
940 3941 1164 4002 extraordinario
1176 3962 1301 4022 precep-

574 4117 613 4182 (1)
631 4115 714 4167 Exod-
728 4130 786 4164 xxv.
800 4118 839 4165 to.

573 4203 615 4270 (2)
635 4201 713 4251 Num.
725 4199 778 4250 xxi.
789 4204 814 4250 8.

573 4290 615 4355 (3)
636 4286 681 4337 lll.
693 4287 754 4349 Reg.
769 4287 801 4336 ri.
814 4287 855 4336 29.

576 4377 616 4442 (4)
636 4373 786 4436 11.1teg.vi.
799 4377 838 4423 15.

575 4461 618 4528 (⁵)
636 4459 698 4510 Cara
709 4460 795 4510 xxxvi.

575 4548 618 4614 (6)
639 4544 669 4595 L.
680 4545 697 4595 i.
708 4545 763 4595 adv.
773 4546 830 4596 bar.
840 4562 861 4597 o
872 4544 939 4595 xxiv.

574 4633 619 4701 (r)
641 4631 859 4684 aurunco.

687 4705 744 4760 eo*
