<?xml version="1.0" encoding="UTF-8"?>
<!DOCTYPE html PUBLIC "-//W3C//DTD XHTML 1.0 Transitional//EN"
    "http://www.w3.org/TR/xhtml1/DTD/xhtml1-transitional.dtd">
<html xmlns="http://www.w3.org/1999/xhtml" xml:lang="en" lang="en">
 <head>
  <title>
</title>
<meta http-equiv="Content-Type" content="text/html;charset=utf-8" />
  <meta name='ocr-system' content='tesseract 3.04.00' />
  <meta name='ocr-capabilities' content='ocr_page ocr_carea ocr_par ocr_line ocrx_word'/>
</head>
<body>
  <div class='ocr_page' id='page_1' title='image "./theologidogmati02kenrgoog_0169.png"; bbox 0 0 2798 5092; ppageno 0'>
   <div class='ocr_carea' id='block_1_1' title="bbox 104 312 1046 427">
    <p class='ocr_par' dir='ltr' id='par_1_1' title="bbox 104 312 1046 427">
     <span class='ocr_line' id='line_1_1' title="bbox 104 312 1046 427; baseline -0.006 -24"><span class='ocrx_word' id='word_1_1' title='bbox 104 344 160 403; x_wconf 82' lang='lat' dir='ltr'>tae</span> <span class='ocrx_word' id='word_1_2' title='bbox 344 312 630 427; x_wconf 48' lang='lat' dir='ltr'>oslulnrsrno</span> <span class='ocrx_word' id='word_1_3' title='bbox 651 337 1046 423; x_wconf 72' lang='lat' dir='ltr'>suuntuuuronun.</span> 
     </span>
    </p>
   </div>
   <div class='ocr_carea' id='block_1_2' title="bbox 90 496 1335 2596">
    <p class='ocr_par' dir='ltr' id='par_1_2' title="bbox 99 496 1297 768">
     <span class='ocr_line' id='line_1_2' title="bbox 99 496 1292 574; baseline -0.004 -15"><span class='ocrx_word' id='word_1_4' title='bbox 99 510 172 559; x_wconf 87' lang='lat' dir='ltr'>trum</span> <span class='ocrx_word' id='word_1_5' title='bbox 187 499 347 567; x_wconf 76' lang='lat' dir='ltr'>estimare3</span> <span class='ocrx_word' id='word_1_6' title='bbox 368 510 396 557; x_wconf 87' lang='lat' dir='ltr'>et</span> <span class='ocrx_word' id='word_1_7' title='bbox 410 508 507 558; x_wconf 86' lang='lat' dir='ltr'>sancta</span> <span class='ocrx_word' id='word_1_8' title='bbox 521 517 637 558; x_wconf 88' lang='lat' dir='ltr'>munera</span> <span class='ocrx_word' id='word_1_9' title='bbox 650 497 770 574; x_wconf 85' lang='lat' dir='ltr'>impuris</span> <span class='ocrx_word' id='word_1_10' title='bbox 786 498 916 555; x_wconf 87' lang='lat' dir='ltr'>manibus</span> <span class='ocrx_word' id='word_1_11' title='bbox 929 496 989 555; x_wconf 83' lang='lat' dir='ltr'>dari</span> <span class='ocrx_word' id='word_1_12' title='bbox 1001 497 1154 555; x_wconf 86' lang='lat' dir='ltr'>affirmare.</span> <span class='ocrx_word' id='word_1_13' title='bbox 1183 496 1292 574; x_wconf 81' lang='lat' dir='ltr'>Super·</span> 
     </span>
     <span class='ocr_line' id='line_1_3' title="bbox 103 593 1297 670; baseline -0.001 -17"><span class='ocrx_word' id='word_1_14' title='bbox 103 596 248 653; x_wconf 90' lang='lat' dir='ltr'>stitionem</span> <span class='ocrx_word' id='word_1_15' title='bbox 262 613 376 670; x_wconf 85' lang='lat' dir='ltr'>prorsus</span> <span class='ocrx_word' id='word_1_16' title='bbox 390 594 506 662; x_wconf 84' lang='lat' dir='ltr'>redolet,</span> <span class='ocrx_word' id='word_1_17' title='bbox 520 603 613 653; x_wconf 88' lang='lat' dir='ltr'>actum</span> <span class='ocrx_word' id='word_1_18' title='bbox 626 613 643 651; x_wconf 85' lang='lat' dir='ltr'><strong>a</strong></span> <span class='ocrx_word' id='word_1_19' title='bbox 657 611 836 666; x_wconf 87' lang='lat' dir='ltr'>quocumque</span> <span class='ocrx_word' id='word_1_20' title='bbox 858 594 906 651; x_wconf 88' lang='lat' dir='ltr'>fiat</span> <span class='ocrx_word' id='word_1_21' title='bbox 919 593 1073 670; x_wconf 72' lang='lat' dir='ltr'>predicare</span> <span class='ocrx_word' id='word_1_22' title='bbox 1082 593 1180 670; x_wconf 69' lang='lat' dir='ltr'>gratie</span> <span class='ocrx_word' id='word_1_23' title='bbox 1193 593 1297 652; x_wconf 87' lang='lat' dir='ltr'>instru-</span> 
     </span>
     <span class='ocr_line' id='line_1_4' title="bbox 101 691 540 768; baseline -0.007 -17"><span class='ocrx_word' id='word_1_24' title='bbox 101 703 238 760; x_wconf 87' lang='lat' dir='ltr'>mentum,</span> <span class='ocrx_word' id='word_1_25' title='bbox 251 691 318 749; x_wconf 91' lang='lat' dir='ltr'>licet</span> <span class='ocrx_word' id='word_1_26' title='bbox 330 691 368 749; x_wconf 87' lang='lat' dir='ltr'>sit</span> <span class='ocrx_word' id='word_1_27' title='bbox 381 705 540 768; x_wconf 86' lang='lat' dir='ltr'>peccatum.</span> 
     </span>
    </p>

    <p class='ocr_par' dir='ltr' id='par_1_3' title="bbox 93 785 1297 2031">
     <span class='ocr_line' id='line_1_5' title="bbox 136 785 1296 866; baseline 0 -20"><span class='ocrx_word' id='word_1_28' title='bbox 136 787 225 866; x_wconf 84' lang='lat' dir='ltr'>Rcap.</span> <span class='ocrx_word' id='word_1_29' title='bbox 247 788 364 846; x_wconf 82' lang='lat' dir='ltr'>Christo</span> <span class='ocrx_word' id='word_1_30' title='bbox 390 807 408 847; x_wconf 88' lang='lat' dir='ltr'>e</span> <span class='ocrx_word' id='word_1_31' title='bbox 432 799 530 847; x_wconf 88' lang='lat' dir='ltr'>contra</span> <span class='ocrx_word' id='word_1_32' title='bbox 560 804 705 845; x_wconf 83' lang='lat' dir='ltr'>servamus</span> <span class='ocrx_word' id='word_1_33' title='bbox 739 785 888 852; x_wconf 83' lang='lat' dir='ltr'><strong>honorem,</strong></span> <span class='ocrx_word' id='word_1_34' title='bbox 910 804 975 844; x_wconf 89' lang='lat' dir='ltr'>eum</span> <span class='ocrx_word' id='word_1_35' title='bbox 1008 785 1107 843; x_wconf 89' lang='lat' dir='ltr'>salutis</span> <span class='ocrx_word' id='word_1_36' title='bbox 1140 795 1170 846; x_wconf 90' lang='lat' dir='ltr'>et</span> <span class='ocrx_word' id='word_1_37' title='bbox 1198 786 1296 864; x_wconf 76' lang='lat' dir='ltr'>gratie</span> 
     </span>
     <span class='ocr_line' id='line_1_6' title="bbox 97 882 1294 960; baseline -0.001 -18"><span class='ocrx_word' id='word_1_38' title='bbox 97 884 203 942; x_wconf 83' lang='lat' dir='ltr'>fontem</span> <span class='ocrx_word' id='word_1_39' title='bbox 227 882 416 960; x_wconf 84' lang='lat' dir='ltr'>agnoscendo,</span> <span class='ocrx_word' id='word_1_40' title='bbox 452 898 480 942; x_wconf 91' lang='lat' dir='ltr'>et</span> <span class='ocrx_word' id='word_1_41' title='bbox 510 884 640 940; x_wconf 83' lang='lat' dir='ltr'>uirtutem</span> <span class='ocrx_word' id='word_1_42' title='bbox 674 894 914 940; x_wconf 89' lang='lat' dir='ltr'>sacramentorum</span> <span class='ocrx_word' id='word_1_43' title='bbox 943 900 1006 955; x_wconf 80' lang='lat' dir='ltr'>quae</span> <span class='ocrx_word' id='word_1_44' title='bbox 1034 882 1158 941; x_wconf 87' lang='lat' dir='ltr'>instituit</span> <span class='ocrx_word' id='word_1_45' title='bbox 1188 882 1294 959; x_wconf 78' lang='lat' dir='ltr'>praedi·</span> 
     </span>
     <span class='ocr_line' id='line_1_7' title="bbox 98 980 1295 1058; baseline 0.001 -19"><span class='ocrx_word' id='word_1_46' title='bbox 98 981 198 1041; x_wconf 85' lang='lat' dir='ltr'>cando.</span> <span class='ocrx_word' id='word_1_47' title='bbox 240 982 418 1049; x_wconf 83' lang='lat' dir='ltr'>Peccatores,</span> <span class='ocrx_word' id='word_1_48' title='bbox 449 981 571 1058; x_wconf 88' lang='lat' dir='ltr'>peccatis</span> <span class='ocrx_word' id='word_1_49' title='bbox 601 980 710 1037; x_wconf 88' lang='lat' dir='ltr'>scilicet</span> <span class='ocrx_word' id='word_1_50' title='bbox 740 980 920 1047; x_wconf 72' lang='lat' dir='ltr'>inherentes,</span> <span class='ocrx_word' id='word_1_51' title='bbox 944 980 1142 1057; x_wconf 85' lang='lat' dir='ltr'>gravissimam</span> <span class='ocrx_word' id='word_1_52' title='bbox 1165 981 1209 1040; x_wconf 88' lang='lat' dir='ltr'>illi</span> <span class='ocrx_word' id='word_1_53' title='bbox 1225 983 1295 1040; x_wconf 83' lang='lat' dir='ltr'>irro-</span> 
     </span>
     <span class='ocr_line' id='line_1_8' title="bbox 97 1076 1297 1158; baseline 0 -20"><span class='ocrx_word' id='word_1_54' title='bbox 97 1089 163 1156; x_wconf 79' lang='lat' dir='ltr'>gant</span> <span class='ocrx_word' id='word_1_55' title='bbox 177 1080 319 1158; x_wconf 90' lang='lat' dir='ltr'>injuriam,</span> <span class='ocrx_word' id='word_1_56' title='bbox 333 1099 415 1138; x_wconf 90' lang='lat' dir='ltr'>sacro</span> <span class='ocrx_word' id='word_1_57' title='bbox 426 1079 488 1156; x_wconf 88' lang='lat' dir='ltr'>ejus</span> <span class='ocrx_word' id='word_1_58' title='bbox 504 1078 661 1136; x_wconf 86' lang='lat' dir='ltr'>ministerio</span> <span class='ocrx_word' id='word_1_59' title='bbox 673 1078 837 1154; x_wconf 85' lang='lat' dir='ltr'>fungentes:</span> <span class='ocrx_word' id='word_1_60' title='bbox 860 1076 912 1135; x_wconf 89' lang='lat' dir='ltr'>sed</span> <span class='ocrx_word' id='word_1_61' title='bbox 923 1097 986 1153; x_wconf 86' lang='lat' dir='ltr'>quae</span> <span class='ocrx_word' id='word_1_62' title='bbox 1001 1082 1063 1154; x_wconf 90' lang='lat' dir='ltr'>ipse</span> <span class='ocrx_word' id='word_1_63' title='bbox 1073 1078 1297 1151; x_wconf 44' lang='lat' dir='ltr'>,donatmunera</span> 
     </span>
     <span class='ocr_line' id='line_1_9' title="bbox 97 1176 1293 1254; baseline 0.002 -18"><span class='ocrx_word' id='word_1_64' title='bbox 97 1178 415 1251; x_wconf 84' lang='lat' dir='ltr'>nequeuntinquinare;</span> <span class='ocrx_word' id='word_1_65' title='bbox 431 1186 515 1252; x_wconf 90' lang='lat' dir='ltr'>prout</span> <span class='ocrx_word' id='word_1_66' title='bbox 529 1186 604 1233; x_wconf 88' lang='lat' dir='ltr'>recte</span> <span class='ocrx_word' id='word_1_67' title='bbox 618 1176 700 1233; x_wconf 91' lang='lat' dir='ltr'>docet</span> <span class='ocrx_word' id='word_1_68' title='bbox 714 1177 745 1233; x_wconf 82' lang='lat' dir='ltr'>S.</span> <span class='ocrx_word' id='word_1_69' title='bbox 763 1177 901 1235; x_wconf 88' lang='lat' dir='ltr'>Nicolaus</span> <span class='ocrx_word' id='word_1_70' title='bbox 914 1176 946 1235; x_wconf 91' lang='lat' dir='ltr'>l:</span> <span class='ocrx_word' id='word_1_71' title='bbox 965 1186 983 1213; x_wconf 77' lang='lat'>‘⁶</span> <span class='ocrx_word' id='word_1_72' title='bbox 995 1178 1064 1236; x_wconf 91' lang='lat' dir='ltr'>Non</span> <span class='ocrx_word' id='word_1_73' title='bbox 1079 1187 1174 1254; x_wconf 84' lang='lat' dir='ltr'>potest</span> <span class='ocrx_word' id='word_1_74' title='bbox 1185 1178 1293 1253; x_wconf 88' lang='lat' dir='ltr'>aliquis</span> 
     </span>
     <span class='ocr_line' id='line_1_10' title="bbox 96 1273 1292 1352; baseline 0 -19"><span class='ocrx_word' id='word_1_75' title='bbox 96 1285 355 1348; x_wconf 88' lang='lat' dir='ltr'>quantumcumque</span> <span class='ocrx_word' id='word_1_76' title='bbox 380 1273 503 1350; x_wconf 90' lang='lat' dir='ltr'>pollutus</span> <span class='ocrx_word' id='word_1_77' title='bbox 527 1274 573 1341; x_wconf 87' lang='lat' dir='ltr'>sit,</span> <span class='ocrx_word' id='word_1_78' title='bbox 589 1283 764 1331; x_wconf 87' lang='lat' dir='ltr'>sacramenta</span> <span class='ocrx_word' id='word_1_79' title='bbox 780 1273 876 1332; x_wconf 81' lang='lat' dir='ltr'>divina</span> <span class='ocrx_word' id='word_1_80' title='bbox 887 1274 1024 1351; x_wconf 88' lang='lat' dir='ltr'>polluere,</span> <span class='ocrx_word' id='word_1_81' title='bbox 1046 1294 1110 1348; x_wconf 79' lang='lat' dir='ltr'>que</span> <span class='ocrx_word' id='word_1_82' title='bbox 1127 1277 1292 1352; x_wconf 84' lang='lat' dir='ltr'>purgatoria</span> 
     </span>
     <span class='ocr_line' id='line_1_11' title="bbox 96 1371 1295 1451; baseline 0.001 -19"><span class='ocrx_word' id='word_1_83' title='bbox 96 1384 258 1432; x_wconf 90' lang='lat' dir='ltr'>cunctarum</span> <span class='ocrx_word' id='word_1_84' title='bbox 274 1371 398 1430; x_wconf 86' lang='lat' dir='ltr'>remedia</span> <span class='ocrx_word' id='word_1_85' title='bbox 411 1372 612 1449; x_wconf 79' lang='lat' dir='ltr'>contagionum</span> <span class='ocrx_word' id='word_1_86' title='bbox 622 1372 756 1430; x_wconf 87' lang='lat' dir='ltr'>existunt.</span> <span class='ocrx_word' id='word_1_87' title='bbox 779 1372 809 1431; x_wconf 95' lang='lat' dir='ltr'>N</span> <span class='ocrx_word' id='word_1_88' title='bbox 811 1392 848 1430; x_wconf 91' lang='lat' dir='ltr'>on</span> <span class='ocrx_word' id='word_1_89' title='bbox 863 1385 957 1450; x_wconf 91' lang='lat' dir='ltr'>potest</span> <span class='ocrx_word' id='word_1_90' title='bbox 971 1374 1040 1431; x_wconf 88' lang='lat' dir='ltr'>solis</span> <span class='ocrx_word' id='word_1_91' title='bbox 1051 1373 1146 1432; x_wconf 88' lang='lat' dir='ltr'>radius</span> <span class='ocrx_word' id='word_1_92' title='bbox 1157 1391 1210 1451; x_wconf 88' lang='lat' dir='ltr'>per</span> <span class='ocrx_word' id='word_1_93' title='bbox 1218 1375 1295 1433; x_wconf 86' lang='lat' dir='ltr'>cloa-</span> 
     </span>
     <span class='ocr_line' id='line_1_12' title="bbox 96 1467 1294 1540; baseline 0.002 -12"><span class='ocrx_word' id='word_1_94' title='bbox 96 1488 143 1528; x_wconf 90' lang='lat' dir='ltr'>cas</span> <span class='ocrx_word' id='word_1_95' title='bbox 157 1481 186 1527; x_wconf 88' lang='lat' dir='ltr'>ct</span> <span class='ocrx_word' id='word_1_96' title='bbox 197 1469 311 1527; x_wconf 83' lang='lat' dir='ltr'>latrinas</span> <span class='ocrx_word' id='word_1_97' title='bbox 327 1468 465 1525; x_wconf 89' lang='lat' dir='ltr'>transiens</span> <span class='ocrx_word' id='word_1_98' title='bbox 480 1467 587 1540; x_wconf 89' lang='lat' dir='ltr'>aliquid</span> <span class='ocrx_word' id='word_1_99' title='bbox 601 1468 703 1527; x_wconf 84' lang='lat' dir='ltr'>exinde</span> <span class='ocrx_word' id='word_1_100' title='bbox 719 1469 966 1527; x_wconf 88' lang='lat' dir='ltr'>contaminationis</span> <span class='ocrx_word' id='word_1_101' title='bbox 975 1470 1123 1529; x_wconf 87' lang='lat' dir='ltr'>attrahere.</span> <span class='ocrx_word' id='word_1_102' title='bbox 1165 1470 1294 1530; x_wconf 87' lang='lat' dir='ltr'>Proinde</span> 
     </span>
     <span class='ocr_line' id='line_1_13' title="bbox 96 1561 1294 1643; baseline 0.003 -20"><span class='ocrx_word' id='word_1_103' title='bbox 96 1565 311 1639; x_wconf 87' lang='lat' dir='ltr'>qualiscumque</span> <span class='ocrx_word' id='word_1_104' title='bbox 339 1561 471 1621; x_wconf 80' lang='lat' dir='ltr'>sacerdos</span> <span class='ocrx_word' id='word_1_105' title='bbox 496 1564 543 1630; x_wconf 88' lang='lat' dir='ltr'>sit,</span> <span class='ocrx_word' id='word_1_106' title='bbox 568 1582 631 1637; x_wconf 86' lang='lat' dir='ltr'>quae</span> <span class='ocrx_word' id='word_1_107' title='bbox 656 1578 754 1622; x_wconf 88' lang='lat' dir='ltr'>sancta</span> <span class='ocrx_word' id='word_1_108' title='bbox 778 1575 844 1623; x_wconf 88' lang='lat' dir='ltr'>sunt</span> <span class='ocrx_word' id='word_1_109' title='bbox 870 1565 1054 1638; x_wconf 86' lang='lat' dir='ltr'>coinquinare</span> <span class='ocrx_word' id='word_1_110' title='bbox 1075 1584 1134 1624; x_wconf 93' lang='lat' dir='ltr'>non</span> <span class='ocrx_word' id='word_1_111' title='bbox 1150 1568 1294 1643; x_wconf 84' lang='lat' dir='ltr'>potest.”¹</span> 
     </span>
     <span class='ocr_line' id='line_1_14' title="bbox 98 1661 1293 1743; baseline 0.003 -22"><span class='ocrx_word' id='word_1_112' title='bbox 98 1662 186 1721; x_wconf 89' lang='lat' dir='ltr'>Nulla</span> <span class='ocrx_word' id='word_1_113' title='bbox 200 1671 244 1719; x_wconf 89' lang='lat' dir='ltr'>est</span> <span class='ocrx_word' id='word_1_114' title='bbox 257 1661 466 1737; x_wconf 88' lang='lat' dir='ltr'>superstitionis</span> <span class='ocrx_word' id='word_1_115' title='bbox 479 1661 568 1729; x_wconf 84' lang='lat' dir='ltr'>labes,</span> <span class='ocrx_word' id='word_1_116' title='bbox 591 1661 668 1735; x_wconf 90' lang='lat' dir='ltr'>quod</span> <span class='ocrx_word' id='word_1_117' title='bbox 683 1662 765 1720; x_wconf 89' lang='lat' dir='ltr'>ritum</span> <span class='ocrx_word' id='word_1_118' title='bbox 787 1661 922 1720; x_wconf 87' lang='lat' dir='ltr'>divinitus</span> <span class='ocrx_word' id='word_1_119' title='bbox 944 1663 1103 1722; x_wconf 87' lang='lat' dir='ltr'>institutum</span> <span class='ocrx_word' id='word_1_120' title='bbox 1127 1663 1205 1723; x_wconf 81' lang='lat' dir='ltr'>houd</span> <span class='ocrx_word' id='word_1_121' title='bbox 1221 1685 1293 1743; x_wconf 86' lang='lat' dir='ltr'>pen·</span> 
     </span>
     <span class='ocr_line' id='line_1_15' title="bbox 95 1757 1292 1835; baseline 0.003 -17"><span class='ocrx_word' id='word_1_122' title='bbox 95 1758 199 1820; x_wconf 84' lang='lat' dir='ltr'>derea</span> <span class='ocrx_word' id='word_1_123' title='bbox 218 1757 327 1816; x_wconf 88' lang='lat' dir='ltr'>meritis</span> <span class='ocrx_word' id='word_1_124' title='bbox 349 1758 525 1817; x_wconf 87' lang='lat' dir='ltr'>conficientis</span> <span class='ocrx_word' id='word_1_125' title='bbox 546 1759 715 1816; x_wconf 86' lang='lat' dir='ltr'>credamus:</span> <span class='ocrx_word' id='word_1_126' title='bbox 739 1777 791 1817; x_wconf 88' lang='lat' dir='ltr'>nec</span> <span class='ocrx_word' id='word_1_127' title='bbox 816 1771 963 1835; x_wconf 89' lang='lat' dir='ltr'>peccatum</span> <span class='ocrx_word' id='word_1_128' title='bbox 987 1759 1126 1819; x_wconf 88' lang='lat' dir='ltr'>dicendus</span> <span class='ocrx_word' id='word_1_129' title='bbox 1150 1773 1196 1820; x_wconf 90' lang='lat' dir='ltr'>est</span> <span class='ocrx_word' id='word_1_130' title='bbox 1221 1763 1292 1823; x_wconf 89' lang='lat' dir='ltr'>ritus</span> 
     </span>
     <span class='ocr_line' id='line_1_16' title="bbox 94 1854 1290 1938; baseline 0.005 -25"><span class='ocrx_word' id='word_1_131' title='bbox 94 1873 173 1915; x_wconf 84' lang='lat' dir='ltr'>sacer</span> <span class='ocrx_word' id='word_1_132' title='bbox 194 1855 278 1913; x_wconf 89' lang='lat' dir='ltr'>etiam</span> <span class='ocrx_word' id='word_1_133' title='bbox 294 1855 328 1915; x_wconf 84' lang='lat' dir='ltr'>ab</span> <span class='ocrx_word' id='word_1_134' title='bbox 342 1854 459 1932; x_wconf 82' lang='lat' dir='ltr'>indigno</span> <span class='ocrx_word' id='word_1_135' title='bbox 473 1855 602 1914; x_wconf 89' lang='lat' dir='ltr'>ministro</span> <span class='ocrx_word' id='word_1_136' title='bbox 626 1867 767 1931; x_wconf 84' lang='lat' dir='ltr'>peractus,</span> <span class='ocrx_word' id='word_1_137' title='bbox 793 1857 923 1930; x_wconf 88' lang='lat' dir='ltr'>quamvis</span> <span class='ocrx_word' id='word_1_138' title='bbox 948 1857 1011 1934; x_wconf 89' lang='lat' dir='ltr'>ipsc</span> <span class='ocrx_word' id='word_1_139' title='bbox 1035 1867 1147 1934; x_wconf 85' lang='lat' dir='ltr'>peccet,</span> <span class='ocrx_word' id='word_1_140' title='bbox 1170 1856 1290 1938; x_wconf 82' lang='lat' dir='ltr'>indigns</span> 
     </span>
     <span class='ocr_line' id='line_1_17' title="bbox 93 1954 334 2031; baseline -0.004 -18"><span class='ocrx_word' id='word_1_141' title='bbox 93 1973 159 2015; x_wconf 88' lang='lat' dir='ltr'>cum</span> <span class='ocrx_word' id='word_1_142' title='bbox 173 1954 334 2031; x_wconf 86' lang='lat' dir='ltr'>perficiens.</span> 
     </span>
    </p>

    <p class='ocr_par' dir='ltr' id='par_1_4' title="bbox 91 2051 1290 2228">
     <span class='ocr_line' id='line_1_18' title="bbox 129 2051 1290 2130; baseline 0.006 -19"><span class='ocrx_word' id='word_1_143' title='bbox 129 2057 178 2112; x_wconf 83' lang='grc'>46.</span> <span class='ocrx_word' id='word_1_144' title='bbox 204 2051 270 2130; x_wconf 87' lang='lat' dir='ltr'><strong><em>Obj.</em></strong></span> <span class='ocrx_word' id='word_1_145' title='bbox 287 2055 315 2111; x_wconf 83' lang='lat'>6.</span> <span class='ocrx_word' id='word_1_146' title='bbox 338 2051 445 2129; x_wconf 76' lang='lat' dir='ltr'>Magna</span> <span class='ocrx_word' id='word_1_147' title='bbox 459 2070 569 2111; x_wconf 87' lang='lat' dir='ltr'>morum</span> <span class='ocrx_word' id='word_1_148' title='bbox 584 2053 744 2130; x_wconf 88' lang='lat' dir='ltr'>corruptela</span> <span class='ocrx_word' id='word_1_149' title='bbox 757 2053 812 2111; x_wconf 88' lang='lat' dir='ltr'>hac</span> <span class='ocrx_word' id='word_1_150' title='bbox 825 2054 935 2113; x_wconf 89' lang='lat' dir='ltr'>ratione</span> <span class='ocrx_word' id='word_1_151' title='bbox 950 2054 1071 2123; x_wconf 82' lang='lat' dir='ltr'>fovetur,</span> <span class='ocrx_word' id='word_1_152' title='bbox 1087 2057 1201 2116; x_wconf 87' lang='lat' dir='ltr'>sublata</span> <span class='ocrx_word' id='word_1_153' title='bbox 1222 2059 1290 2119; x_wconf 88' lang='lat' dir='ltr'>soli·</span> 
     </span>
     <span class='ocr_line' id='line_1_19' title="bbox 91 2150 632 2228; baseline -0.006 -17"><span class='ocrx_word' id='word_1_154' title='bbox 91 2151 214 2211; x_wconf 89' lang='lat' dir='ltr'>citudine</span> <span class='ocrx_word' id='word_1_155' title='bbox 228 2150 263 2209; x_wconf 95' lang='lat' dir='ltr'>de</span> <span class='ocrx_word' id='word_1_156' title='bbox 278 2151 470 2210; x_wconf 87' lang='lat' dir='ltr'>ministrorum</span> <span class='ocrx_word' id='word_1_157' title='bbox 485 2151 632 2228; x_wconf 85' lang='lat' dir='ltr'>dignitate.</span> 
     </span>
    </p>

    <p class='ocr_par' dir='ltr' id='par_1_5' title="bbox 90 2247 1335 2596">
     <span class='ocr_line' id='line_1_20' title="bbox 128 2247 1287 2331; baseline 0.008 -24"><span class='ocrx_word' id='word_1_158' title='bbox 128 2248 218 2327; x_wconf 82' lang='lat' dir='ltr'>Rerp.</span> <span class='ocrx_word' id='word_1_159' title='bbox 241 2248 441 2320; x_wconf 88' lang='lat' dir='ltr'>Nequaquam,</span> <span class='ocrx_word' id='word_1_160' title='bbox 463 2267 530 2307; x_wconf 87' lang='lat' dir='ltr'>nam</span> <span class='ocrx_word' id='word_1_161' title='bbox 544 2258 704 2307; x_wconf 85' lang='lat' dir='ltr'>constanter</span> <span class='ocrx_word' id='word_1_162' title='bbox 725 2247 809 2306; x_wconf 85' lang='lat' dir='ltr'>docet</span> <span class='ocrx_word' id='word_1_163' title='bbox 829 2250 962 2309; x_wconf 88' lang='lat' dir='ltr'>Ecclesia</span> <span class='ocrx_word' id='word_1_164' title='bbox 978 2270 1098 2328; x_wconf 87' lang='lat' dir='ltr'>peccare</span> <span class='ocrx_word' id='word_1_165' title='bbox 1114 2255 1287 2331; x_wconf 81' lang='lat' dir='ltr'>gravissime</span> 
     </span>
     <span class='ocr_line' id='line_1_21' title="bbox 91 2343 1288 2420; baseline 0.008 -16"><span class='ocrx_word' id='word_1_166' title='bbox 91 2345 237 2405; x_wconf 88' lang='lat' dir='ltr'>ministros</span> <span class='ocrx_word' id='word_1_167' title='bbox 261 2352 435 2401; x_wconf 89' lang='lat' dir='ltr'>sacramenta</span> <span class='ocrx_word' id='word_1_168' title='bbox 455 2343 571 2420; x_wconf 81' lang='lat' dir='ltr'>indigne</span> <span class='ocrx_word' id='word_1_169' title='bbox 593 2345 795 2412; x_wconf 87' lang='lat' dir='ltr'>ministrantes,</span> <span class='ocrx_word' id='word_1_170' title='bbox 817 2348 895 2404; x_wconf 89' lang='lat' dir='ltr'>etin</span> <span class='ocrx_word' id='word_1_171' title='bbox 918 2357 1030 2407; x_wconf 82' lang='lat' dir='ltr'>aeternae</span> <span class='ocrx_word' id='word_1_172' title='bbox 1052 2352 1153 2409; x_wconf 89' lang='lat' dir='ltr'>mortis</span> <span class='ocrx_word' id='word_1_173' title='bbox 1179 2363 1288 2413; x_wconf 87' lang='lat' dir='ltr'>reatum</span> 
     </span>
     <span class='ocr_line' id='line_1_22' title="bbox 90 2439 1335 2531; baseline 0.01 -30"><span class='ocrx_word' id='word_1_174' title='bbox 90 2443 247 2501; x_wconf 73' lang='lat' dir='ltr'>incurrere⁰</span> <span class='ocrx_word' id='word_1_175' title='bbox 260 2439 311 2498; x_wconf 85' lang='lat' dir='ltr'>sed</span> <span class='ocrx_word' id='word_1_176' title='bbox 323 2440 479 2499; x_wconf 82' lang='lat' dir='ltr'>consulitur</span> <span class='ocrx_word' id='word_1_177' title='bbox 492 2440 619 2500; x_wconf 85' lang='lat' dir='ltr'>fidelium</span> <span class='ocrx_word' id='word_1_178' title='bbox 635 2442 709 2518; x_wconf 88' lang='lat' dir='ltr'>paci,</span> <span class='ocrx_word' id='word_1_179' title='bbox 724 2461 761 2499; x_wconf 90' lang='lat' dir='ltr'>ne</span> <span class='ocrx_word' id='word_1_180' title='bbox 782 2443 867 2509; x_wconf 73' lang='lat' dir='ltr'>anxie</span> <span class='ocrx_word' id='word_1_181' title='bbox 888 2443 1015 2503; x_wconf 70' lang='lat' dir='ltr'>haereant</span> <span class='ocrx_word' id='word_1_182' title='bbox 1027 2445 1063 2506; x_wconf 92' lang='lat' dir='ltr'>de</span> <span class='ocrx_word' id='word_1_183' title='bbox 1078 2448 1233 2513; x_wconf 88' lang='lat' dir='ltr'>hominum</span> <span class='ocrx_word' id='word_1_184' title='bbox 1247 2469 1289 2511; x_wconf 77' lang='lat' dir='ltr'>tu·-</span> <span class='ocrx_word' id='word_1_185' title='bbox 1331 2506 1335 2531; x_wconf 76' lang='grc'>,</span> 
     </span>
     <span class='ocr_line' id='line_1_23' title="bbox 90 2536 301 2596; baseline -0.009 0"><span class='ocrx_word' id='word_1_186' title='bbox 90 2537 169 2596; x_wconf 90' lang='lat' dir='ltr'>canis</span> <span class='ocrx_word' id='word_1_187' title='bbox 183 2536 301 2595; x_wconf 86' lang='lat' dir='ltr'>meritis.</span> 
     </span>
    </p>
   </div>
   <div class='ocr_carea' id='block_1_3' title="bbox 419 2710 950 2866">
    <p class='ocr_par' dir='ltr' id='par_1_6' title="bbox 419 2710 950 2866">
     <span class='ocr_line' id='line_1_24' title="bbox 420 2710 814 2778; baseline 0.013 -19"><span class='ocrx_word' id='word_1_188' title='bbox 420 2711 462 2778; x_wconf 84' lang='lat'>(1)</span> <span class='ocrx_word' id='word_1_189' title='bbox 481 2710 556 2778; x_wconf 88' lang='lat' dir='ltr'>Resp.</span> <span class='ocrx_word' id='word_1_190' title='bbox 567 2713 598 2763; x_wconf 83' lang='lat' dir='ltr'>ad</span> <span class='ocrx_word' id='word_1_191' title='bbox 610 2713 710 2775; x_wconf 83' lang='lat' dir='ltr'>Bulgcr.</span> <span class='ocrx_word' id='word_1_192' title='bbox 721 2730 744 2764; x_wconf 89' lang='lat' dir='ltr'>c.</span> <span class='ocrx_word' id='word_1_193' title='bbox 755 2715 814 2764; x_wconf 85' lang='lat' dir='ltr'>lxxi.</span> 
     </span>
     <span class='ocr_line' id='line_1_25' title="bbox 419 2798 950 2866; baseline 0.006 -17"><span class='ocrx_word' id='word_1_194' title='bbox 419 2798 462 2866; x_wconf 76' lang='lat'>(2)</span> <span class='ocrx_word' id='word_1_195' title='bbox 481 2798 579 2850; x_wconf 83' lang='lat' dir='ltr'>Rituele</span> <span class='ocrx_word' id='word_1_196' title='bbox 590 2800 738 2860; x_wconf 73' lang='lat' dir='ltr'>Romanum,</span> <span class='ocrx_word' id='word_1_197' title='bbox 750 2801 780 2852; x_wconf 89' lang='lat' dir='ltr'>de</span> <span class='ocrx_word' id='word_1_198' title='bbox 791 2802 847 2852; x_wconf 81' lang='lat' dir='ltr'>Sao.</span> <span class='ocrx_word' id='word_1_199' title='bbox 859 2802 950 2853; x_wconf 83' lang='lat' dir='ltr'>admin.</span> 
     </span>
    </p>
   </div>
   <div class='ocr_carea' id='block_1_4' title="bbox 0 0 1404 5092">
    <p class='ocr_par' dir='ltr' id='par_1_7' title="bbox 0 0 1404 5092">
     <span class='ocr_line' id='line_1_26' title="bbox 0 0 1404 5092; baseline 0 5"><span class='ocrx_word' id='word_1_200' title='bbox 0 0 1404 5092; x_wconf 95' lang='lat' dir='ltr'> </span> 
     </span>
    </p>
   </div>
  </div>
 </body>
</html>
