2798 5092
99 349 136 404 to
278 372 286 383 ·
392 346 447 407 DE
471 345 747 408 SAORAMENTl
767 348 997 410 VERITATE.

97 502 256 572 raoteremh
272 505 318 564 vel
332 523 399 564 eum
414 507 463 580 qui
477 506 612 566 sacerdos
626 507 717 566 semel
731 501 794 576 soil,
809 508 915 567 laicum
928 526 1026 568 rursus
1037 509 1100 568 fieri
1114 527 1220 588 posse;
1236 530 1303 571 ane·
1334 548 1338 555 -

102 603 201 662 thema
215 602 301 660 sit.'’²

608 800 792 841 PROPOSITIO·

140 944 230 1014 Ordo,
246 945 307 1005 eice
321 920 407 1004 socru
422 941 569 1002 ordinatio
585 948 628 1000 eet
642 958 708 1000 uere
722 947 749 999 et
764 940 886 1020 proprie
900 949 1121 1002 sacromentum
1135 962 1155 1002 o
1177 942 1300 1005 Christo

99 1042 231 1102 Domino
245 1042 430 1102 institutum.

138 1143 291 1202 Probatur
304 1141 330 1200 I.
344 1159 380 1199 ee
398 1138 572 1220 Scripturis.

136 1248 165 1299 5.
186 1238 232 1299 Ad
247 1239 434 1298 Timotheum
449 1237 565 1314 scripsit
578 1234 704 1298 Paulus:
728 1243 748 1272 ‘⁶
762 1236 832 1294 Noli
845 1236 989 1314 negligere
1003 1236 1133 1314 gratiam,
1148 1256 1213 1312 quar
1228 1239 1259 1298 in
1272 1250 1301 1298 te

99 1350 154 1405 est,
169 1356 232 1410 quae
247 1336 311 1394 data
325 1346 369 1393 est
383 1335 433 1393 tibi
448 1352 498 1412 per
512 1332 692 1410 prophetiam
707 1351 772 1390 eum
794 1333 979 1409 impositione
993 1352 1130 1393 manuum
1151 1336 1302 1414 presbyte-

96 1436 252 1507 ῐίἰ.”-Μὴ
264 1436 347 1505 ἀμέλει
358 1435 403 1489 τού
422 1438 447 1486 ἐν
469 1436 507 1487 obt
523 1429 703 1501 xoplopoaeoff
720 1434 792 1501 2on
811 1428 848 1486 σοι’
868 1430 910 1486 διὰ
925 1430 1073 1503 προφητείας
1089 1432 1156 1502 μετὰ
1171 1413 1313 1499 ἐπιθέσεως·

96 1542 145 1592 τῶι
157 1539 244 1602 χειρῶν
254 1533 299 1586 τοῦ
311 1533 492 1596 πρεσβυτεριιιι.
534 1521 649 1579 Donum
665 1521 750 1597 igitur
764 1519 861 1578 datum
876 1532 921 1578 est
935 1520 1102 1591 Timotheo,
1119 1523 1196 1596 quod
1211 1525 1241 1583 in
1263 1545 1302 1586 eo

97 1633 234 1687 maneret,
250 1618 364 1693 quando
379 1636 479 1675 manus
494 1638 511 1676 a
525 1617 616 1676 Paulo
630 1618 658 1674 ei
671 1617 814 1694 impositu
829 1617 944 1675 suntad
960 1637 1064 1676 munus
1080 1621 1298 1696 presbyteratus

101 1719 318 1782 conferendum.
348 1715 489 1776 Praedicta
503 1729 582 1775 erant
594 1715 628 1774 de
643 1716 800 1773 Timotheo
811 1716 926 1793 egregia
935 1715 1071 1782 facinora,
1086 1719 1190 1791 quibus
1204 1723 1302 1781 vatici·

100 1823 156 1881 niis
172 1829 267 1879 motus
282 1827 341 1876 erat
355 1816 463 1874 Paulus
477 1827 508 1874 ut
522 1835 588 1874 eum
602 1815 757 1873 insacrum
773 1814 927 1892 collegium
940 1827 1104 1891 cooptaret;
1126 1833 1302 1898 quapropter

102 1939 169 1979 eum
182 1919 251 1975 alias
264 1917 390 1974 hortatur
405 1913 440 1971 ad
450 1932 482 1970 ee
496 1912 652 1990 gerendum
665 1911 848 1985 rationeque
861 1911 896 1969 iis
908 1910 1096 1989 respoudeat:
1119 1922 1139 1949 “
1150 1913 1216 1973 Hoc
1228 1936 1302 1993 prae·

100 2028 215 2094 ceptum
226 2011 397 2073 commendo
414 2011 475 2077 tibi,
488 2011 529 2068 fili
539 2009 705 2077 Timotheo,
717 2007 876 2067 secundum
890 2008 1081 2085 precedentes
1093 2009 1122 2068 in
1135 2018 1163 2068 te
1177 2015 1303 2091 prophe·

96 2118 161 2182 tias,
172 2125 203 2172 ut
214 2111 319 2171 milites
329 2109 425 2168 inillis
437 2110 542 2167 bonam
552 2105 729 2166 militiam.”³
749 2106 807 2163 Per
816 2106 894 2182 ipsas
905 2105 988 2164 Pauli
999 2125 1099 2164 manus
1110 2106 1216 2167 donum
1226 2112 1300 2173 illud

95 2211 338 2274 communicatum
352 2207 422 2274 fuit3
446 2215 619 2281 quapropter
632 2204 689 2261 ait:
713 2211 732 2238 “
746 2202 897 2261 Admoneo
913 2214 950 2271 te,
967 2212 998 2260 ut
1008 2206 1162 2264 resuscites
1174 2211 1295 2285 gratiam

94 2310 161 2377 Dei,
177 2325 240 2381 quae
253 2314 298 2362 est
311 2304 341 2361 in
356 2314 382 2360 te
397 2320 449 2378 per
462 2300 676 2378 impositionem
691 2318 828 2358 manuum
844 2300 1094 2364 mearum.”⁴-dtd
1105 2326 1149 2380 της
1168 2310 1301 2376 tristam,

97 2413 146 2464 τῶν
157 2411 244 2476 χειρῶν
255 2424 310 2471 μου.
353 2399 493 2458 Mannum
514 2399 600 2475 igitur
621 2398 803 2475 impositione
825 2397 920 2456 datum
935 2407 980 2456 est
1000 2397 1106 2458 donum
1121 2402 1238 2459 ooeleste
1260 2400 1298 2459 ad

95 2495 272 2573 iungendum
287 2496 458 2573 presbyterii
473 2496 648 2553 muneribus.
692 2494 779 2553 Hunc
793 2494 928 2554 effectum
943 2495 1010 2554 huic
1024 2497 1090 2554 ritui
1105 2497 1214 2556 Paulus
1232 2499 1297 2575 ipse

95 2591 161 2649 dare
176 2611 233 2650 non
249 2593 358 2669 potuit:
381 2591 500 2669 proinde
515 2590 663 2649 habendus
678 2602 722 2649 est
736 2590 872 2649 divinitus
885 2591 998 2659 insitus,
1016 2610 1054 2650 ex
1069 2591 1189 2661 Christi,
1206 2613 1299 2653 sacra-

95 2701 256 2747 mentorum
271 2689 405 2755 auctoris,
420 2688 608 2746 institutione.

134 2790 162 2843 6.
186 2786 330 2858 Equidem
345 2796 456 2843 constat
468 2804 604 2843 manuum
618 2784 802 2861 impositione
815 2803 925 2844 sacram
940 2796 1110 2863 potestatem
1122 2787 1217 2855 tribui,
1228 2807 1297 2849 nam

94 2882 198 2940 Saulus
213 2891 242 2939 et
256 2883 410 2949 Barnabas,
426 2902 442 2940 a
457 2882 566 2960 Spiritu
581 2881 686 2939 Sancto
702 2881 784 2939 electi
798 2882 829 2939 in
843 2900 916 2959 opus
938 2884 1100 2951 ministerii,
1116 2885 1169 2942 hac
1184 2887 1296 2944 ratione

94 2979 286 3038 auctoritatem
302 2992 490 3057 acceperunt:
513 2988 533 3016 ‘⁴
546 2979 774 3037 Ministrantibus
791 2990 885 3037 autem
900 2979 957 3036 illis
973 2980 1139 3060 (prophetis
1153 2988 1183 3041 et
1198 2981 1298 3043 docto·

98 3077 192 3146 ribus,
207 3096 280 3156 quoe
293 3097 365 3138 mett
380 3086 564 3138 recensuerat
575 3095 657 3136 socer
668 3076 809 3155 scriptor)
822 3076 958 3142 Domino,
971 3089 999 3135 et
1007 3079 1213 3156 jejunantibus,
1224 3081 1300 3143 dixit

93 3176 149 3234 illis
171 3178 297 3254 Spiritus
320 3179 461 3235 Sanctus:
485 3177 638 3252 segregate
660 3175 730 3232 mihi
755 3174 873 3233 Seulum
888 3185 917 3233 et
937 3175 1098 3236 Barnabam
1113 3178 1142 3235 iu
1164 3197 1238 3257 opus
1260 3180 1296 3239 ad

92 3274 169 3347 quod
196 3276 339 3351 assumpsi
363 3292 424 3331 eos.
467 3273 552 3330 Tunc
580 3272 744 3348 jejunantes
770 3283 798 3328 et
826 3281 950 3340 orantes,
977 3273 1219 3350 imponentesque
1247 3278 1290 3334 eis

93 3389 206 3438 manus,
222 3370 393 3429 dimiserunt
407 3369 505 3428 eos.”⁵
547 3368 591 3427 De
607 3369 698 3428 Paulo
713 3377 742 3426 et
762 3369 891 3426 Bernaba
914 3369 1041 3439 refertur,
1057 3372 1134 3444 quod
1156 3392 1296 3434 manuum

91 3470 260 3527 extensione
288 3488 340 3527 seu
364 3469 548 3546 impositione
576 3469 758 3545 presbyteros
786 3466 908 3543 singulis
938 3468 1116 3543 profecerint
1141 3472 1287 3531 eeclesiis.

91 3563 308 3636 Xeepoeoru'ooureg
325 3570 351 3622 δε
369 3566 454 3629 deruis
464 3567 638 3637 πρεσβυτέρως
654 3563 713 3620 xorr’
729 3562 870 3635 duumuiris,
888 3565 1074 3636 προσευξάμενοι
1093 3568 1159 3637 μετὰ
1170 3575 1296 3639 νηστειῶν,

92 3654 226 3720 repensum
237 3654 324 3718 ἀετοὺς
334 3657 370 3723 τῷ
382 3653 462 3725 κυρίῳ,
472 3661 505 3718 tu
516 3659 542 3710 ὃν
554 3654 769 3714 πεπιστεύκεισαν.
812 3662 831 3689 “
842 3652 919 3711 Cum
934 3656 1149 3715 constituissent
1164 3657 1222 3715 illis
1244 3678 1297 3735 per

93 3742 221 3818 singulas
242 3743 390 3802 Ecclesiae
415 3747 608 3822 presbyteros,
626 3758 655 3804 et
669 3762 798 3808 orassent
818 3771 882 3810 oum
900 3752 1135 3829 jejunationibus,
1150 3774 1297 3816 commen·

90 3837 229 3898 daverunt
242 3859 293 3898 eos
309 3841 436 3900 Domino
451 3843 479 3901 in
496 3862 582 3916 quem
597 3842 825 3905 crediderunt.”⁰
865 3848 1031 3925 Presbyteri
1045 3849 1132 3927 igitur
1144 3852 1295 3911 constituti
1310 3833 1312 3836 Ι

89 3949 157 3993 sunt
171 3954 306 3996 manuum
321 3941 498 4009 extensione,
514 3959 565 3998 sen
589 3942 784 4017 impositione,
800 3963 866 4002 nam
881 3946 945 4002 voci
966 3963 1030 4003 eam
1050 3946 1146 4005 inesse
1168 3949 1227 4008 rim
1248 3967 1287 4008 ex

90 4029 259 4094 Graecorum
273 4055 327 4094 usu
344 4046 429 4112 patet,
444 4035 582 4107 χειροτονία
595 4040 673 4099 enim
688 4040 764 4118 apud
777 4059 828 4100 eos
844 4040 1050 4102 ordinationem
1066 4042 1206 4122 designat.

457 4250 499 4317 (1)
519 4250 584 4301 Sese.
596 4251 665 4301 xxiii.
678 4268 731 4302 ean.
743 4252 777 4303 iii.
789 4252 822 4302 ir.

458 4338 501 4403 (2)
521 4336 540 4386 I.
551 4336 617 4387 Tim.
629 4338 662 4388 iv.
677 4340 715 4386 14.

459 4426 502 4491 (3)
521 4424 615 4474 Ibidem
626 4425 642 4474 i.
654 4428 692 4476 18.

460 4511 503 4575 (t)
523 4509 554 4560 II.
565 4509 632 4560 Tim.
643 4511 659 4560 i.
672 4513 695 4562 6.

455 4595 498 4660 (5)
518 4599 574 4646 Act.
586 4596 638 4646 xiii.
651 4601 674 4645 2.

453 4680 496 4747 (ὃ)
516 4681 610 4733 ibidem
622 4684 671 4734 xis.
683 4683 723 4734 22.
