2798 5092
504 306 560 367 DE
582 304 868 367 CAEREMONIIS.

583 1039 722 1101 CAPUT
742 1039 780 1097 V.

468 1265 526 1326 DE
561 1273 912 1328 umnunottttS.

129 1494 180 1550 71.
203 1487 378 1547 Sacramenti
388 1488 544 1547 substantia
558 1489 588 1548 in
601 1490 656 1548 ritu
674 1510 691 1549 a
704 1488 823 1548 Christo
842 1487 970 1546 instituto
980 1485 1073 1563 posita
1087 1496 1142 1554 est,
1156 1485 1187 1544 in
1203 1504 1288 1562 quem

90 1587 197 1646 nullam
211 1585 266 1643 sibi
281 1583 406 1642 vindicat
428 1596 596 1662 potestatem
617 1586 772 1646 Ecclesia:
795 1584 846 1644 sed
868 1582 916 1641 alii
941 1582 1114 1661 adjiciuntur
1128 1583 1180 1657 qui
1195 1601 1288 1642 sacras

90 1686 196 1745 habent
208 1683 443 1761 significationes,
462 1697 490 1743 et
510 1685 546 1743 ad
567 1686 753 1744 reverentiam
768 1691 945 1742 sacramento
966 1679 1176 1740 conciliandam
1191 1679 1288 1739 idonei

90 1792 165 1841 sunt.
207 1780 349 1858 Baptismi
364 1781 523 1840 substantia
536 1783 565 1840 in
581 1782 724 1841 ablutione
741 1799 815 1854 aqua
828 1779 909 1846 sacta,
924 1777 1063 1837 invocatis
1078 1777 1169 1835 tribus
1184 1775 1289 1836 divinis

88 1879 221 1956 personis
247 1876 397 1936 consistit:
419 1880 514 1937 caeteri
539 1879 609 1938 ritus
637 1877 816 1938 caeremonia
844 1888 919 1944 sunt,
942 1875 997 1935 hoc
1017 1873 1129 1934 scilicet
1148 1875 1289 1934 vocabulo

90 1975 306 2053 complectimur
320 1975 389 2033 ritus
404 1994 505 2034 omnes
522 1976 571 2050 qui
585 1974 620 2034 ad
634 1974 766 2035 decorem
778 1985 806 2033 et
815 1971 995 2052 splendorem
1011 1970 1100 2029 divini
1113 1971 1208 2030 cultus
1222 1970 1287 2030 diri·

89 2085 203 2153 guntur.
245 2073 279 2131 ln
292 2092 340 2131 eas
353 2073 543 2133 debacchatus
559 2086 603 2132 est
616 2072 766 2140 Calvinus,
782 2091 830 2132 eas
850 2088 956 2130 vocans
972 2079 992 2105 ‘⁶
1004 2088 1106 2148 nugas,
1121 2068 1200 2145 quod
1216 2070 1288 2129 nihil

90 2172 219 2231 utilitatis
233 2171 375 2230 habeant:
398 2171 500 2229 deinde
509 2171 680 2249 prestigias,
690 2169 768 2244 qnod
775 2169 963 2247 spectantium
973 2167 1072 2227 oculos
1087 2167 1167 2225 inani
1181 2186 1290 2246 pompa

92 2267 272 2329 deludant”²
312 2267 456 2326 liutherus
471 2287 528 2328 non
551 2269 665 2345 negavit
686 2268 871 2326 caeremonias
896 2265 1005 2339 aliquas
1028 2263 1134 2323 utiliter
1159 2264 1289 2324 adbiberi

90 2384 187 2445 posse,
199 2364 355 2424 dummodo
367 2365 503 2443 obligatio
517 2385 565 2424 eas
577 2366 719 2433 servandi,
729 2375 758 2422 et
771 2365 864 2423 cultus
873 2364 953 2422 notio
962 2364 1120 2421 abessent.l
1132 2362 1288 2442 Anglicani

92 2463 277 2523 caeremonias
303 2462 433 2538 probant,
459 2473 488 2519 et
509 2452 670 2540 arguendos
694 2480 759 2520 esse
775 2461 867 2538 palam
889 2459 993 2519 docent
1007 2459 1117 2533 quieas
1138 2472 1290 2545 spernunt,

91 2578 161 2634 quas
177 2571 272 2617 tamen
286 2558 453 2616 instituendi
467 2559 512 2618 vel
536 2559 663 2618 mutandi
678 2568 846 2635 potestatem
861 2557 977 2616 cuilibet
990 2556 1131 2616 Ecclesia
1147 2559 1287 2621 nationali

92 2653 260 2714 vindicant.8
301 2652 368 2713 Hoc
389 2664 501 2713 utentes
512 2655 626 2714 arbitrio
648 2655 798 2733 plerasque
812 2672 883 2728 quas
897 2655 1020 2732 majores
1035 2655 1080 2713 sui
1094 2671 1289 2726 servaverant,

91 2753 276 2827 reliquerunt,
291 2763 319 2810 et
344 2751 439 2830 plures
465 2753 660 2821 immutarunt,
681 2751 819 2812 Eduardo
843 2761 872 2809 et
894 2751 1065 2810 Elisabetha
1090 2754 1287 2831 regnantibus.

92 2852 151 2919 Qui
165 2852 195 2909 in
209 2849 255 2907 his
269 2851 433 2927 regionibus
455 2851 671 2929 Episcopaliani
694 2849 826 2909 dicuntur
850 2847 949 2909 eadem
970 2849 1084 2909 licentia
1098 2851 1132 2909 ab
1155 2852 1289 2930 Anglica·

65 2968 70 2983 ¹
93 2966 195 3008 norum
210 2946 381 3021 quibusdam
396 2949 495 3007 ritibus
510 2949 713 3008 discesserunt.
757 2947 940 3006 Oxonienses
951 2947 1012 3025 jam
1027 2948 1126 3007 rituale
1144 2965 1228 3009 vetus
1243 2950 1289 3009 de·

93 3046 233 3126 perditum
249 3046 369 3124 plorant,
393 3059 422 3104 et
434 3048 538 3107 rituum
566 3066 710 3106 sacrorum
725 3046 874 3105 utilitatem
898 3054 927 3104 et
951 3038 1147 3119 antiquitatem
1164 3058 1287 3110 tuentur.

93 3145 305 3222 Presbyterianl
319 3145 504 3203 ceremonias
518 3145 661 3222 rejiciunt,
676 3156 705 3202 et
718 3144 891 3221 baptismum
906 3141 1161 3204 administrandum
1172 3147 1286 3225 jubent,

92 3245 200 3324 praevia
213 3242 329 3319 quidem
354 3243 540 3302 instructione
561 3240 596 3299 da
611 3244 673 3319 ejus
688 3252 797 3311 natura,
823 3250 852 3300 et
872 3240 908 3300 de
923 3251 1072 3320 parentum
1097 3243 1213 3316 officiis,
1236 3249 1287 3308 sed

92 3342 171 3403 omni
185 3343 292 3401 omissa
300 3341 496 3399 caeremonia.⁴
522 3340 733 3399 Eucharistiam
745 3341 908 3409 conficiunt,
916 3351 1061 3401 narrantes
1070 3342 1139 3417 quid
1151 3321 1287 3407 Christus

93 3439 201 3505 lecerit,
216 3448 361 3517 etpanem
380 3437 553 3515 frangentes,
569 3457 654 3512 quem
675 3438 948 3514 circumsedentibus
972 3459 1078 3500 mensae
1102 3442 1286 3517 distribuunt,

95 3537 194 3594 vinum
213 3536 348 3615 deinceps
373 3537 558 3614 propinaturi.
600 3538 672 3605 Quae
688 3535 851 3614 praecedunt
865 3548 893 3595 et
906 3551 1064 3613 sequuntur
1077 3543 1246 3612 conciones,
1261 3557 1290 3604 et

96 3631 223 3710 psalmus
238 3632 283 3691 vel
307 3632 448 3692 canticum
469 3653 533 3692 curn
558 3635 685 3692 oratione
707 3651 743 3691 erc
763 3639 889 3711 tempore
913 3635 976 3693 susa
1001 3647 1089 3694 toturn
1110 3638 1197 3699 ritunr
1221 3661 1288 3702 con-

93 3731 226 3788 stitnunt:
248 3729 338 3786 nullas
366 3729 474 3806 quippe
495 3742 585 3789 certas
607 3748 706 3806 preces
720 3729 833 3798 habent,
863 3729 913 3787 sed
934 3750 986 3808 pro
1015 3733 1137 3792 ministri
1167 3738 1285 3816 cujusli-

96 3830 143 3886 bet
157 3825 294 3884 arbitrio.⁵
315 3826 450 3904 Baptistae
466 3828 518 3886 hos
533 3829 688 3896 imitantur,
705 3829 779 3887 sicut
793 3837 822 3886 et
835 3828 1018 3887 Methodistae
1033 3831 1286 3911 Episcopalianos.

129 3988 172 4054 (l)
191 3982 356 4034 luethiwc.
369 3999 431 4034 x.n.
445 3988 484 4035 12.

128 4074 171 4140 (2)
191 4071 245 4121 Lib.
253 4070 284 4120 ds
294 4070 363 4120 form.
374 4070 467 4144 Missae,
478 4079 503 4122 et
513 4072 553 4122 lib.
565 4072 596 4122 ds
606 4071 654 4138 piis
665 4087 758 4122 cerem.

128 4160 170 4224 (3)
190 4156 281 4208 Article
292 4155 376 4206 xxxiv,

130 4245 171 4310 (4)
191 4251 206 4275 ‘⁴
214 4243 256 4294 Hc
266 4244 288 4293 is
299 4242 425 4307 tobaptize
436 4241 478 4291 the
489 4241 553 4291 child
566 4241 626 4291 with
637 4251 719 4302 water,
732 4242 879 4308 by‘pouring
890 4257 917 4291 or
925 4242 1062 4306 sprinkling
1073 4242 1093 4292 it
1105 4259 1137 4292 on
1149 4244 1192 4296 the
1202 4247 1256 4297 sace
1264 4244 1295 4296 oi

93 4328 135 4378 the
145 4324 217 4388 child,
228 4329 332 4379 without
343 4328 433 4390 adding
441 4344 490 4392 any
502 4327 571 4378 other
581 4327 734 4393 ceremony.’'
768 4327 824 4378 'l'hc
836 4327 962 4391 Dircctory
974 4327 1043 4393 chop.
1055 4329 1095 4378 vii.

132 4414 174 4479 (5)
193 4421 207 4443 “
219 4412 274 4462 The
291 4412 355 4463 table
375 4429 408 4462 on
419 4413 501 4464 which
521 4413 563 4462 the
585 4412 702 4463 alcments
725 4430 765 4464 are
788 4412 882 4477 placed,
894 4399 967 4474 being
984 4413 1096 4477 decently
1116 4415 1228 4475 covered,
1246 4415 1288 4465 the

94 4501 165 4550 breed
176 4501 202 4550 in
214 4501 360 4550 convenient
370 4501 461 4561 dishss,
472 4501 521 4550 and
532 4500 574 4550 the
584 4499 650 4548 wine
661 4501 688 4552 in
708 4516 776 4566 cups,
787 4501 835 4551 and
856 4501 898 4551 the
918 4501 1113 4552 communicante
1124 4501 1220 4568 orderly
1238 4504 1288 4553 and

93 4589 191 4651 gravely
202 4585 288 4647 sitting
296 4589 390 4637 around
403 4587 444 4638 the
455 4586 542 4638 table.”
577 4586 670 4636 lbidem
679 4587 717 4638 ch.
726 4587 775 4638 viii.
