2798 5092
587 332 813 395 APPENDIX.
975 280 981 307 ι
1236 336 1294 395 dil

93 436 280 568 55ιῖ515555
296 500 371 560 octo,
386 508 478 568 usque
492 492 523 552 in
537 490 591 551 III.
607 490 676 552 ldus
689 489 850 553 Januarii.”
890 491 936 551 ab
950 509 986 552 so
1000 491 1158 553 Donatista
1172 490 1299 552 damnati

93 600 169 650 sunt
182 590 212 649 in
228 590 352 649 concilio
366 589 499 651 Romano
512 608 589 650 anno
602 593 671 648 313.

140 692 191 749 34.
214 689 518 748 ‘'Srurnsnnnannis
533 688 705 766 vigintiduo
726 688 873 749 mensibus
894 686 1039 751 undecim.
1081 688 1149 748 Fuit
1166 686 1300 765 tempori·

92 785 156 846 bus
171 785 386 846 Constantini.”
428 795 448 823 ‘⁸
462 785 558 861 Hujus
580 785 757 862 temporibus
771 785 877 845 sactum
898 784 1051 845 concilium
1065 802 1131 845 cum
1151 785 1214 862 ejus
1233 803 1299 844 con·

93 901 191 943 sensu
206 884 236 943 in
252 883 352 943 Nicea
366 882 545 961 Bithyniam
587 884 724 961 Sepultus
738 893 783 943 cst
795 882 1048 962 pridieKalendas
1068 882 1209 951 Januarii,
1224 901 1300 945 anno

95 984 173 1041 335.
1061 1024 1065 1035 ,

142 1081 193 1137 35.
219 1086 239 1114 “
254 1077 382 1137 Manena
397 1095 512 1136 menses
533 1076 616 1136 VIII.
631 1077 694 1136 dies
714 1077 783 1136 XX.
798 1096 836 1136 ex
849 1076 896 1136 die
917 1075 985 1136 XV.
1000 1075 1124 1135 Kalend.
1165 1076 1301 1137 Februar.

91 1193 197 1249 -usque
211 1174 243 1233 in
258 1174 334 1234 diem
350 1175 499 1235 Nonarum
517 1173 718 1234 Octobrium.”

142 1274 193 1331 35.
210 1280 231 1308 “
240 1271 346 1330 Juurus
358 1291 448 1332 annos
463 1271 638 1347 quindecim,
651 1291 781 1332 mensem
795 1290 895 1341 unum,
906 1271 968 1330 dies
981 1269 1149 1330 undecim.’'
1165 1269 1302 1347 Sepultus

99 1376 150 1426 est
163 1365 255 1444 pridie
270 1366 334 1425 idus
350 1368 457 1446 Aprilis
478 1387 553 1428 anno
573 1373 643 1427 352.
685 1368 842 1428 catholice
857 1367 924 1427 fidei
944 1379 973 1427 et
993 1368 1026 1428 S.
1042 1367 1191 1426 Athanasii
1205 1358 1303 1426 contra

102 1465 229 1524 Arianos
254 1466 386 1542 egregius
412 1465 465 1524 fuir
487 1465 604 1525 vindex.
645 1464 719 1524 Dum
747 1467 810 1543 ejus
835 1478 990 1544 supersunt
1014 1465 1153 1545 epistolae,
1177 1484 1235 1524 una
1268 1463 1304 1523 ad

102 1559 298 1629 Eusebianos,
313 1561 368 1619 alia
382 1560 417 1619 ad
431 1562 583 1621 ecclesiam
598 1561 833 1626 Alexandrinam.

146 1661 196 1718 37.
218 1656 362 1716 Lmnnrus
377 1661 442 1716 521
459 1657 540 1718 Junii
556 1643 614 1717 352
629 1659 663 1717 55
678 1662 717 1716 23
732 1657 910 1737 Septembris
924 1663 984 1718 355
998 1659 1192 1736 pontificatum
1203 1657 1302 1717 tenuit.

104 1755 145 1814 Ei
160 1754 191 1814 in
205 1753 324 1812 exilium
337 1775 354 1812 a
367 1753 548 1821 Cerretanus,
564 1756 681 1824 Ariane,
697 1765 770 1824 acto,
788 1754 925 1814 suffectus
947 1767 991 1816 est
1004 1756 1099 1826 Felix,
1115 1757 1174 1830 qul,
1188 1756 1256 1814 licet
1269 1755 1304 1812 ab

106 1850 222 1912 Arianis
237 1849 413 1930 designatus,
428 1852 514 1913 fidem
531 1864 625 1912 tamen
640 1852 821 1913 catholicam
835 1871 1032 1932 propugnasse
1046 1855 1174 1913 refertur.
1217 1853 1305 1926 Hunc

105 1951 179 2010 iuter
194 1951 344 2027 pontifices
360 1951 457 2028 plures
482 1963 648 2029 recensentr
668 1951 791 2011 sednon
806 1951 936 2011 ridemus
951 1952 1096 2026 quomodo
1108 1954 1200 2030 possit
1211 1951 1303 2029 legiti-

108 2068 173 2121 mus
189 2048 284 2107 haberi
299 2050 438 2125 pontifex,
454 2051 579 2110 intrusus
604 2052 682 2111 eninr
709 2062 753 2109 est
776 2051 811 2109 ab
832 2051 948 2110 Arianis
970 2070 1035 2110 cum
1058 2050 1167 2109 Liberii
1189 2051 1303 2127 injuria.

110 2144 244 2218 Plerique
260 2158 379 2204 censent
393 2146 469 2205 hunc
493 2148 548 2205 sibi
572 2148 730 2208 libertatem
751 2159 779 2205 et
803 2146 924 2226 reditum
949 2146 984 2205 ad
1006 2146 1106 2205 sedena
1123 2165 1305 2225 comparasse

109 2240 250 2321 ambigue
264 2243 470 2304 subscribendo
484 2245 623 2315 sormulae,
639 2258 668 2305 et
680 2245 913 2307 communionem
928 2247 1043 2304 Arianis
1054 2247 1199 2324 episcopis
1215 2245 1306 2305 indul·

109 2340 224 2420 gendo:
246 2361 332 2425 quarn
353 2343 466 2420 culpam
488 2345 655 2421 poenitentia
674 2344 811 2422 deinceps
832 2344 930 2404 dicunt
948 2344 1077 2405 diluisse.
1120 2345 1228 2413 Nobis,
1241 2354 1307 2423 post

109 2438 335 2509 'I'heodoretuna‚
352 2440 444 2516 placet
465 2441 787 2501 sentireConstantiurn
798 2443 930 2520 precibus
952 2443 1145 2502 Romanarum
1168 2454 1307 2503 matrona·

108 2554 172 2596 rum
187 2536 307 2597 reditum
321 2538 476 2625 indulsisse
491 2540 618 2616 Liberis,
630 2541 708 2601 nulla
716 2540 780 2600 labe
798 2540 933 2601 admissa.
975 2541 1101 2603 concilii
1117 2543 1306 2602 Ariminensis

109 2645 171 2694 acta
185 2640 349 2695 anctoritate
366 2628 400 2696 Β.
417 2639 495 2696 Petri
511 2626 589 2697 irrita
603 2640 808 2716 pronuntiavit.
1287 2717 1292 2724 .

149 2737 198 2792 38.
221 2733 360 2792 Damasus
376 2754 392 2791 a
406 2734 430 2792 Ι.
446 2735 492 2792 515
507 2735 640 2794 Octobris
656 2740 715 2795 355
728 2753 780 2812 per
794 2755 884 2795 annos
899 2735 1071 2803 octodecim,
1085 2756 1199 2795 menses
1222 2729 1305 2806 dnos,

110 2831 172 2891 dics
187 2830 287 2888 decern
301 2831 386 2889 sedit.
429 2832 562 2892 Sclrisma
576 2832 700 2890 conflare
714 2831 823 2890 studuit
836 2831 988 2891 Ursicinus
1004 2832 1151 2900 diaconus,
1167 2834 1217 2907 qui
1237 2834 1308 2891 Gra·

110 2929 181 2987 tiani
208 2927 387 3004 imperatoris
415 2930 578 2988 auctoritate
606 2930 635 2988 in
664 2929 783 2989 exilium
805 2937 849 2986 est
869 2929 985 2987 missus.
1027 2932 1156 2996 Quatuor
1177 2930 1306 3008 synodos

110 3025 213 3085 1151555
226 3025 326 3084 555511
341 3026 494 3095 Damasus,
510 3038 538 3086 et
558 3027 672 3086 concilii
688 3026 996 3103 constantinopolitani
1007 3040 1086 3103 gesta
1100 3040 1199 3087 contra
1214 3029 1309 3087 Mace·

109 3121 230 3190 doniam
253 3124 391 3199 probavit.
434 3125 481 3183 Eo
496 3125 607 3183 favente
623 3125 655 3183 S.
674 3125 872 3202 Hieronymus
887 3134 1008 3191 ,veteres
1023 3125 1184 3201 Scripturas
1206 3125 1308 3184 Latine

110 3220 243 3287 reddidit,
259 3233 287 3280 et
311 3224 473 3309 versionem
499 3225 565 3282 novi
590 3224 768 3281 Testamenti
797 3222 968 3282 emendavit.
1010 3223 1174 3282 Concilium
1190 3225 1308 3298 Aquile-

106 3322 192 3398 jense
218 3339 293 3378 5555
309 3325 377 3389 381,
393 3341 428 3380 55
443 3321 535 3380 55555
557 3324 586 3381 15
608 3322 681 3380 vivis
703 3323 830 3382 habitum
848 3333 901 3380 est.
943 3321 1024 3381 Obiit
1044 3333 1157 3394 sanetus
1179 3322 1309 3399 pontifex

116 3423 153 3477 to
168 3417 337 3478 Decembris
354 3425 440 3497 384.x
520 3476 522 3481 .

153 3519 203 3579 39.
226 3519 358 3577 Srnrcms
374 3536 424 3595 per
438 3536 528 3576 55555
544 3517 690 3586 tredecim,
706 3536 819 3577 menses
840 3518 985 3587 undecim,
1000 3517 1061 3576 dies
1076 3519 1203 3592 quinque
1225 3518 1308 3578 sedit.

111 3619 242 3686 Quatnor
253 3615 366 3701 reliquit
379 3614 515 3691 epistolas
530 3614 625 3691 magni
647 3614 741 3691 pretii,
757 3614 860 3687 quibus
877 3624 956 3673 vetus
977 3615 1129 3693 disciplina
1151 3614 1311 3673 vindicatur

113 3726 142 3772 et
164 3713 247 3772 fides.

153 3816 202 3871 40.
225 3769 410 3869 Anasuasrus
426 3807 535 3866 55515
557 3807 726 3867 Decembris
747 3813 805 3868 398
831 3809 866 3869 55
893 3813 929 3868 14
955 3810 1126 3869 Decembris
1151 3828 1226 3867 anno
1252 3813 1308 3868 401

113 3908 200 3968 sedit.
242 3905 421 3983 Origenistas
436 3904 641 3964 tumultuantes
656 3906 803 3983 repressit.
881 3974 886 3988 .

621 4064 749 4123 Smcnno
777 4064 814 4124 V.

157 4231 207 4285 41.
222 4226 427 4285 1555555555
442 4223 466 4282 Ι.
480 4224 594 4282 natione
609 4224 792 4292 Albanensis,
807 4243 896 4284 annos
912 4225 1086 4298 quindecim,
1101 4242 1215 4283 menses
1230 4223 1314 4294 dnos,

113 4323 177 4382 dies
203 4322 304 4398 viginti
328 4320 412 4388 sedit,
428 4319 577 4378 defunctus
596 4323 631 4377 12
656 4320 754 4379 Martii
776 4324 847 4381 417.
890 4320 1021 4380 05551115
1041 4321 1267 4399 Carthaginense
1287 4335 1317 4383 et

114 4420 316 4480 Milevitanum
342 4430 439 4476 contra
463 4417 633 4494 Pelagianos
654 4418 821 4494 Apostolica
843 4418 964 4477 munivit
992 4420 1169 4487 auctoritate,
1184 4431 1213 4478 et
1235 4421 1315 4480 Pela·

115 4519 196 4594 glum
211 4514 437 4587 Caelestiumque
461 4514 615 4572 damnavit.
658 4515 735 4573 Eum
762 4515 916 4592 appellavit
934 4516 966 4574 S.
989 4516 1118 4575 Joaunes
1141 4516 1315 4596 chrysosto-

118 4632 195 4682 mus,
211 4613 245 4670 ab
257 4611 404 4688 episcopis
420 4611 447 4669 in
463 4611 578 4687 synodo
592 4610 719 4671 dictand
733 4611 881 4683 Quorsum
895 4613 1001 4691 injuste
1016 4613 1178 4674 damnatus.

157 4716 206 4770 42.
228 4710 370 4778 Zosnrus,
387 4708 499 4768 natione
516 4710 646 4781 Graecus,
663 4710 738 4770 adis
755 4715 791 4771 17
804 4711 902 4771 Μ5511
917 4711 1047 4789 ejusdem
1063 4716 1127 4772 anni
1139 4714 1172 4771 ad
1185 4712 1261 4771 diem
1278 4717 1318 4773 25
