2798 5092
147 343 204 401 ldd
402 336 460 401 Du
480 333 863 403 sscRAMENTORUM
885 332 1080 401 Numano..

187 502 236 559 16.
261 496 327 576 Odi.
343 501 371 557 6.
392 496 442 556 Ex
464 514 534 554 voce
560 494 729 553 sacramenti
747 512 831 567 quam
857 502 954 570 patres
974 493 1129 567 aliquando
1148 495 1344 573 campantda

146 598 210 657 aliis
224 607 327 674 prater
341 594 540 655 eucharistiam
554 603 583 651 et
596 593 769 671 baptismum
784 593 894 661 ritibus,
910 611 967 651 non
990 602 1083 670 potest
1103 594 1203 653 inserti
1224 613 1275 655 cos
1297 614 1343 655 sa·

146 693 298 753 oramentis
312 712 329 750 a
343 692 460 751 Christo
476 692 612 751 institutis
628 690 794 758 assenserit
816 700 927 749 conset
939 691 1016 749 enim
1032 708 1095 750 eam
1108 690 1249 751 latissime
1264 696 1342 754 sumi

146 812 199 871 pro
213 793 296 869 signo
311 790 438 864 quolibet
448 810 538 850 sacro.

184 888 274 966 Reop.
297 889 377 948 Voce
399 908 458 948 non
481 888 639 958 innitimur,
653 887 783 961 quamvis
805 906 858 945 sua
880 887 919 945 sit
943 888 970 946 ei
990 889 1054 958 vis3
1075 890 1236 975 praesertim
1250 908 1343 965 quum

146 987 246 1047 eodem
259 985 346 1051 veluti
361 987 463 1064 spiritu
478 986 619 1062 baptismo
637 997 665 1044 et
679 986 778 1043 ritibus
792 983 827 1043 de
842 985 947 1057 quibus
962 987 1082 1059 quaestio
1096 986 1345 1058 accommodatur,

146 1093 175 1144 et
187 1084 276 1162 gratia
289 1083 397 1142 dicatur
410 1083 632 1160 suscipientibus
647 1083 742 1141 tribui.
784 1083 834 1141 Ex
848 1093 908 1143 toto
921 1101 1054 1144 sermone
1068 1086 1173 1144 rituum
1188 1085 1344 1159 dequibus

146 1185 282 1259 quantur
296 1195 393 1242 natura
404 1194 433 1241 et
446 1183 490 1240 vis
503 1181 655 1259 colligitur.
733 1204 736 1211 ·

184 1288 234 1343 1⁷.
259 1281 326 1361 obj.
339 1287 368 1341 ⁷.
390 1280 475 1339 Lotio
488 1278 593 1356 pedum
608 1298 690 1353 eque
703 1278 761 1338 dici
775 1289 874 1357 posset
888 1291 1097 1341 sacramentum
1113 1301 1146 1340 ac
1161 1292 1267 1342 catara
1280 1302 1347 1358 qna

145 1381 286 1458 baptismo
302 1390 330 1437 et
342 1377 519 1437 eucharistia
533 1377 720 1454 adjiciuntur:
744 1397 811 1436 nam
819 1388 912 1454 patres
927 1379 1042 1438 samita
1052 1390 1174 1439 vocant:
1198 1390 1219 1419 ¹⁶
1230 1380 1346 1453 Andissl

145 1479 238 1553 inquit
251 1487 348 1536 auctor
360 1476 496 1535 librorum
518 1473 553 1533 de
568 1476 764 1544 sacramentis,
780 1485 799 1513 ‘⁴
812 1476 880 1550 quia
895 1477 1064 1553 mysterium
1079 1487 1123 1536 ast
1135 1488 1166 1536 et
1178 1479 1344 1538 sanctifica·

145 1579 204 1637 tio:
226 1575 313 1634 ‘Nisi
326 1574 422 1632 lavero
438 1572 490 1631 tibi
511 1573 610 1649 pedes,
625 1591 684 1632 non
699 1574 815 1632 habebis
831 1583 940 1650 partem
954 1573 1090 1633 mecum’
1103 1573 1138 1612 ”²
1177 1574 1347 1634 Bernardus

145 1671 230 1734 otiam
252 1671 286 1730 in
306 1687 388 1728 ooeno
405 1667 532 1730 Domini
542 1669 674 1742 loquens,
688 1670 744 1727 ait:
767 1678 788 1706 “
798 1668 844 1727 De
856 1670 945 1728 tribus
959 1669 1057 1742 itaque
1077 1672 1347 1745 sacramentisque

145 1767 215 1827 satis
235 1776 302 1826 sunt
315 1785 439 1844 congrua
452 1766 520 1824 huic
534 1766 666 1842 tempori,
689 1765 832 1842 baptismo
846 1766 991 1835 nimirum,
1006 1766 1178 1826 eucharistia
1189 1777 1220 1827 st
1233 1767 1347 1829 lotione

146 1863 264 1942 pedum,
279 1862 431 1922 dicendum
445 1854 550 1921 erit.‘’⁹'
1134 1942 1136 1949 y
1305 1920 1308 1926 ,

184 1961 274 2040 Roap.
296 1961 515 2038 Mysterium'in
529 1960 635 2019 lotione
649 1960 699 2018 illa
711 1961 799 2019 latere
814 1970 890 2021 recta
904 1961 989 2022 docet
1002 1963 1172 2022 venerabilis
1187 1963 1237 2023 ills
1251 1964 1345 2042 scrip·

146 2068 200 2127 tor,
215 2077 305 2133 quum
327 2057 434 2117 indicet
453 2058 577 2117 animam
602 2056 766 2116 necessarii
788 2077 806 2116 a
829 2056 948 2118 Christo
968 2058 1172 2129 mundandam,
1187 2071 1219 2120 ut
1232 2072 1346 2138 partem

146 2175 213 2217 cum
233 2157 299 2235 ipso
313 2156 425 2215 habeat.
466 2153 610 2213 Caeterum
626 2155 755 2230 agnoscit
779 2155 876 2213 varios
892 2173 957 2215 esse
981 2175 1076 2215 mores
1097 2157 1299 2218 Eoclesiasum
1312 2157 1352 2218 da

146 2256 253 2333 pedum
267 2254 386 2321 lotione,
406 2270 470 2326 quae
492 2251 613 2310 varietas
628 2251 664 2311 de
678 2262 856 2311 sacramento
870 2252 982 2313 admitti
1001 2273 1062 2314 non
1083 2266 1192 2333 posset.
1234 2265 1255 2295 ‘⁶
1267 2257 1352 2318 Onn-

145 2351 268 2412 suetudo
278 2368 342 2425 qua
352 2349 457 2408 rectius
469 2358 597 2408 miratur
609 2349 640 2408 in
654 2347 785 2409 Romana
797 2349 931 2409 Ecclesia
945 2350 981 2409 de
995 2351 1195 2430 nonllavandis
1209 2352 1350 2431 pedibus,

147 2451 179 2510 in
193 2448 405 2509 Mediolanensi
417 2447 560 2516 rEoclesia
584 2447 620 2505 de
645 2448 718 2524 ipsis
741 2448 872 2509 lavandis
893 2449 980 2508 stiam
1002 2460 1080 2510 recte
1098 2451 1270 2522 custoditur,
1285 2462 1360 2514 tuna

147 2554 263 2623 propter
276 2544 441 2620 exemplum
461 2542 571 2603 Christi
584 2552 614 2603 et
627 2543 715 2612 Petri,
730 2554 789 2603 turn
804 2556 836 2604 ut
855 2545 975 2623 gratiam
995 2548 1098 2607 virtute
1125 2547 1299 2608 humilitatis
1313 2559 1352 2621 at

148 2642 260 2703 Christi
271 2641 437 2700 imitationis
450 2641 608 2701 obtineat.”
650 2640 812 2700 Bernardus
825 2641 941 2702 licentia
954 2643 1076 2718 quadam
1091 2648 1236 2706 sermonis
1247 2648 1348 2717 utitor,

147 2739 284 2803 lotionem
300 2756 404 2799 vocans
426 2749 654 2807 sacramentumr
675 2738 726 2797 sed
752 2758 790 2799 ex
811 2752 946 2800 contextu
967 2761 1050 2810 mens
1070 2743 1135 2820 ejus
1163 2754 1251 2822 patet,
1278 2743 1352 2804 dicit

151 2837 231 2899 onim
243 2836 333 2895 multa
346 2854 410 2895 esse
424 2847 610 2905 sacramenta,
624 2835 747 2911 ideoque
761 2855 794 2895 se
804 2837 840 2896 de
855 2838 944 2899 tribus
957 2849 1064 2898 tastum
1081 2851 1148 2898 tunc
1159 2839 1348 2901 locuturum:

149 2941 170 2971 ‘⁶
180 2933 274 2993 Multa
283 2930 398 3006 quidam
407 2942 474 2991 sunt
486 2944 671 3002 sacramenta,
683 2944 712 2992 et
724 2933 883 2994 scrutandis
897 2936 1031 2995 omnibus
1042 2936 1113 2995 hora
1126 2954 1184 2996 non
1199 2936 1345 2998 sufficit.''

149 3032 292 3091 (laterum
313 3027 422 3088 videtur
434 3029 645 3089 confessionem
660 3049 717 3104 qua
737 3040 853 3108 peccata
872 3031 1032 3101 abluuntur,
1051 3032 1158 3092 lotione
1172 3033 1222 3092 illa
1236 3033 1348 3094 indica·

149 3141 205 3201 tam
219 3128 404 3196 intellexisse,
419 3147 486 3186 nam
507 3129 574 3195 citat
595 3129 680 3186 verba
700 3129 839 3189 loannis:
865 3137 885 3167 “
899 3130 932 3188 Si
953 3132 1188 3191 autemcont‘essi
1203 3132 1349 3193 suasimus

149 3237 264 3304 peccata
277 3236 383 3294 nostra,
398 3223 492 3284 fidelis
506 3225 588 3283 Deus
602 3226 708 3297 estqui
722 3227 845 3286 remittat
859 3227 943 3287 nobis
957 3237 1083 3305 peccata,
1099 3238 1127 3288 et
1141 3229 1280 3289 emundet
1294 3251 1349 3291 nos

149 3325 184 3383 ab
197 3325 277 3385 omni
291 3320 469 3395 iniquitate¹⁹
511 3319 623 3378 Deinde
646 3322 755 3398 pergit:
778 3323 887 3382 “Nam
908 3324 988 3383 utds
1015 3325 1187 3385 remissione
1212 3328 1356 3401 quotidia-

150 3437 252 3478 norum
276 3417 395 3481 minime
420 3416 592 3484 dubitemus,
605 3416 742 3477 habemns
763 3419 828 3495 ejus
853 3433 1073 3492 sacramentnm,
1088 3421 1197 3500 pedum
1222 3423 1351 3485 ablutio«

151 3517 250 3576 nem.”
1281 3538 1283 3542 ·

193 3617 238 3671 18.
264 3612 331 3691 obj.
346 3617 375 3673 8.
392 3613 556 3673 Graeoorum
573 3622 601 3671 et
614 3614 794 3674 orientalium
806 3617 959 3676 consensio
974 3617 1082 3677 Latinis
1093 3636 1152 3676 non
1163 3619 1350 3697 suffragatur,

151 3729 217 3770 nam
233 3711 383 3770 occasione
408 3710 547 3770 bellorum
572 3729 654 3769 cruce
679 3712 864 3788 signatorum,
890 3712 1059 3774 Latinorum
1084 3714 1191 3792 placita
1206 3716 1287 3793 apud
1300 3734 1357 3777 eos

151 3811 342 3878 obtinuerunt,
357 3810 486 3882 quamvis
500 3827 558 3867 non
572 3809 647 3886 apud
661 3829 772 3878 omnes,
788 3831 841 3870 nac
855 3812 932 3871 enim
945 3813 1030 3872 hodie
1044 3814 1079 3871 ab
1094 3815 1229 3874 omnibus
1243 3806 1367 3894 ag'nos·¹

152 3917 262 3975 cuntur,
278 3907 303 3965 si
317 3906 388 3964 tides
402 3908 440 3964 sit
453 3906 525 3984 ipsis
540 3906 698 3967 Catholicis
709 3909 908 3967 mirsinnariis.

189 4004 279 4084 Rern.
294 4004 344 4064 Ex
358 4003 476 4062 historia
489 4004 602 4063 illorum
616 4014 780 4080 temporum
793 4006 884 4080 liquet
896 4025 955 4081 quo
969 4007 1064 4066 studio
1073 4007 1171 4068 Graeci
1182 4010 1289 4088 placita
1300 4032 1355 4073 aaa
1387 4046 1390 4052 ·

151 4103 326 4171 retinuerint,
342 4109 371 4160 et
384 4121 447 4175 qum
462 4101 581 4162 Latinis
607 4103 731 4162 conflata
751 4106 790 4162 sit
808 4104 925 4164 invidia.
968 4107 1137 4167 Difficultas>
1150 4109 1261 4184 aliquid
1282 4113 1355 4172 novi

153 4203 227 4278 apud
241 4221 291 4261 eos
306 4200 460 4261 inducendi
485 4201 589 4259 rituum
613 4200 775 4261 diversitate
797 4215 878 4263 aucta
897 4214 951 4263 est.
993 4206 1135 4265 Praeterea
1149 4210 1357 4284 antiquissima

153 4319 252 4361 eorum
273 4301 452 4387 Euchologia
466 4310 494 4356 et
516 4296 687 4359 documenta
706 4303 803 4377 omnia
817 4310 956 4361 vetustam
971 4312 1107 4363 testamur
1120 4305 1218 4366 fidem.
1262 4308 1353 4378 Quod

589 4557 631 4622 (1)
650 4556 903 4608 Lindemann.

585 4640 629 4708 (2)
648 4642 727 4692 Sarna.
738 4643 766 4693 in
777 4657 848 4692 omna
859 4641 970 4693 Domini.
