2812 5092
101 359 159 415 tto
583 353 810 415 APPENDIX.

97 513 242 573 damnavit
264 512 384 573 Siriciua
405 514 509 590 Papa.²
557 511 697 590 capuana
720 511 851 590 synodus
873 521 972 573 conus
994 530 1064 572 eum
1085 511 1237 571 celebrata
1260 520 1302 569 est

97 629 172 671 anuo
186 612 254 669 389.

589 766 628 826 V.
651 767 790 828 Sarouon.

137 928 349 994 Viamarrrrua,
363 926 455 1004 patria
468 925 580 994 Gallus,
596 925 737 984 Ecclesiae
751 924 975 986 Barcinonensis
989 926 1154 1003 presbyter,
1170 925 1303 999 reliquia·

97 1044 161 1084 rum
175 1023 354 1101 impugnavit
368 1022 486 1089 cultum,
510 1033 529 1059 ‘⁶
540 1023 694 1080 cinerarios
709 1033 737 1079 et
757 1021 918 1081 idololatras
933 1022 1091 1099 appellans,
1107 1022 1160 1094 qui
1176 1030 1301 1079 mortno·

97 1139 160 1179 rum
176 1120 325 1179 hominum
340 1136 407 1176 ossa
422 1117 652 1185 venerarentur,’'
669 1129 808 1195 martyres
823 1137 875 1196 pro
890 1119 971 1178 nobis
985 1137 1042 1176 non
1063 1137 1159 1186 orare,
1177 1118 1300 1191 ideoque

97 1221 201 1280 frustra
221 1219 348 1277 invocari
368 1219 499 1285 asseruit,
527 1217 696 1294 virginitatis
720 1217 864 1285 meritum,
886 1229 914 1277 et
939 1216 1107 1276 olorinorum
1134 1217 1302 1277 coelibatum

99 1318 299 1396 impugnavit3
332 1316 443 1389 aliaque
469 1314 535 1373 fidei
559 1315 655 1372 minus
680 1332 807 1374 consona
829 1314 945 1384 docuit3
967 1333 1030 1388 quae
1058 1314 1160 1373 omnia
1189 1314 1300 1392 egregie

96 1416 201 1476 refellit
215 1416 247 1474 S.
264 1415 475 1492 Hieronymus.
875 1409 879 1419 '
1146 1422 1154 1437 ⁸

140 1515 305 1580 Passurus,
322 1511 479 1571 monachus
499 1510 599 1578 laicus,
614 1528 651 1567 ex
671 1508 820 1568 Britannia
838 1509 986 1578 oriundus,
1001 1508 1077 1568 idem
1098 1509 1154 1567 sub
1177 1522 1301 1585 tempus,

99 1633 176 1673 anuo
196 1611 306 1669 scilicet
329 1613 398 1674 404,
422 1628 506 1685 prava
527 1608 659 1685 dogmata
680 1627 814 1685 spargere
840 1598 938 1684 caepit,
959 1618 1111 1685 postquam
1140 1605 1254 1685 ingenii
1277 1618 1303 1664 et

100 1711 255 1771 sanctitatis
270 1709 326 1766 sibi
346 1717 559 1784 comparaverat
577 1706 692 1764 sarnam.
734 1706 772 1764 Ei
794 1725 893 1765 comes
914 1705 1062 1784 adjunctus
1084 1715 1129 1763 est
1144 1705 1296 1771 celestius

100 1805 258 1867 monachus
269 1805 375 1862 incerta
384 1804 482 1881 patria,
492 1802 552 1876 qui,
563 1813 761 1879 posterrorum
771 1820 888 1861 suorum
900 1803 930 1859 in
940 1802 1064 1860 concilio
1073 1801 1296 1879 Carthaginensi

100 1902 222 1970 l.,anno
231 1905 300 1969 412,
310 1900 532 1967 damnationem,
542 1899 572 1957 in
584 1899 681 1957 Asiam
694 1916 725 1955 se
737 1898 896 1966 conserens,
908 1898 943 1956 ad
953 1897 1147 1957 sacerdotium
1158 1899 1294 1975 obrepsit

100 1997 269 2058 Docuerunt
283 1996 406 2054 “Adam
421 1996 569 2055 mortalem
590 1995 705 2062 factum,
721 1995 771 2067 qui
782 1995 843 2052 sive
855 2004 997 2072 peccaret,
1012 1995 1074 2051 sive
1085 2006 1293 2071 nonpeccaret,

101 2098 203 2157 fuisset
225 2097 400 2162 moriturus;
421 2104 569 2171 peccatum
594 2092 665 2150 Ado
691 2093 785 2170 ipsum
807 2092 900 2151 solum
926 2092 1047 2158 lesisse,
1072 2103 1101 2150 et
1127 2110 1187 2151 non
1212 2111 1299 2170 genus

102 2195 274 2260 humanum
297 2192 418 2250 infantes
434 2193 482 2265 qui
497 2205 650 2250 nascuntur
664 2192 694 2248 in
708 2209 743 2249 eo
757 2200 831 2248 statu
846 2209 920 2258 esse,
936 2191 966 2248 in
980 2209 1038 2263 quo
1052 2189 1148 2248 Adam
1168 2190 1223 2249 luit
1242 2201 1299 2249 ante

102 2291 386 2370 praevaricationem
406 2308 499 2362 neque
525 2307 576 2366 per
600 2299 720 2347 mortem
744 2287 814 2346 nde
829 2307 915 2347 omne
934 2306 1025 2365 genus
1045 2288 1201 2348 hominum
1222 2288 1299 2355 mori,

104 2390 277 2464 quiaoeque
302 2404 355 2462 per
373 2387 610 2444 resurrectionem
629 2385 739 2443 Christi
764 2403 851 2444 omne
874 2403 965 2462 genus
989 2385 1142 2443 hominum
1163 2385 1300 2463 resurgitt

103 2484 237 2551 infantes,
247 2482 359 2540 etiamsi
369 2500 426 2539 nou
435 2481 624 2557 baptizentur,
635 2481 780 2539 habituros
793 2481 877 2539 vitam
887 2480 1053 2538 aeternam.”
1097 2491 1119 2518 “
1133 2480 1301 2541 Promittant

104 2581 181 2647 eis,”
195 2580 288 2653 inquit
301 2579 478 2654 Augustinus
500 2586 609 2636 “extra
623 2596 741 2654 regnum
757 2577 872 2651 quidem
895 2577 962 2647 Dei,
977 2577 1027 2636 sed
1054 2590 1151 2638 tamen
1173 2592 1301 2640 artemam

104 2689 135 2737 et
147 2679 257 2737 beatam
268 2675 408 2751 quandam
422 2677 508 2734 vitam
515 2673 645 2734 suam.”¹'
685 2675 792 2735 Docuit
803 2676 887 2734 etiam
899 2676 1045 2752 Pelagius,
1057 2685 1132 2734 teste
1145 2677 1300 2755 Augustino

106 2786 284 2854 “peccatum
311 2792 370 2833 non
397 2769 525 2852 potuisse
552 2774 708 2832 humanam
734 2772 892 2842 debilitare,
921 2775 965 2832 vel
992 2783 1100 2832 mutare
1126 2774 1299 2835 naturam.'’³

107 2875 267 2932 “Virtutes
288 2872 391 2947 quibus
416 2881 492 2930 recte
516 2871 631 2939 vivitur,
657 2880 762 2929 naturae
787 2871 983 2945 voluntatique
1004 2871 1149 2940 humanae,
1171 2891 1233 2932 uon
1252 2872 1301 2932 Dei

106 2966 226 3049 gratiae”
248 2968 408 3027 tribuebant
420 2967 578 3044 Pelagiani.
621 2965 707 3025 “Dei
722 2968 817 3044 gratiae
839 2968 868 3025 in
889 2978 997 3027 tanturn
1020 2969 1131 3028 inimici
1148 2969 1263 3030 fuorunt
1274 2979 1302 3028 ut

107 3068 170 3127 sine
185 3067 238 3125 hac
252 3084 338 3143 posse
349 3065 497 3124 hominem
506 3063 653 3123 crederent
664 3063 755 3122 lacere
767 3066 864 3123 omnia
874 3065 970 3124 divina
979 3065 1145 3125 mandata.”
1178 3068 1300 3127 Gratiam

106 3165 224 3225 nomine
239 3174 321 3223 tenus
336 3161 526 3230 admittentes,
541 3160 660 3220 liberum
676 3161 821 3221 arbitrium
833 3174 862 3220 et
875 3175 980 3221 nature
994 3161 1075 3221 dotes
1089 3164 1301 3244 intelligebantt

108 3262 160 3322 sed
174 3272 274 3339 postea
287 3271 404 3318 externa
418 3259 524 3317 auxilia
537 3258 757 3335 predicationis,
772 3269 801 3318 st
814 3260 900 3318 etiarn
920 3261 1063 3319 interioris
1083 3261 1207 3322 luminis
1221 3280 1300 3339 opem

106 3361 266 3420 fatebantur
289 3356 324 3415 ad
356 3356 476 3415 salutem
513 3354 725 3429 quodammodo
746 3357 864 3430 requiri,
890 3359 960 3430 quin
981 3367 1075 3417 umen
1104 3359 1260 3420 voluntatis
1287 3380 1301 3417 a

107 3459 172 3518 Deo
194 3457 349 3517 motionem
374 3472 499 3528 uuquam
521 3455 712 3532 agnoverint⁴
765 3456 861 3532 Ipsam
883 3457 986 3516 mentis
1007 3456 1229 3519 illustrationem
1254 3476 1300 3537 pro

107 3555 212 3616 uostris
240 3553 349 3613 meritis
378 3547 469 3610 tribui
489 3552 707 3611 contendebant.
762 3554 870 3613 Praeter
895 3554 1049 3614 concilium
1074 3554 1299 3636 carthaginense

108 3651 240 3730 superius
269 3649 422 3717 laudatum,
450 3649 604 3708 concilium
633 3649 864 3726 Diospolitanum
887 3650 1058 3720 Palaestinae,
1091 3656 1129 3709 14
1158 3655 1301 3730 episcopis

109 3758 255 3813 constans,
270 3745 402 3804 haeresim
428 3745 538 3823 Pelagii
552 3744 706 3816 damnavit,
722 3747 853 3818 quamvis
878 3747 972 3824 ipsum
994 3747 1146 3808 innoxium
1169 3748 1303 3817 habuerit,

108 3847 176 3906 dolo
198 3844 261 3922 ejus
289 3841 449 3920 deceptum.
490 3846 576 3901 Anno
600 3846 669 3910 416,
694 3846 731 3901 68
755 3844 885 3921 episcopi
900 3834 1074 3922 Carthagine
1089 3848 1301 3915 convenientes,

108 3943 307 4005 Innocentium
338 3939 502 4017 pontificem
540 3941 671 4000 obtestati
699 3951 775 4009 sunt,
803 3953 834 4000 ut
861 3943 1024 4002 auctoritate
1052 3963 1106 4002 sua
1135 3945 1302 4023 gliscentem

108 4042 241 4102 heresim
261 4037 438 4115 reprimeret.
477 4036 521 4096 lta
548 4038 633 4096 etiam
656 4056 688 4096 ae
710 4049 860 4116 gesserunt
881 4043 916 4098 61
940 4041 1072 4119 episcopi
1093 4041 1201 4103 eodem
1221 4063 1301 4112 anno,

107 4141 219 4208 Milevi,
235 4133 380 4196 Numidia
401 4134 480 4203 urbe,
502 4134 615 4212 synodo
636 4146 742 4195 coacta.
784 4135 867 4196 Votis
888 4155 987 4196 eorum
1008 4158 1137 4199 annuens
1160 4143 1299 4220 pontifex,

304 4329 348 4396 (1)
367 4326 416 4394 Ep.
428 4326 460 4378 ad
471 4327 595 4394 Anyaium
606 4335 631 4380 et
640 4337 740 4382 autema
750 4331 877 4400 episcopos
887 4346 930 4398 per
945 4330 1081 4398 Illyricum·

305 4415 349 4481 (2)
368 4411 399 4462 L.
410 4413 508 4465 debers.
519 4430 540 4464 c.
551 4414 664 4464 lxxxviii.

195 4514 197 4518 ³
305 4500 349 4566 (³)
368 4497 400 4550 Ii.
411 4499 441 4549 de
451 4506 496 4550 nat
506 4505 531 4550 et
540 4500 619 4562 gratia
629 4515 651 4550 o.
662 4500 715 4552 xix.

305 4585 882 4652 (4)Aug·l.dsgratia0hriatic.rii.x.xiii.
921 4593 949 4666 u‘
