2798 5092
89 350 150 407 nou
503 340 560 403 DE
578 338 865 401 Punuamnw.

88 504 156 565 erali
169 501 439 563 commemoratione
450 500 578 578 smoepit
586 497 765 559 notoriam
805 498 847 558 Et
861 506 881 537 ⁸⁴
894 498 1079 559 Orationibus
1093 516 1164 558 raro
1176 510 1281 559 muctar

90 600 241 667 Ecclesioe,
256 609 286 658 ot
298 597 439 657 sacrificio
459 596 584 665 salutari,
598 605 629 655 et
649 595 844 672 eleemosynis
866 613 929 669 qum
953 613 1006 672 pro
1020 596 1120 654 coru'm
1134 595 1282 673 spiritibus

90 704 251 775 erogantur,
266 714 324 755 non
338 705 382 754 est
395 692 580 753 dubitandum
594 703 722 753 mortuos
733 692 879 770 adjuvari:
897 701 928 750 ut
938 711 1003 751 curn
1013 693 1056 751 eis
1068 691 1283 755 misericordius

90 807 188 874 agatur
200 815 217 853 a
231 793 368 861 Domino,
383 811 470 868 quarn
483 809 582 852 sorum
598 801 714 869 peccata
733 801 907 850 meruerunt.
949 789 1017 850 Hoc
1032 792 1110 850 enim
1124 810 1142 848 a
1156 791 1284 869 patribus

91 894 222 953 traditum
237 891 371 950 nriirersa
384 892 516 950 observat
530 890 672 958 Ecclesia,
684 899 715 949 ut
727 906 780 968 pro
793 890 836 947 eis
850 890 899 962 qui
914 890 943 948 in
955 890 1084 966 corporis
1097 888 1285 967 etsangninis

92 989 203 1050 Christi
226 988 429 1048 communione
450 986 576 1047 defuncti
600 999 677 1056 sunt,
701 985 827 1045 eumad
850 987 944 1062 ipsum
965 986 1137 1045 sacrificium
1152 986 1219 1046 loeo
1233 1003 1285 1045 sno

92 1097 360 1152 commemorantur,
370 1097 476 1154 oretur,
488 1103 521 1143 sc
532 1103 584 1162 pro
598 1084 655 1143 illis
667 1102 782 1158 quoque
793 1084 820 1143 id
831 1082 926 1143 offerri
937 1095 1187 1143 commemoretur.
1210 1083 1286 1144 Cum

93 1202 160 1243 vero
172 1201 272 1242 eorum
286 1181 577 1242 commendandorum
592 1200 678 1240 causa
694 1199 781 1259 opera
803 1181 1004 1240 misericordias
1018 1181 1207 1249 celebrantur,
1223 1181 1288 1255 quis

92 1284 135 1341 cis
149 1281 258 1341 dubitet
271 1280 421 1359 suffragan
436 1299 487 1357 pro
509 1280 613 1353 quibus
633 1282 775 1339 orationes
787 1279 862 1341 ¹Deo
884 1299 941 1339 non
964 1267 1085 1339 inaniter
1108 1278 1288 1358 allegantur?

93 1378 163 1439 Non
176 1378 295 1439 omnino
308 1376 511 1456 ambigendum
526 1387 570 1436 est
582 1378 640 1436 ista
663 1377 800 1455 prodesse
813 1377 965 1447 defunctis,
980 1377 1031 1437 sed
1051 1377 1155 1436 talibus
1177 1378 1230 1451 qui
1251 1378 1289 1436 ita

93 1478 225 1536 vixerunt
237 1487 300 1534 ante
313 1487 445 1542 mortem,
458 1485 489 1533 nt
503 1475 614 1552 possint
627 1475 670 1534 eis
685 1474 746 1534 haec
761 1476 839 1534 utilia
853 1495 917 1534 esse
928 1487 995 1553 post
1008 1474 1178 1535 mortem·”¹

134 1578 184 1631 40.
212 1573 348 1632 lsrnonus
375 1572 593 1632 Hrsannnrssrs:
626 1572 835 1631 “Sacrificium
860 1591 912 1649 pro
937 1571 1133 1631 defunctorum
1161 1572 1289 1633 fidelium

94 1672 193 1744 requie
207 1670 314 1738 offerri,
331 1670 373 1728 rel
400 1690 452 1748 pro
476 1670 519 1729 eis
544 1688 635 1739 orare,
650 1671 717 1744 quia
743 1688 793 1746 per
814 1680 902 1729 toturn
926 1668 980 1728 hoc
1001 1671 1099 1729 orbem
1120 1671 1289 1738 custoditor,

94 1766 238 1826 credimus
254 1765 331 1839 quod
345 1768 380 1824 ab
394 1766 465 1843 ipsis
480 1766 626 1843 Apostolis
641 1765 773 1849 traditum
788 1767 834 1825 sit.
858 1766 925 1825 Hoc
934 1767 1012 1825 enim
1024 1766 1130 1839 ubique
1140 1765 1291 1825 Catholica

95 1873 174 1923 tonet
186 1863 320 1922 Ecclesia
330 1880 351 1931 ς·
361 1882 424 1937 quae
446 1864 502 1922 nisi
517 1863 644 1922 crederet
656 1863 788 1922 fidelibus
802 1863 944 1922 defunctis
966 1864 1069 1922 dimitti
1089 1876 1219 1941 peccata,
1234 1882 1292 1922 non

95 1980 148 2038 pro
162 1979 261 2020 eorum
273 1959 419 2039 spiritibus
434 1959 481 2019 rel
494 1960 708 2038 eleemosynam
723 1960 836 2029 faceret,
850 1961 894 2018 rel
903 1960 967 2020 Deo
981 1961 1155 2020 sacrificium
1166 1961 1291 2021 offerret.

100 2058 177 2116 Nam
188 2068 291 2117 etcum
307 2057 450 2118 Dominus
465 2058 534 2117 dicit
547 2059 646 2136 (Mart
664 2057 725 2137 12.)
747 2059 821 2126 ‘Qui
835 2060 994 2136 peccaverit
1007 2060 1036 2118 in
1051 2060 1195 2138 Spiritum
1207 2061 1294 2119 Sanc·

96 2164 168 2222 tum.
183 2172 242 2213 non
257 2154 414 2212 remittetur
428 2155 456 2212 ei
469 2173 563 2228 neque
577 2156 606 2213 in
621 2155 677 2214 hoo
696 2156 812 2222 seculo,
828 2174 921 2229 neque
942 2156 971 2215 in
986 2155 1101 2223 luturo‚’
1116 2155 1293 2216 demonstrat

4 2262 9 2277 ·
98 2248 268 2323 quibusdam
281 2249 343 2307 illic
356 2249 522 2309 dimittenda
537 2261 661 2327 peccata,
674 2262 703 2311 et
712 2253 836 2326 quodam
848 2253 1012 2330 purgatorio
1025 2253 1091 2330 igne
1101 2250 1295 2330 probands.’''

136 2345 291 2404 Probatur
306 2343 367 2405 III.
383 2364 419 2404 ec
433 2345 575 2406 cenobiis.

140 2446 190 2501 41.
214 2441 386 2502 Conamen
402 2443 662 2504 Cannnaonuarrsn
679 2447 732 2505 111.
748 2448 893 2507 decrevit:
916 2458 936 2486 ‘⁸
947 2448 987 2507 Ut
1008 2457 1188 2507 sacramenta
1201 2448 1294 2507 altaris

99 2539 215 2598 nonnisi
230 2540 367 2618 ajcjnnis
383 2541 547 2600 hominibus
561 2542 747 2612 celebrentur,
759 2561 881 2623 excepto
895 2565 953 2604 uno
964 2546 1010 2604 die
1024 2546 1230 2616 anniversario,
1239 2564 1295 2621 quo

101 2652 183 2693 coena
201 2634 321 2694 Domini
343 2634 509 2695 celebratur.
551 2636 629 2697 Nam
650 2639 677 2696 si
697 2640 858 2714 aliquorum
879 2643 1075 2720 pomeridiano
1094 2652 1224 2718 tempore
1248 2642 1295 2701 do·

100 2731 340 2800 iunctorum‚sive
350 2733 562 2810 episcoporum,
578 2754 628 2794 seu
640 2737 820 2809 clericorum,
831 2741 893 2799 sive
903 2729 1068 2799 caeterorum
1084 2740 1295 2801 commendatio

101 2827 230 2888 facienda
243 2842 297 2893 est.
317 2830 387 2888 solis
399 2831 573 2892 orationibus
588 2834 647 2903 fiat,
664 2835 690 2893 si
703 2834 746 2893 illi
760 2837 809 2910 qui
831 2839 946 2907 faciunt,
959 2839 1018 2915 jam
1035 2839 1130 2915 pransi
1150 2839 1297 2898 invenian-

102 2925 195 2984 tur.”⁴
235 2925 495 2991 Gannnsornnnsn
510 2929 563 2990 IV.
577 2951 585 2989 r
609 2941 629 2969 “
641 2931 817 2993 Poenitentes
842 2936 890 3008 qni
912 2948 1015 2993 attente
1030 2935 1108 3013 leges
1122 2937 1297 3012 penitentie

102 3034 291 3096 exequuntur,
306 3024 331 3081 si
344 3043 411 3082 casu
426 3024 456 3084 in
470 3025 580 3097 itinere,
596 3027 641 3086 vel
656 3029 684 3087 in
698 3030 770 3088 mari
784 3031 888 3089 mortui
902 3030 1016 3099 suerint,
1031 3031 1080 3090 ubi
1094 3031 1138 3090 eis
1152 3031 1297 3092 subreniri

15 3181 25 3209 a
102 3138 159 3180 non
175 3120 275 3196 possit,
291 3120 429 3179 memoria
439 3140 537 3181 eornm
552 3138 581 3181 et
594 3126 769 3185 orauonibus
781 3139 810 3185 et
825 3127 1015 3186 oblationibus
1032 3126 1296 3188 commendetur.”⁵

143 3215 297 3276 Probatur
311 3215 367 3276 IV.
383 3235 420 3277 cc
431 3216 580 3297 liturgiis.

143 3316 192 3371 32.
215 3312 325 3372 Omnes
346 3313 466 3391 liturgia
488 3315 693 3389 antiquissimas
714 3320 861 3379 continent
883 3322 983 3399 preces
1011 3339 1064 3398 pro
1091 3321 1237 3382 defunctis
1264 3340 1299 3382 eo

106 3408 225 3467 directas
237 3419 269 3467 ut
283 3409 387 3482 quietis
401 3408 555 3487 gaudiique
568 3411 648 3473 locus
664 3416 699 3473 iis
714 3417 897 3476 obtineatur.⁸
920 3416 994 3476 Herc
1008 3419 1186 3478 consuetudo
1203 3420 1300 3479 orandi

106 3523 158 3581 pro
173 3505 323 3575 defunctis,
339 3525 402 3581 quae
417 3509 451 3566 ab
463 3510 667 3585 Apostolorum
680 3523 760 3572 estate
775 3515 900 3593 riguisse
916 3497 1052 3585 noscitur,
1066 3516 1168 3594 probat
1182 3517 1212 3576 id
1227 3536 1301 3577 seru·

105 3615 157 3676 per
171 3601 302 3660 omnibus
317 3621 486 3679 persuasum
500 3603 589 3664 fuisse
613 3626 652 3666 ex
678 3609 1046 3686 Apostolorum-doctrina:
1069 3630 1134 3670 esse
1158 3612 1299 3686 quendam

106 3693 263 3754 animarum
278 3707 392 3767 statum,
418 3699 447 3757 in
474 3717 532 3772 quo
555 3721 655 3780 preces
678 3705 833 3767 viventium
857 3709 893 3767 iis
918 3706 1053 3785 valeant„
1079 3706 1188 3782 Liquet
1207 3725 1303 3769 antem

144 3854 186 3920 (1)
206 3852 236 3902 L.
248 3852 278 3903 de
287 3869 346 3905 curs
356 3870 400 3920 pro
408 3858 510 3909 mortuis
521 3876 542 3910 c.
553 3860 586 3911 iv.

138 3941 178 4002 (2)
197 3938 276 3989 Serui.
287 3937 369 3991 mii.
378 3940 409 3991 de
416 3943 496 3994 verbis
507 3945 627 4010 Apostoli.

139 4023 588 4090 (s)n.r.s00ffiann0c.0.1nn.
679 4010 682 4017 ’

141 4111 183 4176 (4)
203 4110 267 4161 Gan.
278 4111 348 4162 xxix.

139 4196 181 4262 (s)
203 4196 265 4247 can.
280 4199 359 4248 nxtx.
900 4261 904 4265 .

138 4281 180 4346 (6)
203 4282 264 4334 Vide
275 4282 330 4336 vot.
341 4283 376 4334 iii.
387 4283 469 4334 Trsct.
480 4284 511 4334 de
522 4285 678 4336 Eucharistis
688 4303 710 4337 c.
730 4288 755 4338 ii.
767 4306 791 4339 n.
803 4292 844 4339 84.
878 4298 893 4321 ⁴‘
902 4289 948 4341 Let
959 4290 979 4341 it
989 4293 1019 4341 bo
1038 4293 1180 4344 recollseted
1199 4294 1253 4344 thet
1270 4310 1311 4344 we

108 4379 148 4413 are
158 4373 202 4415 not
219 4367 346 4434 disputing
357 4369 399 4420 the
409 4369 533 4420 existence
551 4371 579 4421 in
588 4371 629 4421 the
641 4372 724 4423 Ritual
742 4375 770 4424 os
783 4375 824 4424 the
837 4375 947 4437 Ohnrch,
957 4377 986 4427 of
999 4378 1041 4428 the
1051 4386 1148 4429 custom
1160 4379 1190 4429 os
1200 4381 1311 4447 prsying

105 4449 143 4498 sor
153 4450 194 4500 the
202 4452 287 4503 dead.’'
322 4455 414 4505 Oxford
427 4455 522 4515 Tracta,
533 4456 583 4506 No.
596 4460 671 4532 ⁷94¹·
683 4461 724 4509 20.
752 4460 831 4510 “The
843 4459 965 4513 universal
978 4463 1180 4532 andspparsnuy
1194 4466 1311 4533 apostoli-

109 4534 146 4584 cal
157 4542 252 4588 custom
263 4538 292 4586 os
302 4540 407 4604 praying
417 4541 455 4590 for
466 4541 507 4591 the
518 4541 578 4591 dead
590 4541 621 4619 in
628 4543 718 4594 Christ.
752 4544 844 4596 Ibidem
855 4562 879 4611 p.
891 4549 931 4596 et.
1032 4612 1039 4619 Δ,
