2798 5092
131 364 172 422 ⁹0
392 358 450 421 DE
471 352 783 420 ORDIN-ATIONIS
803 358 1081 469 sentinemus,

613 1073 754 1134 CAPUT
777 1073 863 1133 XIV.

145 1318 158 1351 θ
344 1310 401 1363 DE
437 1309 791 1362 ORDINATIONIS
823 1309 1142 1363 BFFEOTIBUS.

177 1529 246 1584 213.
271 1524 424 1584 Vindicato
438 1544 520 1583 sacro
535 1525 678 1594 coelibatn,
693 1544 757 1599 quae
772 1523 807 1583 de
822 1524 923 1584 ordine
937 1524 1065 1586 diximus
1080 1527 1248 1587 summatim
1263 1545 1349 1605 repe·

138 1630 198 1681 tere
217 1623 310 1700 juvat,
327 1638 481 1698 antequam
507 1636 653 1683 tractatum
672 1623 848 1683 claudamus.
891 1624 986 1683 Sacrae
1008 1625 1197 1686 ordinationis
1223 1624 1350 1684 effectus

138 1736 177 1778 ex
191 1718 356 1797 disceptatis
373 1721 559 1800 colliguntur.
589 1720 746 1798 imprimis,
761 1740 870 1790 καρισμα
883 1720 1024 1790 tribuitur,
1040 1720 1276 1794 donnmscilicet
1289 1741 1350 1795 quo

141 1829 271 1895 potestas
287 1817 321 1876 ad
337 1837 417 1876 sacra
431 1817 562 1878 obeunda
577 1817 676 1876 munia
689 1816 780 1886 datur,
793 1828 821 1875 et
835 1816 931 1875 anima
944 1817 976 1876 fit
992 1818 1056 1878 Deo
1070 1820 1224 1901 acceptior.
1269 1817 1351 1877 Hinc

140 1927 271 1993 precatur
286 1916 440 1994 episcopus
460 1917 545 1994 juxta
566 1915 782 1992 EuchoIogium
799 1915 953 1976 Graecum:
972 1927 991 1954 0‘
1005 1936 1092 1990 quem
1116 1917 1167 1976 tibi
1182 1917 1350 1994 presbyteri

138 2011 257 2091 gradum
281 2014 376 2072 subire
399 2012 581 2091 complacuit,
604 2011 681 2071 dono
705 2013 804 2071 Sancti
827 2013 869 2072 tni
899 2015 1024 2092 Spiritus
1052 2013 1212 2092 adimpie.”
1255 2013 1351 2073 Juxta

140 2112 311 2172 Pontificale
331 2113 495 2172 Romanum
519 2110 609 2170 dicit:
652 2110 780 2188 “Super
803 2111 858 2170 hos
883 2111 1006 2171 famulos
1028 2124 1093 2171 tuos
1115 2108 1349 2172 benedictionem

138 2206 237 2266 Sancti
259 2207 383 2285 Spiritus
401 2219 429 2266 et
449 2207 546 2285 gratie
568 2205 752 2265 sacerdotalis
775 2205 894 2266 iniunde
921 2208 1085 2267 virtutem.”
1129 2207 1226 2268 Verba
1247 2223 1350 2267 autem

139 2303 273 2382 Apostoli
288 2304 486 2380 interpretatur
501 2303 533 2361 S.
548 2303 678 2361 ioannes
701 2302 932 2381 chrysostomus
948 2325 956 2364 r
978 2305 1132 2382 “gratiam
1154 2324 1241 2379 quam
1266 2306 1353 2364 acce&

140 2401 208 2479 pisti
223 2399 257 2459 ad
274 2400 414 2459 Ecclesiae
435 2400 653 2468 institutionem,
669 2412 698 2459 et
711 2400 744 2459 ad
766 2420 852 2460 omne
867 2403 1014 2480 religionis
1036 2403 1221 2476 obsequium,
1237 2403 1351 2481 quippe

140 2499 214 2557 hanc
230 2497 274 2569 vei
289 2499 423 2565 excitare,
435 2486 484 2556 ¹vel
505 2500 673 2574 extinguere
688 2499 716 2556 in
733 2498 816 2556 nobis
837 2501 927 2558 est.”¹
968 2500 1050 2563 Hine
1060 2501 1092 2559 S.
1108 2501 1242 2561 'l'homas
1259 2501 1353 2575 riqui-

139 2613 193 2654 nas
216 2592 348 2652 adnotat:
373 2591 448 2652 “hd
475 2593 607 2652 idoneam
634 2598 835 2655 executionem
858 2598 990 2657 ordinum
1018 2617 1076 2656 non
1101 2597 1210 2656 sufficit
1231 2596 1350 2657 bonitas

141 2691 381 2766 qualiscumque;
403 2690 454 2750 sed
476 2689 629 2764 requiritur
650 2692 761 2751 bonitas
776 2694 942 2756 excellens:
959 2707 990 2754 ut
1004 2694 1078 2753 sicut
1094 2692 1139 2752 itit
1150 2694 1199 2768 qui
1215 2692 1350 2752 ordinem

141 2791 304 2867 suscipiunt
317 2809 404 2867 super
419 2791 531 2866 plebem
547 2790 758 2849 constituuntur
771 2791 858 2868 gradu
873 2793 992 2860 ordinis;
1009 2793 1047 2851 ita
1061 2806 1091 2851 et
1104 2792 1271 2869 superiores
1287 2792 1350 2851 sint

141 2888 243 2946 merito
257 2889 432 2945 sanctitatis:
449 2898 477 2947 et
489 2888 554 2946 ideo
569 2887 753 2966 praeexigitur
765 2890 865 2967 gratia,
879 2909 944 2964 quae
966 2888 1128 2947 sufficiebat
1141 2887 1177 2946 ad
1191 2887 1248 2946 hoo
1271 2887 1352 2962 quod

142 2983 229 3063 digne
243 2999 516 3045 connumerarentur
528 2986 555 3044 in
572 2986 654 3063 plebe
667 2986 796 3044 Christi:
813 2986 863 3044 sed
876 2987 1026 3050 consertor.
1035 2987 1064 3044 in
1080 2986 1145 3064 ipsa
1163 2986 1353 3062 susceptione

142 3081 251 3141 ordinis
266 3084 390 3160 amplius
405 3085 500 3162 gratias
517 3102 631 3149 munus,
648 3103 698 3159 per
712 3085 788 3157 quod
805 3084 839 3142 ad
857 3085 964 3162 majora
980 3082 1132 3142 reddantur
1147 3082 1298 3141 idonei.”¹

180 3185 263 3240 214..
274 3181 477 3241 characterem
500 3200 615 3254 quoque
631 3182 756 3258 imprimi
773 3201 810 3240 ex
825 3202 860 3240 eo
876 3183 973 3260 colligi
989 3193 1084 3261 potest
1098 3181 1173 3255 quod
1189 3182 1352 3259 Apostolus

141 3279 286 3337 charisma
300 3278 368 3336 iliud
385 3278 414 3336 in
429 3277 586 3335 Timotheo
599 3296 713 3335 manere
729 3278 813 3336 dicat.
856 3280 1002 3354 Equidem
1019 3299 1055 3338 ex
1071 3272 1355 3356 Augustino'didici·

142 3395 207 3436 mus
221 3378 394 3455 baptismum
409 3388 437 3435 et
456 3375 584 3434 ordinem
600 3395 634 3433 ea
650 3377 756 3433 ratione
771 3378 936 3446 convenire,
951 3388 983 3435 ut
1003 3388 1104 3436 neuter
1125 3377 1240 3454 penitus
1255 3379 1351 3437 amitti

142 3475 245 3552 possit.
287 3474 365 3534 Hinc
381 3473 706 3552 perpetuaconsuetudo
718 3474 859 3533 Ecclesiae·
875 3475 928 3533 fnit
942 3494 1100 3548 numquam
1115 3475 1217 3533 iterare
1233 3475 1354 3534 ordines

142 3572 233 3630 semel
248 3571 339 3640 datos3
356 3571 500 3630 ordinatos
516 3571 601 3629 etiam
616 3573 650 3629 ab
666 3571 807 3629 haereticis
823 3582 852 3630 et
865 3573 1057 3631 schismaticis
1071 3572 1244 3649 prenitentes
1260 3572 1356 3631 susci·

143 3684 222 3744 pere,
237 3667 345 3740 absque
371 3686 446 3725 nova
468 3666 657 3732 ordinatione,
680 3669 811 3740 quamvis
839 3667 992 3742 aliqnando
1015 3669 1085 3726 ritus
1108 3666 1186 3725 hand
1207 3667 1353 3726 absimilis

142 3777 335 3842 perageretur,
350 3775 382 3823 ut
395 3765 528 3823 omnibns
545 3776 653 3841 pateret
665 3764 806 3823 Ecclesiae
819 3757 1050 3841 auctoriffl'eos
1062 3767 1091 3823 in
1106 3777 1255 3840 posterum
1272 3784 1357 3824 saera

143 3863 395 3922 obiturosmnnia.
433 3863 540 3920 Merito
555 3863 640 3940 igitur
650 3864 813 3921 Tridentini
830 3828 1115 3953 pahffffilathemate
1128 3863 1272 3939 percussit
1285 3882 1356 3923 eum

143 3961 193 4036 qni
207 3961 312 4018 dixerit
326 3979 363 4018 ex
384 3958 531 4017 sacerdote
546 3960 649 4018 laicum
665 3960 727 4018 fieri
750 3979 855 4037 posss;
871 3946 992 4041 id'e'him
1017 3972 1155 4037 perpetuo
1171 3958 1285 4018 Christi
1308 3979 1354 4019 sa-

143 4058 280 4126 cerdotio,
296 4057 374 4132 qnod
389 4057 567 4116 ordinatione
582 4059 819 4125 communicatur,
835 4048 1019 4117 et'bonstanti
1042 4057 1182 4115 Ecclesiae
1206 4057 1355 4117 traditioni

143 4163 172 4211 et
185 4155 252 4214 fidei
268 4170 416 4232 repugnat.
450 4155 507 4212 Dat
522 4167 689 4230 potestatem
706 4166 735 4213 et
748 4157 867 4232 gratiam
882 4154 917 4214 ad
932 4153 1062 4231 singulos
1079 4154 1232 4212 ministerii
1248 4168 1330 4213 actus
1345 4174 1354 4226 ;

143 4253 195 4310 sed
218 4268 332 4332 oportet
346 4274 409 4314 earn
426 4253 501 4311 hauri
523 4253 678 4330 negligere.
723 4253 895 4312 Suscitanda
909 4268 953 4313 est
967 4253 1096 4312 oratione
1118 4263 1147 4311 et
1166 4252 1282 4330 pietatis
1304 4272 1357 4313 cx·

143 4351 262 4419 ercitiis,
277 4371 366 4425 qnnm
385 4352 485 4428 vigiles
504 4370 555 4408 nos
567 4351 668 4427 jubeat
681 4370 746 4409 esse
762 4352 854 4410 Deus.

180 4547 222 4613 (l)
243 4546 320 4596 Hom.
334 4551 345 4595 l
361 4548 386 4597 in
397 4547 463 4597 Tim.
588 4595 593 4603 .

181 4633 224 4698 (2)
244 4633 273 4682 In
285 4632 371 4698 Suppl.
384 4649 425 4696 qn.
438 4634 477 4694 ³5,
490 4641 534 4683 art.
548 4636 570 4694 l,
583 4633 609 4682 in
622 4649 642 4682 c.
654 4633 681 4683 in
692 4649 757 4700 resp.
768 4633 799 4684 ad
811 4636 836 4682 3.
