2798 5092
145 355 206 415 ild
615 347 673 411 DE
695 345 872 410 wmclo.

146 510 232 588 igitur
261 526 313 586 spe
341 508 385 569 vel
413 519 518 568 terrore
544 507 624 567 inani
650 507 815 567 homiuibus
841 507 969 566 illusisse
1004 507 1186 577 videbuntur,
1215 507 1272 568 uisi
1307 506 1341 566 de

146 605 291 683 triumpho
305 603 383 674 fidei,
399 604 509 664 Christi
521 604 647 664 nominis
664 603 767 681 gloria,
782 618 812 663 et
831 602 990 663 infidelium
1011 602 1172 682 punitione,
1187 603 1300 681 maguis
1313 602 1346 662 in*
1388 603 1393 615 '

146 723 197 767 eos
206 704 375 767 irruentibus
389 702 605 771 calamitau'bus.
621 702 825 780 intelligantur.

185 790 274 880 neap.
296 802 517 869 Quaeremus
531 800 605 860 dixit
620 799 756 860 Christus
776 808 928 874 antequem
948 799 1093 877 generatio
1115 817 1203 874 quam
1217 799 1343 874 suoque·

147 900 227 957 batur
240 899 380 968 transiret,
397 887 586 977 respiciebant
609 897 841 975 Hierosolyma,
854 896 922 956 licet
945 897 1041 974 imago
1064 897 1159 956 forent
1179 899 1344 975 graviorum

147 997 233 1057 totius
248 995 346 1055 mundi
361 995 554 1055 calamitatum
577 997 609 1055 in
632 996 691 1055 line
711 993 893 1053 seculorum.
935 993 1044 1053 Mirum
1067 994 1153 1070 igitur
1177 1012 1239 1053 non
1257 993 1346 1052 estin

148 1092 315 1171 prophetica
341 1092 487 1153 locutione
511 1112 545 1152 ea
568 1092 705 1169 conjungi
728 1109 792 1165 quae
816 1101 978 1168 tempnnrm
1002 1090 1151 1154 intervallo
1175 1090 1348 1167 longissimo

147 1199 323 1267 separantur,
331 1189 384 1248 sed
395 1208 459 1264 quae
468 1189 576 1250 habeut
582 1189 699 1261 interse
709 1188 877 1247 relationem
889 1197 918 1246 et
928 1186 1156 1247 similitudinem.
1198 1181 1347 1261 Equidem

147 1288 234 1349 verba
246 1287 316 1347 illa:
336 1287 443 1349 stetim
454 1294 525 1367 post
538 1286 762 1348 tribulationum
775 1285 894 1346 dierum
913 1283 1034 1345 illorum
1047 1285 1083 1344 sd
1099 1285 1244 1364 judicium
1265 1304 1347 1364 spec·

147 1396 224 1456 leun
246 1385 296 1446 sed
312 1387 455 1449 tribulatio
467 1386 504 1446 ds
519 1405 576 1461 qna
595 1386 643 1446 hic
663 1404 759 1446 sermo
779 1394 877 1444 esest
897 1385 981 1462 cnjus
1000 1385 1097 1463 imago
1111 1396 1301 1462 praecesserat
1319 1387 1348 1444 in

148 1484 421 1562 Hierosolymorum
432 1487 591 1544 eversione.
630 1485 720 1544 Nullo
730 1493 812 1562 pecto
821 1482 994 1543 contendere
1004 1483 1069 1556 quis
1081 1483 1186 1560 poterit
1195 1482 1348 1543 Christum

144 1582 286 1660 judicium
310 1583 474 1660 proximum
489 1582 610 1653 dixisse,
630 1601 720 1657 quum
744 1590 908 1642 constanter
935 1582 1110 1640 recusaverit
1131 1592 1248 1658 tempus
1273 1581 1350 1640 illius

149 1679 272 1744 habendi
296 1681 425 1750 delinire,
454 1700 485 1740 sc
513 1682 601 1741 veluti
627 1682 759 1760 ignarum
786 1679 940 1749 exhibens,
955 1679 1034 1752 quud
1061 1679 1172 1738 scilicet
1194 1699 1257 1740 nou
1279 1680 1352 1738 foret

148 1776 314 1839 hominibus
337 1776 531 1838 revelandum.
573 1777 730 1852 Postquam
751 1775 890 1835 dixisset:
912 1784 1004 1835 “nou
1031 1776 1184 1853 praetsribit
1202 1776 1350 1857 generatio

149 1872 222 1940 hec,
238 1872 329 1933 donec
343 1873 441 1933 omnia
453 1874 517 1934 hec
536 1872 660 1933 liant:”²
680 1873 847 1951 subjunxit:
868 1871 945 1931 “De
971 1871 1019 1931 dic
1045 1883 1139 1932 autem
1161 1872 1214 1931 illa
1237 1883 1268 1931 et
1281 1873 1350 1932 hors

148 1987 236 2034 nemo
246 1970 313 2040 scit,
328 1988 423 2046 neque
436 1971 531 2050 angeli
544 1971 695 2041 emiorum,
710 1971 767 2031 nisi
781 1969 860 2030 solus
879 1968 1009 2048 patar.”¹
1047 1969 1180 2047 Apostoli
1194 1971 1303 2048 pariter
1315 1969 1351 2029 de

145 2067 419 2146 judicio-loquentes
441 2067 511 2128 illud
535 2068 624 2130 saluti
637 2068 792 2129 imminens
813 2066 1003 2145 descripsisse
1032 2066 1121 2126 videri
1136 2077 1268 2144 possent,
1283 2069 1351 2143 quia

143 2164 328 2244 particulare
342 2178 371 2226 et
384 2166 522 2246 mesols
532 2167 675 2246 judicium
693 2167 781 2225 simul
793 2166 937 2225 mentibus
951 2163 1080 2225 fidelium
1093 2165 1240 2226 obversari
1252 2168 1353 2229 solue.

150 2273 226 2332 runt,
242 2272 271 2323 et
284 2264 417 2324 homiues
432 2265 556 2326 incertos
577 2283 613 2323 ea
632 2264 830 2342 expectatione
850 2262 991 2342 suspendi
1011 2264 1073 2322 vult
1091 2263 1194 2333 Deuaq
1216 2273 1353 2324 ceterum

150 2364 289 2424 cavabant
302 2362 418 2435 nequis
431 2375 510 2423 certo
534 2363 589 2423 sibi
612 2362 797 2442 persuaderet
816 2360 886 2421 illud
912 2362 993 2421 brevi
1014 2363 1151 2422 lunarum.
1192 2363 1302 2422 Paulus
1315 2362 1354 2422 ad

151 2458 430 2520 Thessalonicenses
451 2459 608 2518 secundam
628 2460 758 2518 exaravit
776 2457 941 2537 epistolam,
954 2477 992 2518 ne
1017 2459 1217 2540 deciperentur
1237 2459 1354 2534 “quasi

151 2554 239 2618 inelel
249 2553 312 2614 dies
326 2553 497 2614 Domini.”⁸
536 2555 644 2615 Petrus
653 2556 741 2615 stiam
753 2554 854 2614 fideles
868 2556 981 2615 monuit
1000 2565 1021 2594 ‘⁴
1034 2560 1102 2630 quia
1112 2575 1188 2616 nnus
1197 2556 1264 2615 dies
1278 2557 1355 2635 apud

152 2650 323 2720 Dominum,
338 2651 414 2711 sicut
426 2651 505 2712 mille
524 2653 603 2722 anni,
626 2664 655 2712 et
679 2653 758 2712 mille
779 2653 847 2715 unni
867 2653 942 2714 siout
960 2653 1024 2714 dies
1044 2672 1130 2714 unus.
1173 2655 1244 2715 Non
1262 2655 1355 2715 tardat

152 2747 297 2809 Dmuinus
321 2750 546 2827 promissionem
567 2769 662 2821 msam,
688 2751 763 2810 sium
786 2751 906 2826 quidam
933 2751 1116 2815 existimant:
1138 2751 1191 2811 sed
1213 2752 1355 2830 patienter

153 2846 339 2926 agitprcpter
351 2847 448 2908 roe.”⁴
1308 2870 1311 2873 ·

662 3027 835 3077 CONOLUUIO.

192 3167 300 3229 ludicii
314 3168 435 3230 extremi
449 3167 582 3228 vindiciis
596 3178 694 3228 contra
707 3167 959 3228 Rationalistarum
973 3169 1097 3247 argutias
1112 3170 1199 3230 linem
1210 3170 1262 3230 toti
1274 3173 1355 3254 operi

154 3277 252 3328 nostro
276 3267 437 3345 dogmatico
460 3267 607 3345 ponimus.
648 3265 844 3326 Revelationis
873 3266 1035 3326 testimonia
1048 3275 1077 3328 et
1098 3266 1226 3327 subsidia
1251 3270 1355 3345 quibus

155 3364 323 3432 innotescat,
339 3364 432 3441 primo
446 3363 638 3440 explicuimus
653 3362 819 3433 volumine;
842 3382 906 3438 quae
920 3362 956 3422 de
968 3362 1043 3433 Deo,
1054 3372 1083 3421 et
1096 3362 1132 3422 de
1143 3363 1353 3446 redemptione,

156 3462 266 3520 Christi
283 3473 374 3521 morte
388 3472 561 3539 comparata,
578 3462 649 3521 fides
664 3461 748 3521 docet
761 3462 790 3520 in
800 3461 888 3522 altero
902 3471 980 3521 tomo
994 3459 1212 3528 vindicavimus.
1256 3465 1356 3527 sacra·

156 3567 260 3624 menta,
276 3559 374 3617 salutis
390 3557 516 3617 efficacia
531 3558 668 3627 subsidia,
684 3559 767 3617 tertio
778 3567 806 3616 et
821 3567 931 3632 quarto,
949 3557 1025 3632 quod
1042 3559 1103 3636 jam
1125 3560 1161 3635 qd
1177 3534 1270 3622 linem
1293 3582 1354 3645 por·

155 3655 297 3725 ducimus,
313 3657 506 3716 voluminibus
520 3655 715 3726 ostendimus3
737 3657 848 3716 beatam
861 3676 918 3731 quo
933 3675 987 3717 nos
1001 3655 1109 3717 ducunt
1129 3659 1216 3720 vitam
1237 3659 1355 3721 demum

155 3753 323 3814 indicantes.
364 3754 508 3812 Plurimae
531 3774 547 3811 a
571 3754 655 3812 nobis
679 3753 885 3832 pretermissas
909 3753 1093 3828 questiones,
1127 3774 1190 3830 quoe
1218 3757 1314 3817 solent
1341 3777 1357 3815 a

154 3852 311 3930 'l’heologis
339 3853 449 3930 agitari,
478 3852 675 3912 animadvertit
702 3851 830 3912 eruditus
856 3853 957 3921 lector,
986 3852 1122 3936 pleraque
1149 3873 1226 3916 noro
1254 3854 1353 3915 ordine

157 3947 349 4022 methodoquc
372 3959 496 4007 tractata.
537 3937 604 4008 lam
628 3949 716 4008 animi
741 3949 894 4012 consilium
919 3968 977 4024 quo
1003 3948 1079 4011 hanc
1098 3951 1255 4021 institimus
1279 3953 1355 4012 viam

156 4045 281 4124 ingenue
291 4040 498 4124 exposuimus:
521 4045 696 4124 diligentiam
718 4046 901 4122 studiumque
924 4057 1123 4108 nostrumnon
1137 4046 1265 4110 defuisse
1279 4029 1354 4123 quis·

158 4159 214 4215 que
227 4143 310 4202 facile
319 4143 413 4203 ridet:
434 4139 494 4219 quo
507 4155 601 4204 autem
612 4162 749 4204 successu
763 4162 848 4205 suum
860 4145 1014 4222 unicuique
1028 4144 1242 4224 eritjudicium.
1284 4145 1357 4213 Nula

146 4237 215 4340 'lana
228 4241 311 4301 nobis
325 4242 434 4321 ingenii
458 4239 572 4301 laudern
595 4239 785 4311 vindicamus,
807 4240 858 4302 sed
878 4241 1029 4302 exanimo
1050 4242 1235 4323 agnoscimus
1256 4255 1353 4307 tenues

621 4409 664 4476 (1)
684 4407 755 4458 Mctt.
768 4408 837 4459 xxiv.
849 4410 892 4460 ut.

623 4497 664 4566 (2)
682 4495 777 4548 Ibidffl
788 4497 830 4553 86·

618 4583 659 4649 (3)
677 4582 711 4633 11.
721 4581 810 4637 Thess·
821 4581 859 4639 11.
868 4586 895 4641 2,

621 4668 868 4736 fflstfflffi&
