2798 5092
98 342 159 401 28⁰
346 338 403 403 De
425 339 660 401 (tortuosum
680 339 1050 403 RESURRECTIONE.

96 510 189 559 tamen
202 498 395 559 habitudinem
410 499 537 576 corporis
551 499 636 557 etiam
650 499 679 558 in
693 499 783 577 gioria
796 517 977 576 perseverare
989 497 1157 559 (1111111111.
1178 539 1189 561 .
1203 538 1255 571 ,1.
1276 538 1286 557 .

71 601 74 607 ’
96 597 140 657 lta
160 608 188 656 st
208 597 238 656 in
258 598 473 656 resurrectionis
486 606 620 655 eventum
631 597 746 664 mutari,
764 597 902 666 converti,
923 596 1072 656 reformari
1091 596 1201 664 licebit,
1222 614 1289 656 cum

17 741 20 746 .
92 692 405 752 111111111111111111.”ι

136 795 202 850 100.
228 789 340 870 0111.
361 789 536 849 Deformitas
557 808 721 866 corporum,
740 797 769 848 et
788 807 910 848 sexuum
932 789 1086 849 discrimen
1101 790 1131 849 in
1146 807 1290 849 11111111·
1308 802 1311 808 ·

95 886 172 946 tione
185 885 323 946 servanda
335 886 437 955 forent,
450 905 514 960 qua
527 898 622 946 tamen
636 887 733 963 gloria
747 897 776 945 11
790 874 958 945 beatitudini
970 905 1030 945 non
1043 887 1234 947 conveniunt.

27 1038 30 1045 .
134 983 221 1062 Resp.
244 985 313 1044 Non
334 984 399 1043 ideo
420 1002 525 1062 corpus
545 985 599 1042 erit
619 983 763 1042 diversum
779 983 856 1058 quod
877 983 1042 1043 deformitas
1063 983 1199 1043 tollatur:
1222 993 1243 1022 ‘⁶
1256 985 1289 1044 Si

91 1082 199 1152 enim,'’
216 1082 308 1156 inquit
318 1082 506 1159 Augustinus,
536 1089 689 1140 “statuam
705 1092 799 1158 potest
819 1081 921 1140 artifex
941 1081 1040 1150 homo,
1062 1100 1150 1155 quam
1172 1094 1292 1160 propter

93 1180 218 1255 aliquam
234 1197 349 1238 causam
371 1178 529 1237 deformem
543 1176 657 1245 fecerat,
672 1177 808 1247 conflare,
822 1189 851 1237 et
865 1178 1085 1256 pulcherrimam
1101 1178 1231 1249 reddere,
1254 1181 1293 1239 ita

42 1330 45 1337 .
88 1266 124 1337 ¹ut
143 1276 216 1336 nihil
229 1274 295 1334 inde
309 1275 483 1343 substantie,
497 1272 549 1331 sed
563 1273 626 1332 sola
635 1272 799 1333 deformitas
814 1286 912 1351 pereat
933 1315 941 1332 .
964 1316 972 1333 .
994 1315 1004 1334 .
1027 1316 1036 1332 .
1058 1273 1129 1348 quid
1143 1273 1180 1332 de
1195 1275 1290 1340 omni·

92 1375 202 1456 potenti
223 1374 330 1432 artifice
350 1371 531 1431 sentiendum
552 1371 654 1429 estl'’⁸
693 1372 822 1430 Seruum
842 1372 897 1430 erit
909 1372 1074 1441 discrimen,
1091 1370 1181 1447 quod,
1204 1393 1292 1451 prava

91 1470 324 1549 concupiscentia
336 1470 455 1537 sublata,
476 1467 547 1530 nibil
569 1480 651 1546 turpe
671 1467 775 1527 habet:
799 1478 819 1506 ‘⁶
837 1486 896 1529 non
920 1479 965 1528 est
984 1470 1061 1528 enim
1077 1469 1178 1528 vitium
1199 1488 1290 1529 sexus

90 1552 253 1636 loemineus,
268 1567 318 1626 sed
334 1565 479 1627 natura..”⁸
706 1550 709 1557 ’
1282 1628 1286 1635 ,

131 1669 200 1724 101.
224 1665 291 1744 Obj.
306 1670 335 1724 8.
358 1664 534 1742 Corporibus
552 1662 687 1721 humanis
702 1663 731 1723 in
746 1662 953 1722 minutissimas
970 1661 1121 1740 particulas
1142 1664 1289 1734 resolutis,

59 1799 63 1807 -
92 1775 122 1822 et
147 1763 238 1821 varias
259 1760 447 1820 subeuntibus
471 1761 559 1830 vices,
581 1760 687 1837 saepius
708 1760 738 1818 in
763 1760 886 1837 piscium
910 1770 939 1818 et
962 1759 1086 1819 serarum
1100 1760 1290 1825 substantiam

90 1859 248 1936 conversis,
263 1857 431 1917 resurrectio
445 1856 508 1915 fieri
522 1874 702 1930 nequaquam
715 1856 829 1933 peterit.

13 2024 17 2034 ¹
53 2008 58 2018 .
131 1957 219 2038 Rem.
242 1956 318 2017 (lum
333 1956 516 2034 Augustinus
538 1964 558 1992 ⁶⁶
571 1972 628 2013 non
641 1955 726 2032 periit
737 1953 801 2013 Deo
811 1967 921 2013 terrena
931 1955 1077 2024 materies,
1090 1953 1127 2015 de
1142 1973 1202 2031 qua
1216 1975 1291 2017 mom

32 2079 58 2130 ῃ
91 2055 188 2115 talium
203 2069 312 2114 creatur
325 2072 409 2120 caro;
430 2051 481 2110 sed
503 2052 534 2109 in
554 2052 711 2125 quemlibet
731 2050 888 2128 pulverem,
903 2051 1066 2110 cineremve
1087 2052 1239 2122 solvatur;
1261 2055 1291 2113 in

32 2164 35 2169 ’
92 2152 235 2226 quoslibet
249 2152 362 2218 halitus,
378 2167 517 2222 aurasque
539 2147 684 2227 defugiam
706 2150 736 2206 in
758 2167 970 2222 quamcumque
990 2149 1110 2209 aliorum
1133 2169 1292 2229 corporum

75 2251 290 2316 substantiam,
305 2247 351 2305 vel
365 2249 393 2305 in
409 2248 472 2323 ipsa
483 2246 625 2305 elementa
639 2256 781 2312 1111111111
804 2247 833 2305 11
848 2264 1095 2321 quorumcumque
1109 2250 1292 2317 animalium,

91 2330 176 2405 ΙΙ111111
199 2344 362 2410 hominum,
384 2343 479 2419 cibum
500 2341 593 2410 cedat,
614 2360 786 2416 carnemque
808 2351 950 2401 muteturr
972 2342 1015 2400 illi
1029 2343 1132 2403 anime
1157 2345 1293 2409 bumana

91 2440 354 2519 punctotemporis
381 2436 488 2504 reddat,
517 2456 581 2511 quae
610 2437 688 2497 illam
710 2438 843 2516 primitus
864 2448 895 2497 ut
915 2439 1004 2498 homo
1023 2438 1116 2510 fieret,
1138 2450 1292 2512 cresceret,

52 2619 54 2622 Α
92 2533 408 2619 viveret,animavit.’'⁴

134 2638 199 2693 102.
224 2629 290 2709 obj.
306 2635 334 2690 0.
357 2632 386 2690 N
389 2627 521 2704 equidem
537 2628 593 2688 Dei
608 2631 733 2707 potentia
747 2630 809 2689 fieri
824 2641 918 2709 potest
932 2645 963 2692 ut
974 2652 1094 2710 corpora
1108 2636 1213 2696 eadem
1229 2657 1294 2696 sus·

90 2733 221 2799 citantur,
236 2749 324 2804 quum
339 2729 461 2807 plurima
476 2727 619 2806 particulis
635 2727 755 2788 aliorum
770 2747 890 2807 corpora
900 2729 962 2793 tota
976 2746 1118 2801 constent,
1134 2736 1296 2814 anthropo·

59 2827 355 2911 ¹‚plragislhominum
370 2826 502 2884 carnibus
518 2826 661 2902 praecipue
677 2826 869 2887 vescentibus.

128 2924 219 3002 Iiesp.
241 2923 310 2982 Nou
337 2933 448 2982 constat
464 2941 528 2981 esse
550 2922 661 2995 aliquos
677 2921 809 2980 homines
824 2923 873 2996 qui
890 2934 1042 2982 vescantur
1057 2926 1128 2983 salis
1158 2931 1293 2989 carnibus

53 3063 57 3071 ·
90 3017 235 3081 humanis.
278 3021 419 3079 Praeterea
441 3038 499 3078 nnn
519 3018 602 3078 facile
627 3018 762 3077 definitur
782 3018 850 3091 quid
873 3021 1030 3094 requiratur
1051 3022 1087 3079 ad
1109 3023 1287 3105 identitatem

90 3121 218 3197 corporis
233 3119 361 3185 humani,
377 3135 465 3191 quum
481 3128 540 3175 toto
557 3116 619 3174 vita
641 3128 767 3192 tempore
783 3118 882 3174 subeat
896 3121 1079 3186 mutationes,
1095 3122 1167 3193 quin
1191 3124 1290 3182 identi·

92 3231 133 3277 tas
147 3215 329 3296 individualis
343 3215 512 3283 destruatur,
528 3211 666 3288 quidquid
675 3213 713 3270 sit
727 3211 761 3270 de
774 3213 1014 3292 physiologorum
1028 3215 1142 3293 placitis
1157 3210 1194 3278 de
1207 3223 1288 3279 totius

92 3315 221 3392 corporis
236 3314 399 3371 substantia
415 3312 487 3368 intra
502 3311 684 3387 septennium
706 3311 871 3369 mutatione.
915 3313 1061 3386 Equidem
1076 3317 1148 3388 satis
1164 3322 1288 3396 concipi·

32 3438 34 3442 >
92 3425 137 3482 tur
151 3410 327 3468 identitatem
342 3408 449 3473 haberi,
465 3407 532 3464 licet
543 3405 686 3482 particule
703 3425 800 3482 paucae
815 3425 852 3464 ex
869 3407 903 3465 iis
919 3427 983 3481 que
998 3410 1067 3469 olim
1080 3415 1289 3474 constituerunt

96 3527 200 3585 corpus
214 3508 317 3566 adsint.
359 3506 479 3565 Praestat
493 3519 588 3577 autem
603 3505 772 3582 simpliciter
787 3518 882 3564 tenere
899 3499 934 3564 ex
946 3507 1013 3566 fidei
1028 3508 1157 3568 doctrina
1171 3531 1290 3589 corpora

91 3605 190 3664 eadem
212 3604 384 3672 suscitanda,
400 3608 468 3677 quin
490 3603 603 3681 singula
617 3622 680 3676 quae
696 3603 730 3661 ad
746 3605 982 3663 resurrectionem
1005 3609 1149 3678 pertinent
1163 3610 1288 3670 humano

76 3703 273 3774 ⁴dimetiamur
294 3703 429 3761 modulo:
452 3701 532 3759 Deus
554 3701 632 3758 enirn
654 3701 776 3778 plurima
799 3701 913 3760 efficere
929 3717 1023 3781 potest
1037 3723 1101 3778 quae
1130 3706 1223 3768 bomo
1245 3712 1289 3769 vix

89 3802 163 3861 valet
177 3801 315 3859 ullatenus
329 3800 491 3876 concipere.

132 3903 197 3959 103.
223 3896 289 3976 ubj.
308 3903 353 3956 10.
376 3896 607 3955 Resurrectionis
628 3895 707 3954 notio
723 3895 757 3953 ad
773 3896 789 3955 J
794 3896 890 3954 udaeos
905 3916 942 3954 ex
957 3898 1139 3958 Zoroastrica
1161 3901 1289 3963 doctrina

91 3999 215 4058 derivata
231 4006 284 4063 est,
307 4008 335 4053 et
349 3995 424 4072 vulgi
441 3971 594 4071 spes⁶vana
608 3995 705 4070 potius
727 4012 811 4067 quam
828 3995 893 4053 fidei
909 3994 1014 4071 dogma
1027 3997 1159 4057 habenda
1174 4016 1231 4059 est.

128 4096 217 4174 Resp.
240 4095 292 4154 llla
316 4096 395 4170 origo
417 4096 502 4170 gratis
530 4094 656 4170 fingitur,
681 4095 899 4152 reclamantibus
928 4096 1006 4153 libris
1029 4099 1134 4156 veteris
1163 4103 1287 4174 novique

89 4193 285 4256 Testamenti:
307 4211 360 4252 nec
381 4194 458 4251 enirn
479 4192 535 4251 Job
556 4191 739 4251 Zoroastrum
753 4192 852 4251 habuit
872 4196 1048 4272 magistrum,
1072 4215 1127 4254 111
1149 4199 1283 4258 Christus

454 4434 465 4499 (
470 4437 494 4493 1)
512 4433 606 4485 Tertul.
620 4435 631 4483 l
644 4433 675 4485 ds
686 4424 761 4484 resur.
772 4449 819 4486 car.
833 4436 874 4483 55.

455 4522 497 4587 (2)
518 4520 547 4569 L.
557 4520 617 4571 xxii.
628 4521 658 4570 de
670 4521 716 4570 civ.
729 4520 776 4571 Dei
787 4536 808 4570 c.
822 4521 862 4571 19.

456 4611 496 4676 (3)
517 4609 582 4672 Aug.
594 4608 652 4659 ibid.
664 4625 685 4659 c.
697 4609 757 4658 xvii.

455 4696 496 4760 (4)
517 4696 583 4757 Aug.
596 4696 623 4747 in
635 4693 736 4745 Encbir.
749 4697 790 4746 88.
