2798 5092
412 353 469 421 DE
491 351 679 413 VINOULO
700 352 972 416 MATRIMONII'.
1230 360 1290 418 tea

103 511 177 588 plana
187 521 271 572 sunt.
293 511 411 571 Nullius
420 512 472 571 viri
485 512 649 590 posterioris
658 512 759 570 mulier
769 531 842 572 uxor
851 531 914 572 esse
924 512 1035 591 incipit,
1046 514 1102 573 nisi
1111 515 1212 593 prioris
1222 534 1286 575 esse

102 606 221 669 desierit.
265 609 343 669 Esse
365 619 458 668 autem
472 609 582 668 desinet
604 628 676 668 uxor
696 609 809 686 prioris,
824 611 849 668 si
871 612 1004 671 moriatur
1023 611 1067 670 vir
1080 613 1161 690 ejus3
1183 631 1240 677 non
1261 615 1286 673 si

101 705 260 776 fornicatur.
301 707 393 765 Licite
414 708 499 784 igitur
521 706 669 767 dimittitur
688 708 796 784 conjux
818 708 855 766 ob
875 727 990 767 causam
1011 709 1213 780 fornicatiouis,
1235 709 1286 770 sed

101 806 188 863 manet
201 804 353 864 vinculum
368 805 469 883 prioris
484 803 687 882 propterquod
703 805 736 863 fit
755 822 821 863 reus
833 803 972 875 adulterii,
988 807 1037 880 qui
1050 806 1198 867 dimissam
1212 808 1283 873 dux·

101 902 147 963 erit
158 902 249 961 etiam
264 903 302 960 ob
316 919 430 960 causam
445 900 685 960 fornicationis.”²

131 995 289 1057 Probatur
303 995 363 1056 III.
382 995 581 1057 Consiliorum
597 996 781 1058 auctoritate.

134 1097 183 1161 or.
205 1092 282 1152 Coc.
298 1093 551 1152 Ecmnmrmm:
574 1103 593 1130 ‘⁸
604 1093 676 1152 item
697 1092 790 1151 fidelis
804 1080 931 1165 soemina,
946 1113 1009 1169 qua
1030 1067 1187 1155 aduiteram
1202 1097 1285 1165 mari,-

101 1191 315 1274 tum'reliquerit
335 1191 460 1259 fidelem,
475 1201 504 1249 et
523 1191 641 1250 alteram
663 1191 750 1260 ducit,
764 1193 945 1269 prohibeatur
967 1212 1003 1251 na
1024 1193 1127 1262 ducat;
1148 1195 1174 1252 ai
1188 1206 1282 1255 autem

101 1287 216 1358 duxerit,
241 1309 300 1348 non
314 1289 392 1366 prius
415 1289 536 1366 accipiat
555 1289 800 1358 communionem,
815 1291 871 1349 nisi
885 1309 971 1364 quem
992 1291 1138 1365 reliquerit
1149 1292 1229 1368 prius
1250 1290 1285 1353 de

100 1387 198 1447 seculo
213 1387 335 1460 exierit3
351 1387 406 1446 niei
420 1386 491 1445 sorte
506 1387 660 1445 necessitas
675 1386 846 1446 infirmitatis
861 1387 926 1447 dare
941 1389 1155 1465 compulerit.”⁹
1195 1389 1279 1449 Mile·

102 1482 222 1543 danum
233 1483 274 1542 ll.
286 1478 336 1541 sen
346 1483 441 1560 potius
452 1482 687 1561 carthaginense.
710 1493 730 1520 ‘⁶
740 1483 861 1553 Placuit,
871 1495 903 1544 ut
912 1485 1068 1544 secundum
1080 1486 1283 1565 Evangelicam

102 1591 125 1638 et
139 1580 341 1657 Apostolicam
362 1578 553 1657 disciplinam,
569 1597 661 1653 neque
682 1578 819 1638 dimissus
839 1581 874 1638 ab
893 1599 992 1649 uxore,
1014 1601 1106 1656 neque
1127 1581 1282 1647 dimissae

103 1677 206 1744 marito,
222 1676 304 1737 alteri
328 1677 555 1754 conjungantur:
582 1675 632 1734 sed
653 1677 692 1734 ita
705 1687 846 1745 maneant,
861 1688 909 1736 aut
922 1679 1037 1736 sibimet
1055 1680 1280 1739 reconcilientur.

99 1773 174 1841 Quod
189 1774 216 1833 si
229 1774 462 1851 contempserint,
478 1772 513 1831 ad
528 1775 721 1850 poenitentiam
736 1774 946 1853 rediganturJ‘t
980 1776 1187 1857 Forojuliense,
1204 1796 1280 1837 anno

102 1875 163 1931 ret.
206 1883 226 1909 ‘⁶
238 1871 311 1931 Item
326 1870 441 1948 placuit,
457 1882 489 1929 ut
501 1871 625 1930 resoluto
646 1871 839 1931 fornicationis
854 1893 940 1932 causa
956 1874 1047 1952 jugali
1061 1876 1184 1943 uinculo,
1201 1874 1280 1954 (cott-

101 1968 183 2028 tortio
198 1967 311 2027 scilicet
326 1966 419 2047 thori)
434 1985 493 2027 uon
507 1967 591 2025 liceat
604 1967 665 2025 viro
679 1967 813 2041 quamdiu
829 1968 952 2028 adultera
966 1971 1045 2037 vivit,
1061 1971 1143 2029 aliam
1159 1989 1280 2041 uxorem

101 2065 246 2139 ducere.”⁴
286 2067 471 2125 Nannetense
493 2066 598 2124 saeculo
615 2069 660 2123 10.
704 2076 723 2102 ‘⁸
736 2067 767 2124 si
779 2067 861 2144 cujus
875 2086 948 2126 uxor
958 2067 1124 2127 adulterium
1141 2079 1281 2144 perpetra·

101 2165 140 2233 vit,
155 2176 185 2225 et
198 2164 255 2224 hoc
270 2183 287 2220 a
301 2164 362 2221 viro
386 2162 595 2240 deprehensum
616 2162 710 2231 suerit,
725 2174 753 2223 et
772 2163 956 2240 publicatum,
970 2164 1092 2223 dimittat
1109 2182 1240 2233 uxorem,
1255 2163 1281 2221 si

100 2261 212 2320 soluerit
225 2271 343 2338 propter
357 2259 570 2318 fornicationem
593 2301 601 2316 .
624 2301 632 2318 .
656 2301 663 2317 .
687 2301 695 2318 .
717 2259 760 2317 vir
773 2279 840 2318 vero
854 2261 916 2338 ejus
930 2261 978 2319 illa
992 2261 1104 2319 vivente
1117 2260 1282 2321 nullatanus

99 2360 209 2437 accipiat
229 2358 360 2419 aliam-”⁵
399 2359 552 2419 Decretum
568 2375 619 2435 pro
633 2358 767 2417 Armenia
781 2358 810 2417 in
826 2358 990 2419 Florentino
1011 2359 1132 2421 concilio
1147 2357 1274 2417 editum:

99 2440 261 2527 “Quamvis
276 2471 369 2517 autem
385 2475 422 2515 ex
436 2474 523 2514 causa
535 2454 728 2543 fornicatiouis
748 2455 832 2515 liceat
845 2456 919 2515 thori
932 2457 1140 2535 separationem
1161 2456 1252 2515 facere
1266 2475 1274 2514 r

99 2571 148 2619 oon
160 2564 259 2615 tamen
269 2552 346 2611 aliud
361 2544 752 2613 matrimoniorfflcontrahere
765 2551 807 2611 fas
822 2561 875 2622 est,
890 2572 955 2615 oum
970 2553 1140 2615 matrimonii
1151 2553 1277 2631 legitime

98 2653 224 2717 centracti
235 2651 382 2717 vinculum
392 2658 562 2727 perpetuum
576 2649 646 2707 sit.”
686 2649 808 2711 Accedit
819 2652 889 2713 ratio
897 2652 1085 2731 Theologioa,
1098 2671 1186 2727 quum
1200 2651 1281 2723 enim¹

98 2749 304 2815 matrimonium
326 2747 436 2805 Christi
463 2734 491 2804 et
515 2745 657 2805 Ecclesia
680 2746 910 2824 conjunctionem
935 2749 1087 2826 significet,
1115 2758 1227 2826 oportet
1246 2760 1283 2819 ut

98 2849 177 2911 wmcl
191 2856 420 2925 consummatum
434 2863 580 2918 nunquam
595 2844 731 2903 solvatur.
766 2844 942 2909 ,Consanum
957 2847 1042 2905 etiem
1056 2856 1116 2905 erat
1128 2847 1275 2923 sapientia

98 2940 199 3005 Christi
214 2943 252 3003 ita
272 2952 404 3010 statuere,
419 2952 451 3001 ut
463 2941 506 2999 sic
526 2941 662 3017 conjuges
678 2950 815 3016 perpetuo
836 2940 960 3015 quodam
975 2962 1008 3001 aa
1022 2943 1105 3003 firmo
1120 2943 1223 3003 affectu
1243 2962 1275 3003 se

98 3038 213 3105 invicem
227 3052 477 3118 prosequerentur,
490 3059 506 3097 a
520 3038 640 3097 crimine
650 3055 682 3097 se
694 3038 877 3107 abstinerent,
890 3049 918 3098 et
931 3039 1028 3099 liberis
1039 3040 1193 3101 educandis
1207 3061 1275 3120 ope·

97 3155 146 3203 tem
161 3122 329 3217 praestarent
338 3136 491 3222 assiduam.
528 3204 534 3218 ¹

492 3328 688 3372 eudaemones
702 3330 883 3372 souvert'rutt.

130 3497 177 3551 12.
201 3488 271 3568 Oloj.
290 3492 317 3546 1.
333 3497 354 3526 ‘⁶
364 3487 438 3547 Dico
447 3502 540 3549 anmm
550 3491 640 3558 robis,
650 3490 716 3562 quia
724 3490 898 3564 quicumque
909 3489 1172 3551 dimiserituxorem
1182 3498 1275 3560 suam,

96 3590 145 3649 nisi
159 3591 195 3649 ob
208 3587 437 3653 lomicationem,
451 3598 480 3646 et
492 3589 576 3646 aliam
591 3587 713 3654 duxerit,
728 3587 902 3659 moechatur:
925 3600 953 3647 et
964 3589 1013 3663 qui
1028 3588 1173 3648 dimissam
1188 3588 1276 3649 duxe-

93 3686 132 3756 rit,
145 3683 351 3748 mmchatnr.’‘⁶

128 3786 216 3866 Reop.
240 3785 375 3843 Christus
390 3784 584 3844 fornicationis
598 3803 648 3841 seu
664 3783 793 3842 adulterii
807 3802 920 3845 causam
936 3784 1054 3862 excipit,
1069 3785 1136 3859 quia
1150 3796 1193 3844 est
1206 3785 1275 3864 legi·

95 3881 156 3942 tima
166 3883 237 3941 ratio
252 3897 372 3939 uxorem
388 3899 404 3938 a
418 3879 492 3938 thori
504 3880 647 3939 consortio
663 3879 798 3957 perpetud
814 3881 992 3940 dimittendi:
1007 3883 1075 3956 quin
1086 3895 1180 3942 minen
1193 3883 1277 3940 liceat

95 3980 191 4041 idcirco
205 3981 321 4046 marito,
335 3980 464 4051 quamvis
476 3979 630 4048 innocenti,
645 3980 729 4038 aliam
741 3979 860 4049 ducere;
875 3998 941 4039 uam
956 3983 1005 4055 qui
1019 3980 1175 4049 dimissam,
1190 3980 1276 4040 etiam

94 4078 124 4136 ob
137 4078 318 4144 adulterium,
332 4074 453 4145 duxerit,
468 4076 626 4135 moechatur
639 4097 647 4146 ;
669 4096 702 4134 aa
716 4076 826 4135 scilicet
845 4076 880 4136 de
901 4096 987 4137 causa
1008 4079 1083 4154 qnod
1098 4079 1160 4155 ipsa
1173 4077 1274 4155 prioris

386 4252 425 4318 (1)
443 4251 482 4302 De
492 4254 555 4319 conj.
567 4251 640 4303 adult.
651 4253 666 4303 l.
677 4250 708 4302 Il.
720 4267 741 4303 e.
751 4251 785 4302 iv.

301 4364 306 4373 .
382 4338 424 4405 (2)
444 4337 507 4390 Can.
517 4338 552 4389 ix.
786 4349 792 4359 '

379 4423 421 4490 (³)
441 4421 504 4473 Cen.
515 4422 575 4474 xvii.

386 4510 428 4575 (4)
447 4509 510 4575 Gap.
520 4525 545 4559 x.

386 4595 427 4661 (⁵)
447 4593 509 4645 Can.
519 4594 562 4645 xii.

390 4680 432 4745 (6)
452 4678 525 4732 Mac.
537 4681 589 4732 xix·
599 4682 623 4732 9.
