2798 5092
28 406 31 411 ·
143 374 203 432 5114
631 362 858 429 APPENDIX.

144 530 200 591 acti
213 540 290 589 sunt.
331 525 505 609 Eutychetis
519 542 597 587 error
610 524 795 583 confirmatos
806 532 861 590 cst,
871 521 1002 580 rescissis
1013 521 1129 583 concilii
1140 520 1340 581 constantino·

144 627 263 706 politani
278 630 316 685 ³0
330 627 532 702 episcoporum
546 623 628 689 55115,
637 620 689 694 551
699 640 764 680 cum
778 622 810 681 S.
824 620 974 688 Flaviano,
989 620 1130 697 episcopo
1141 618 1340 681 Constantino·

144 724 282 804 politauo,
298 722 493 800 Eutychetem
508 720 720 779 damnaverant.
763 719 830 795 Ipse
845 717 998 776 Flavianus
1012 717 1042 776 in
1057 714 1253 777 conciliabulo
1276 715 1341 776 aden

145 822 220 881 mals
236 831 368 881 tractatus
383 831 457 879 ests
473 818 707 877 tumultuantibus
720 815 878 883 haereticis,
900 825 931 872 ot
944 832 1022 873 mors
1036 815 1105 891 ejus·
1115 814 1224 873 indesit
1233 824 1338 875 secuta.

190 917 371 978 1151155555
393 916 559 983 concilium,
583 933 600 972 a
624 913 715 974 forma
742 912 865 972 cubiculi
893 912 922 971 in
948 911 1053 989 palatio
1078 912 1107 971 in
1134 930 1193 985 qno
1219 912 1343 971 habitum

145 1027 200 1084 est,
216 1033 321 1075 nomen
342 1015 483 1079 sortitum,
508 1010 763 1087 Constantinopoli
785 1029 860 1067 anno
881 1012 950 1076 588,
972 1020 1020 1067 551
1048 1011 1118 1076 692,
1139 1009 1176 1070 ab
1201 1008 1344 1086 episcopis

145 1112 341 1173 Orientalibus
355 1111 482 1169 habitum
497 1118 551 1169 est.
593 1107 797 1174 Quiniserrtum
818 1105 903 1165 etiam
921 1115 1036 1164 vocatur
1055 1123 1091 1163 eo
1106 1103 1184 1178 quod
1207 1104 1344 1181 praesules

142 1211 199 1270 sibi
226 1209 428 1287 proposuerint
442 1206 533 1281 quinti
556 1217 583 1266 et
605 1205 680 1263 sexti
702 1203 880 1280 synodorum
896 1202 1038 1263 desectum
1052 1202 1200 1279 supplere,
1221 1220 1345 1263 canones

144 1305 180 1365 de
194 1305 347 1382 disciplina
359 1303 482 1362 edendo.
523 1301 564 1361 lis
579 1301 628 1374 qui
643 1318 741 1359 sacros
751 1308 938 1376 susceperant
950 1299 1066 1359 ordines
1078 1301 1259 1360 matrimonii
1272 1298 1346 1374 qnod

144 1405 225 1484 prius
234 1413 432 1462 contraxerant
447 1419 542 1467 usum,
555 1399 725 1473 quibusdam
740 1399 879 1475 appositis
894 1397 1116 1466 conditionibus,
1134 1400 1346 1476 permiseruut;

143 1502 289 1580 episcopis
302 1513 395 1558 tamen
407 1499 587 1558 coutinentia
598 1496 771 1556 omnimodae
786 1497 849 1573 lege
864 1495 1015 1557 adstrictis.
1057 1498 1125 1577 Atta
1139 1498 1231 1556 etiarn
1247 1516 1345 1558 eorum

145 1599 258 1659 decreta
270 1598 447 1676 reprobanda
461 1597 522 1655 visa
536 1607 603 1655 sont
616 1596 719 1673 Sergio
733 1596 747 1654 1
760 1596 857 1672 Papa.

188 1693 552 1774 Constantinopolitanum
576 1693 696 1751 alterurn
718 1692 949 1761 conciliabulum,
973 1712 1047 1753 anuo
1072 1699 1142 1763 730,
1166 1694 1346 1772 imperatoris

146 1794 254 1853 Leonis
275 1793 393 1852 isaurici
410 1792 495 1870 jussu
517 1792 645 1851 habiturn
665 1802 718 1857 est,
741 1791 843 1865 inquo
863 1791 956 1850 cultus
971 1793 1129 1870 imaginum
1144 1794 1272 1870 rejectus
1292 1801 1344 1860 est,

144 1890 331 1951 dissentiente
340 1900 435 1949 tamen
446 1889 478 1948 S.
494 1889 641 1948 Germano
655 1889 812 1966 patriarcha
827 1888 1157 1967 Constantinopolitano,
1174 1893 1225 1964 qui
1240 1890 1348 1949 idcirco

145 1988 214 2047 sede
235 1998 280 2046 est
290 1988 401 2066 pulsus.
444 1986 793 2064 constantinopolitanum
808 1987 927 2047 alterum
943 1987 1165 2046 conciliabulum
1188 2006 1266 2046 anno
1280 1990 1346 2055 754,

147 2087 304 2165 imperante
321 2085 512 2146 Constantino
528 2084 707 2162 Gopronimo
721 2097 923 2163 congregatum
944 2096 999 2154 cst,
1016 2085 1136 2161 preside
1156 2085 1348 2163 Pseudo-pat·

147 2186 259 2245 riarcha
283 2184 611 2263 Constantinopolitano.
654 2183 689 2242 In
718 2201 753 2241 eo
781 2185 867 2243 etiam
894 2203 982 2243 sacre
1011 2185 1151 2262 imagines
1174 2185 1255 2244 55115
1276 2184 1348 2245 hand

147 2283 240 2362 dignas
262 2284 459 2342 censebantur.
500 2281 695 2358 Reprobatnm
710 2292 754 2339 est
767 2300 784 2339 a
797 2282 946 2359 Stephano
962 2282 1016 2340 111.

186 2380 359 2441 Bosileense
372 2380 590 2440 conciliabulum
605 2398 680 2438 anuo
698 2383 771 2438 1431
788 2380 915 2439 habitum
936 2392 992 2439 est.
1034 2380 1109 2458 Ejus
1128 2380 1159 2439 in
1169 2381 1348 2441 Pontificem

147 2488 237 2557 gesta,
246 2489 364 2551 actaque
378 2477 695 2535 5551558555155515
707 2475 894 2550 5555551145
908 2478 1059 2536 universus
1070 2478 1149 2535 orbis
1163 2477 1345 2545 catholicus,

149 2594 215 2636 cum
231 2574 365 2652 Eugenio
380 2573 433 2631 tv.
449 2573 590 2649 reprobat.
630 2571 675 2630 De
689 2573 831 2649 prioribus
846 2575 1024 2634 sessionibus
1037 2573 1115 2632 Galli
1132 2576 1218 2634 multi
1234 2586 1349 2634 couten-

150 2671 220 2733 dunt
241 2673 284 2730 eis
301 2673 356 2730 vim
371 2670 549 2734 decretorum
563 2669 733 2729 mnumenici
748 2671 862 2728 concilii
883 2672 988 2740 inesse,
1004 2673 1162 2748 prasertim
1178 2692 1266 2746 quum
1283 2674 1349 2750 ipse

149 2771 278 2850 pontifex
293 2769 439 2847 agnoverit
450 2766 520 2826 illud
528 2785 593 2826 esse
601 2766 728 2844 legitime
741 2769 947 2828 continuatum.
989 2769 1020 2827 N
1023 2787 1060 2828 on
1073 2769 1113 2827 ita
1123 2771 1234 2828 caeteris
1248 2768 1348 2846 pleris-

150 2887 206 2943 que
222 2868 322 2944 placet,
338 2883 426 2939 quum
448 2863 578 2941 pontifex
599 2880 755 2936 numquam
777 2863 889 2923 decreta
908 2865 957 2923 1115
977 2867 1156 2942 probaverim
1179 2865 1233 2924 sed
1253 2865 1348 2943 potius

149 2976 310 3023 constanter
327 2963 447 3041 jusserit
470 2970 501 3021 51
514 2979 577 3034 que
592 2962 654 3038 ejus
669 2961 826 3020 auctoritati
852 2961 971 3022 adversa
994 2963 1096 3031 forent,
1115 2973 1344 3023 retractarentur.

152 3063 247 3122 Nobis
264 3063 300 3120 ita
314 3061 434 3119 videtur.
1075 3059 1079 3077 ”

188 3158 452 3242 stnncrrsordicnse
474 3156 639 3224 concilium,
660 3175 735 3216 anno
749 3161 818 3232 794,
832 3155 1016 3224 celebratum,
1031 3160 1224 3234 presentibus
1245 3160 1345 3238 legatis

149 3256 287 3316 Hadriani
309 3256 332 3315 1.
355 3257 454 3332 Papae,
478 3254 658 3330 reprobatum
680 3264 734 3322 551,
758 3265 897 3327 55515555
919 3254 1018 3331 rejecit
1038 3256 1155 3313 concilii
1171 3256 1288 3315 Nieaeni
1303 3257 1345 3315 11.

149 3353 261 3412 decreta
285 3352 319 3410 de
345 3352 535 3428 imaginibus:
557 3370 594 3409 ex
609 3352 739 3409 versione
763 3351 837 3409 haud
866 3362 1004 3418 accurata,
1021 3370 1204 3427 :persuasum
1236 3355 1344 3412 habens

151 3450 311 3510 Orientales
327 3450 501 3508 idololatriac
516 3449 562 3507 vel
575 3450 776 3525 superstitioso
798 3449 875 3507 55115
890 3449 1026 3525 prosequi
1040 3450 1190 3528 imagines.
1234 3451 1347 3528 Syuudi

152 3548 266 3606 Nicoeni
280 3549 472 3605 auctoritatem
496 3546 634 3621 explicuit
658 3545 832 3612 Hadrianus,
848 3547 918 3620 quin
933 3558 1026 3604 tamen
1041 3565 1105 3605 earu
1120 3548 1246 3607 solemni
1269 3566 1346 3607 more

151 3644 340 3713 confirmaret,
352 3665 388 3703 ne
402 3645 497 3703 forsan
520 3644 683 3702 schismatis
708 3644 781 3703 foret
805 3646 917 3703 occasio
940 3644 1173 3704 Occidentaiibus
1190 3647 1344 3729 plerisque,

152 3744 257 3821 quibus
272 3761 366 3801 mores
381 3741 569 3800 Orientalium
585 3742 613 3799 in
634 3741 801 3800 venerandis
814 3742 985 3820 imaginibus
996 3743 1071 3801 haud
1086 3743 1242 3802 admodum
1255 3744 1346 3821 placu·
1367 3769 1391 3784 -

98 3901 104 3925 ¹
150 3850 243 3900 eruut.
284 3838 318 3898 15
333 3837 487 3897 retinendis
503 3857 567 3896 cum
588 3840 698 3898 honore
719 3839 893 3917 imaginibus
907 3851 1114 3899 consenserunt
1127 3860 1250 3911 omnes;
1272 3840 1391 3900 ideo-

151 3957 207 4013 que
221 3956 299 3997 error
313 3936 348 3994 de
370 3955 454 3994 sensu
471 3937 656 3995 Nicaenomm
671 3936 859 4001 decretorum,
875 3956 938 4012 qnae
953 3953 1097 4012 nmquam
1112 3939 1219 4017 synodi
1237 3940 1391 3998 nation-

95 4110 99 4119 ,
151 4036 203 4095 5115
218 4035 344 4096 Orientis
366 4034 547 4101 habebantur,
564 4034 726 4093 tolerandus
741 4047 900 4113 opportuna
920 4038 1081 4094 aeconomia
1097 4036 1176 4094 visus
1203 4048 1257 4095 est.
1300 4036 1391 4094 Ea-

152 4133 284 4193 decanea
298 4134 394 4192 forsan
419 4130 566 4200 siluerunt,
582 4132 626 4190 vel
651 4132 755 4193 frustra
782 4133 908 4212 reluctati
929 4145 996 4192 sunt
1010 4134 1151 4210 pontificii
1166 4134 1263 4214 legati,
1279 4152 1362 4211 pre-

153 4244 291 4307 eoucepta
305 4229 497 4288 invalescente
511 4229 647 4305 opinione
669 4229 703 4287 de
725 4230 913 4290 Orientalium
928 4225 1069 4289 moiibus.
1112 4232 1391 4291 Francofordieua

152 4328 192 4386 sis
207 4329 322 4388 concilii
336 4328 449 4386 decreta
470 4337 566 4387 contra
586 4328 713 4386 Felicem
728 4340 755 4387 et
769 4328 957 4407 Elipandum,
974 4330 1024 4403 qui
1041 4332 1183 4407 negabant
1199 4331 1391 4390 Christum

153 4441 217 4481 5555
238 4427 344 4485 Filium
368 4425 424 4483 Dei
451 4425 615 4495 naturalem,
628 4425 767 4485 Ecclesiae
784 4427 899 4504 probata
919 4438 997 4486 sont.
1040 4429 1195 4487 Nationale
1210 4429 1263 4488 suit
1278 4428 1368 4487 1115-

152 4520 317 4588 5555111555,
332 4541 369 4580 ex
391 4523 565 4590 Germaniae,
583 4522 695 4592 Gallia,
712 4535 740 4582 et
754 4524 841 4588 Itaiiae
856 4525 1003 4604 episcopis
1018 4538 1160 4595 coactum,
1182 4527 1295 4587 nemine
1308 4542 1391 4582 e==

155 4615 273 4676 Oriente
288 4633 417 4678 evocato.
