2798 5092
355 359 412 423 DE
432 359 664 451 nupserunt
685 355 994 425 ottulrttulonu.

568 1085 710 1146 CAPUT
733 1085 818 1147 XIII.

340 1322 395 1374 DE
425 1322 673 1375 MULIERUM
701 1323 1041 1376 OR'DINA'I'IONE.

132 1553 199 1609 20³¹.
216 1550 324 1609 Fuisse
335 1527 364 1609 in
374 1551 462 1608 reteri
474 1549 615 1609 Ecclesiae
627 1550 689 1627 pias
704 1549 843 1625 quasdam
855 1551 990 1612 mulieres
1005 1552 1228 1613 diaconissarum
1243 1572 1293 1614 no·

95 1647 171 1706 mine
182 1646 219 1706 ad
233 1647 366 1722 quaedam
382 1648 481 1706 munia
495 1647 635 1706 admissas
646 1648 706 1725 jam
719 1647 927 1717 adnotavimus,
938 1669 1044 1725 easque
1058 1652 1112 1710 ritu
1127 1650 1249 1725 quodam
1264 1652 1293 1709 in

99 1754 202 1802 coetum
218 1744 355 1803 adlectas.
398 1745 458 1803 Eas
473 1758 567 1804 tamen
582 1763 640 1804 non
654 1745 744 1803 luisse
759 1764 838 1805 sacra
852 1756 1001 1824 potestate,
1016 1747 1061 1806 vel
1076 1748 1133 1807 ullo
1144 1749 1295 1808 sacerdotii

95 1858 212 1900 munere
228 1841 348 1901 donatas
363 1853 485 1909 constat,
502 1853 640 1920 perpetua
654 1843 733 1901 enim
748 1843 801 1901 tuit
815 1843 887 1902 fides
902 1844 1038 1903 mulieres
1054 1844 1151 1903 divino
1166 1846 1232 1921 jure
1246 1864 1295 1903 ex·

96 1940 171 2000 cludi
185 1962 202 2000 a
214 1960 299 2000 sacro
313 1941 484 2000 ministerio.
527 1941 670 2009 Haeretici
691 1942 799 2019 saepius
821 1943 857 2000 iis
872 1942 1097 2012 blandiebantur,
1112 1963 1192 2002 sacra
1206 1945 1233 2003 ei
1247 1944 1295 2005 de·

96 2037 263 2098 mandantes
288 2057 416 2100 munera.
459 2039 510 2097 Sic
538 2039 656 2097 Marcus
681 2037 717 2096 dc
742 2038 1011 2098 Valentinianorum
1035 2051 1064 2098 et
1086 2041 1294 2100 Gnosticorum

99 2119 227 2212 gregatis
240 2134 382 2193 iaciebant
390 2134 550 2193 facultatem
564 2133 749 2193 conficiendae
760 2134 949 2194 eucharistie.
991 2135 1183 2213 Oottyndiani
1195 2147 1295 2210 quarto

98 2232 201 2290 seculo
215 2233 246 2290 in
260 2233 367 2290 Arabia
392 2230 645 2290 sacerdotissarum
670 2251 757 2309 opera
779 2233 862 2310 panis
877 2231 1047 2310 collyridem
1069 2225 1294 2293 in'sacrificium

98 2329 201 2406 virgini
213 2329 381 2389 offerebant.
427 2327 558 2409 Qunltcri
572 2329 648 2406 apud
667 2349 721 2390 nos
736 2331 846 2389 nullum
861 2349 966 2390 munus
982 2332 1148 2391 mulieribus
1164 2333 1293 2392 commit·

101 2435 169 2495 tout,
183 2427 236 2486 sed
252 2428 288 2486 iis
301 2447 382 2502 aeque
398 2447 430 2486 nc
444 2428 513 2485 viris
537 2426 695 2486 libertatem
717 2428 854 2501 loquendi
874 2429 904 2486 in
926 2438 1001 2487 coetu
1015 2429 1132 2498 faciunt,
1147 2431 1172 2488 si
1187 2431 1295 2508 Spiritu

103 2539 133 2580 se
146 2523 323 2588 comotveri
336 2524 534 2582 existimarint.
580 2520 706 2582 Sbclcert‘
727 2524 875 2583 mulierem
895 2524 983 2583 veluti
1004 2534 1122 2584 matrem
1138 2544 1196 2584 suae
1211 2535 1295 2584 secte

104 2617 212 2688 habent,
228 2620 341 2679 Annam
356 2618 416 2678 Lee
431 2638 447 2677 e
462 2619 604 2686 Queheris
620 2620 700 2688 olim,
721 2618 773 2678 scd
796 2638 860 2693 quar
875 2638 950 2678 suno
976 2620 1088 2678 circiter
1104 2625 1180 2680 1770
1195 2621 1224 2679 in
1239 2622 1296 2679 An·

105 2714 168 2790 plia,
183 2715 247 2774 eliis
261 2717 370 2794 Spiritu
386 2717 492 2795 pariter
507 2727 566 2776 toto
587 2735 706 2793 corpore
727 2717 840 2794 agitatis
859 2735 891 2774 sc
906 2717 1013 2776 sociam
1033 2716 1119 2776 dedit
1163 2718 1238 2794 Ejus
1258 2718 1297 2777 la·

105 2810 182 2870 bores
210 2831 316 2892 magna
343 2832 408 2872 cum
431 2812 515 2872 laude
544 2822 780 2882 commemorant,
802 2812 878 2871 haud
907 2823 1037 2871 verentes
1059 2815 1248 2873 ministerium
1268 2814 1296 2873 ei

107 2908 245 2969 tribuerc.¹

604 3105 790 3148 ruoeosrrw.

144 3266 285 3329 tolieret
299 3269 402 3329 diuino
414 3268 487 3348 jure
508 3265 707 3329 occluduntur
723 3265 760 3327 ob
781 3265 937 3326 ordinibus
959 3265 1063 3334 oacrio,
1082 3271 1108 3323 et
1122 3263 1205 3324 omni
1218 3265 1297 3324 socri

110 3365 261 3428 ministerii
273 3384 407 3427 munere.

144 3463 293 3526 Probatur
306 3464 334 3525 Ι.
347 3483 384 3525 ec
401 3463 566 3544 Scriptura.

144 3568 208 3624 204.
224 3564 381 3642 Apostolus
391 3564 489 3640 jubet:
506 3572 525 3600 ‘⁸
536 3561 674 3621 Mulieres
686 3561 717 3620 in
730 3559 861 3619 ecclesiis
871 3569 992 3632 taceant,
1002 3577 1060 3616 non
1071 3558 1148 3616 enim
1160 3559 1297 3635 permitti·

112 3665 188 3722 turiis
199 3663 290 3737 loqui,
300 3661 351 3721 sed
361 3661 488 3721 subditas
501 3680 576 3729 esse,
588 3662 663 3719 sicut
674 3669 702 3718 et
712 3659 760 3717 lex
768 3658 854 3726 dicit3
867 3659 954 3731 siqui
966 3667 1058 3717 autem
1069 3657 1168 3715 volunt
1176 3659 1296 3726 discere,

111 3758 180 3820 domi
202 3763 280 3820 viros
296 3779 364 3819 suos
387 3761 581 3837 interrogent:
604 3768 685 3835 turpe
699 3767 743 3816 est
757 3757 834 3815 enlm
856 3755 968 3814 mulieri
982 3755 1061 3828 loqui
1076 3756 1105 3813 in
1120 3755 1299 3814 Ecclesiaste

112 3859 243 3919 “Mulier
263 3860 295 3932 in
310 3859 425 3917 silentio
446 3857 537 3917 discut
560 3856 720 3916 cumomni
740 3854 933 3932 subjectione:
958 3853 1061 3913 docere
1076 3864 1171 3912 autem
1186 3854 1297 3912 mulieri

140 4037 179 4103 (t)
197 4044 212 4068 ‘⁴
221 4037 253 4086 ln
264 4034 306 4085 the
318 4033 386 4084 Filih
397 4033 484 4083 month
495 4036 567 4092 1781,
578 4031 677 4082 Mother
689 4030 738 4080 and
760 4030 802 4081 the
812 4029 900 4078 Elders
917 4029 959 4078 left
975 4027 1141 4087 Watcr-Ult’ct,
1152 4026 1201 4076 end
1213 4027 1298 4078 visited

112 4123 147 4174 the
156 4125 244 4175 distent
261 4130 334 4188 parts,
345 4122 408 4171 from
419 4122 488 4186 place
506 4129 530 4170 to
542 4122 626 4185 place;
644 4118 725 4167 where
737 4118 778 4168 the
787 4117 878 4182 Gospel
889 4117 936 4166 hod
947 4118 1009 4168 been
1021 4116 1145 4175 received3
1163 4115 1210 4165 und
1222 4116 1247 4165 in
1267 4118 1298 4167 ull

111 4209 146 4259 the
155 4210 271 4275 prinpral
281 4209 361 4274 places
372 4206 454 4256 which
465 4206 521 4270 they
534 4205 629 4264 visited,
645 4204 702 4268 they
718 4220 784 4252 were
804 4203 909 4252 rescrted
920 4211 945 4252 to
962 4204 1024 4252 frorn
1036 4201 1077 4252 the
1095 4201 1206 4266 adjacent
1216 4212 1298 4266 perts;

113 4297 154 4346 sud
163 4297 225 4348 their
232 4294 344 4358 ministry
357 4294 432 4355 being
442 4309 514 4357 every
526 4292 607 4341 where
617 4288 790 4352 accompanied
801 4289 862 4338 with
879 4289 921 4338 the
932 4288 989 4349 gilts
1000 4289 1028 4338 ol
1034 4286 1075 4336 the
1087 4285 1155 4351 Holy
1167 4285 1255 4350 thst,
1272 4292 1299 4342 in

113 4384 229 4447 mrchmg
240 4391 284 4434 out
295 4381 335 4430 sin
346 4379 395 4429 and
406 4379 625 4445 purginginiquity
637 4379 700 4426 from
718 4375 759 4426 the
776 4377 839 4432 soul,
873 4375 996 4424 Believcrs
1005 4389 1067 4423 were
1078 4373 1182 4440 builtup
1193 4376 1220 4426 iu
1237 4378 1299 4429 their

114 4475 169 4521 niort
178 4466 338 4538 hclyscitlt.'’
372 4467 429 4516 Tho
440 4465 571 4528 testimony
584 4463 611 4512 of
620 4458 727 4512 Christ’s
738 4461 828 4512 second
841 4456 981 4526 uppesring.
998 4459 1166 4511 Introduction
1177 4477 1201 4528 p.
1213 4464 1298 4514 xxxiv.

114 4555 168 4608 Ilcx
178 4558 297 4608 Flemus
309 4556 403 4606 Fre-rr.

144 4646 182 4712 (2)
203 4650 214 4695 l
228 4644 287 4696 Gor.
296 4643 348 4694 xiv.
357 4644 398 4691 34.
