2798 5092
427 439 430 451 .
497 349 554 411 DE
575 347 852 410 sacurtDO'rlo.
1248 356 1287 412 27

133 509 220 589 Resp.
241 509 338 570 Obvia
350 518 411 568 srst
423 509 493 568 ratio
506 527 557 568 cur
569 509 889 588 sacerdoteschristiani
904 511 1021 568 nomine
1035 509 1084 569 illo
1098 507 1174 568 haud
1195 509 1288 587 desig-

98 620 236 676 narentur,
260 627 328 682 quo·
339 607 551 685 appellabantur
574 605 752 679 Judaeorum,
766 607 811 665 vel
835 606 1025 666 Ethniccrum
1046 605 1227 676 sacerdotes3
1251 625 1286 665 eo

95 708 166 765 eninr
188 706 399 784 intelligebatur
417 705 465 765 ille
489 704 538 778 qui
566 705 706 763 mactabat
729 705 892 762 animantia.
941 704 1037 772 Quum
1064 703 1151 782 igitur
1174 705 1284 763 Christi

95 803 184 862 oblato
198 803 227 861 in
242 821 328 861 cmce
342 803 492 869 sacrificio,
510 803 570 879 jam
586 811 703 860 omenta
713 802 790 859 nulla
802 800 947 859 offerenda
957 801 1031 861 foret
1044 803 1168 871 victima,
1181 802 1287 880 placuit

95 908 264 971 merueramus
278 918 380 958 vocare
403 899 569 976 Apostolos,
592 916 751 972 omnesque
766 898 838 956 sacri
862 898 1013 957 ministerii
1034 909 1192 967 consortes,
1216 917 1285 957 voce

84 994 230 1064 estrimes,
253 1015 372 1057 munere
397 999 487 1074 magis
519 1016 604 1072 quam
631 1008 721 1063 atate,
736 995 889 1055 indicante.
932 995 1075 1055 Caeterum
1102 972 1284 1056 distinctione

97 1091 180 1150 semel
193 1093 310 1162 statuta}
324 1105 353 1152 et
366 1093 470 1152 diffusa
484 1093 621 1171 religione
635 1093 798 1161 christiana,
813 1117 882 1164 ιερεις
895 1093 1003 1170 passim
1013 1094 1185 1153 vocabantur
1196 1114 1287 1153 sacer-

96 1184 171 1245 dotes
186 1188 309 1259 Christi,
322 1209 411 1265 quum
431 1192 492 1268 jam
508 1190 647 1250 nonforet
659 1190 828 1268 periculum,
841 1207 877 1249 ne
889 1208 956 1249 cunr
972 1190 1093 1249 ethnicis
1108 1191 1153 1250 vel
1163 1191 1287 1270 judaicis

95 1283 286 1344 sacerdotibus
309 1287 564 1365 confunderentur:
610 1288 729 1363 ipsaque
752 1305 808 1345 vox
831 1296 991 1359 πρεσβυτερος
1012 1305 1050 1345 ex
1072 1306 1126 1344 usu
1150 1287 1288 1361 loquendi

85 1381 268 1441 sacerdotem
282 1382 456 1460 designabat,
472 1383 544 1442 adeo
559 1393 590 1442 ut
600 1377 753 1460 'plerasque
768 1383 803 1442 ad
817 1383 929 1460 linguas
943 1383 1069 1460 Europae
1085 1383 1210 1444 traducta
1223 1403 1288 1445 eam

95 1475 162 1537 ierat
185 1480 444 1565 significationem
466 1482 600 1541 omuibus
625 1480 735 1540 scilicet
755 1480 902 1538 christiani
928 1481 1053 1539 nominis
1079 1481 1288 1558 professoribus

96 1575 207 1635 inhaesit
215 1579 354 1638 sacrificii
368 1588 397 1638 et
410 1579 561 1639 sacerdotii
575 1580 663 1638 notio.

132 1679 181 1733 35.
207 1668 275 1756 obj.
291 1683 320 1736 2.
343 1679 537 1739 Sacerdotium
553 1678 662 1737 nullum
676 1677 706 1736 in
720 1695 793 1735 nora
807 1676 870 1753 lege
884 1688 929 1734 est
942 1688 1044 1753 praeter
1058 1677 1128 1738 illud
1149 1697 1207 1752 quo
1228 1680 1290 1738 lun·

96 1767 168 1849 gitur
182 1772 317 1833 Christus
332 1775 408 1854 apud
422 1776 547 1844 Patrem,
562 1774 703 1834 Sacerdos
715 1775 745 1833 in
760 1785 917 1832 aternum:
941 1774 1017 1848 quod
1032 1786 1126 1835 autern
1139 1775 1293 1837 adstruitur

94 1866 242 1928 hominum
267 1871 334 1929 sua's
356 1872 434 1930 vices
454 1872 624 1950 gerentium,
638 1871 777 1929 latissimo
801 1869 924 1944 quodam
948 1889 1035 1928 sensu
1056 1872 1095 1930 ita
1120 1874 1289 1952 appellatur,

99 1978 185 2038 quum
198 1968 324 2043 mystica
345 1969 383 2027 si't
396 1969 512 2035 oblatio,
527 1968 599 2044 ipsis
622 1967 773 2026 fatentibus
799 1967 956 2025 catholicis.
999 1968 1048 2027 Eo
1068 1970 1184 2043 quidem
1206 1990 1294 2030 sensu

87 2077 197 2123 -umnes
213 2055 372 2126 Christiani
386 2066 548 2126 sacerdotes
563 2064 620 2123 dici
634 2075 752 2138 queunt,
764 2063 848 2139 juxta
861 2063 931 2121 illud
947 2065 1044 2122 Petri:
1068 2068 1293 2127 “sacerdotium

100 2149 237 2232 sanctum,
250 2163 355 2223 offerre
377 2162 538 2242 spirituales
552 2162 673 2229 hostias,
695 2160 884 2236 acceptabiles
906 2160 970 2218 Deo
992 2180 1043 2238 per
1068 2163 1171 2222 Jesum
1193 2164 1294 2223 Chris·

100 2258 210 2329 tum;’'²
235 2262 360 2339 “regale
385 2242 626 2320 sacerdotium.’⁴⁸
666 2257 745 2317 Hinc
768 2259 860 2316 sancti
883 2258 974 2336 gloria
1001 2260 1108 2319 caelesti
1136 2261 1293 2339 gaudentes

99 2354 195 2416 dicunt
206 2355 395 2416 de'Ohristo:
419 2367 438 2394 ‘⁴
449 2356 517 2415 fecit
530 2375 582 2414 nos
598 2372 717 2432 regnum
733 2364 761 2410 et
778 2352 940 2412 sacerdotes
956 2354 1020 2413 Deo
1035 2366 1063 2414 et
1078 2356 1156 2415 Patri
1170 2356 1274 2417 suo.”⁸

90 2498 94 2505 .
136 2452 225 2531 Resp.
248 2453 343 2512 Obvia
365 2472 399 2511 ac
420 2471 488 2511 vero
512 2468 600 2509 sensu
622 2448 811 2508 sacerdotium
835 2463 889 2515 est,
905 2468 995 2524 quum
1017 2450 1133 2511 victima
1158 2453 1293 2530 praeclara

100 2551 179 2622 adsit,
194 2565 223 2610 et
237 2570 303 2610 vere
318 2551 383 2610 Deo
397 2551 541 2610 offeratur.
583 2548 684 2626 Longe
699 2547 805 2606 distant
825 2547 989 2606 sacerdotes
1004 2569 1020 2607 a
1034 2549 1163 2610 fidelium
1178 2563 1294 2612 caetero·

100 2669 160 2709 rum
173 2647 349 2716 conditione,
364 2649 412 2722 qui
426 2645 615 2708 sacerdotium
631 2654 760 2703 sanctum
775 2643 908 2702 dicuntur
922 2663 957 2703 eo
972 2645 1050 2718 qood
1065 2647 1177 2706 valeant
1190 2649 1293 2707 offerre

101 2746 259 2825 spirituales
282 2746 400 2813 hostias,
426 2757 511 2822 prout
534 2743 659 2820 explicat
684 2743 746 2819 ipse
767 2742 940 2818 Apostolus,
965 2753 997 2800 ut
1021 2763 1070 2802 eos
1093 2745 1129 2804 ad
1153 2747 1295 2805 bonorum

102 2861 218 2920 operum
232 2842 400 2914 exercitium
415 2840 552 2899 hortetur.
585 2838 682 2897 Latior
695 2838 744 2895 illa
758 2839 837 2896 vocis
850 2841 1016 2916 acceptatio,
1031 2860 1094 2915 quae
1109 2846 1146 2900 eir
1160 2852 1296 2900 contextu

103 2939 198 3014 liquet,
213 2926 271 2998 non
288 2949 381 3015 potest
395 2937 519 3004 efficere,
535 2948 567 2994 ut
581 2955 644 3010 quae
659 2934 694 2993 de
710 2945 848 3012 potestate
864 2937 1035 2994 conficiendi
1051 2938 1253 2997 eucharistiam
1269 2951 1298 2996 et

104 3035 266 3096 absolvendi
278 3035 352 3094 dicta
364 3045 430 3093 sunt
440 3034 598 3112 Apostolis,
610 3044 639 3090 et
652 3032 714 3090 aliis
723 3033 772 3105 qui
785 3049 882 3088 eorum
895 3033 1045 3091 ministerii
1059 3047 1206 3094 consortes
1220 3048 1296 3103 aunt,

104 3135 136 3191 ab
150 3134 236 3193 obvio
258 3151 345 3190 sensu
366 3131 596 3205 detorqueantur.
639 3128 748 3186 Christi
775 3127 917 3205 legatione
938 3128 1104 3205 funguntur,
1121 3133 1206 3209 juxta
1228 3132 1297 3191 illud

105 3231 202 3290 Pauli:
226 3240 246 3267 “
257 3230 316 3289 Pro
330 3229 447 3287 Christo
461 3229 603 3306 legatione
622 3226 816 3303 fungimur.’'⁴

142 3331 189 3387 36.
215 3325 283 3407 obj.
298 3331 327 3385 3.
348 3324 543 3385 Tertullianus
564 3323 674 3382 nullum
697 3322 887 3382 sacerdotium
911 3323 943 3383 in
966 3342 1040 3382 nova
1061 3323 1139 3401 Lege
1160 3325 1297 3386 divinitus

106 3424 260 3485 institutum
276 3424 409 3502 aguntur
432 3421 483 3481 sed
497 3420 657 3480 officiorum
672 3419 827 3478 discrimen
842 3432 930 3478 totum
943 3421 978 3478 ad
993 3421 1133 3481 Ecclesiae
1146 3426 1297 3485 consuetu·

107 3504 328 3596 dinem'retulitr
351 3541 439 3596 quum
453 3521 530 3578 enim
545 3528 642 3578 contra
657 3519 770 3595 nuptias
786 3519 926 3577 secundas
941 3518 1121 3596 disceptaret,
1137 3541 1186 3580 eas
1207 3527 1300 3584 omni·

106 3622 155 3680 bus
169 3623 270 3680 vetitas
286 3619 364 3685 dicit,
377 3638 412 3677 eo
427 3618 503 3692 quod
518 3617 650 3675 omnibus
663 3616 833 3674 conveniant
845 3620 964 3673 munera
974 3616 1169 3678 sacerdotalia.
1193 3621 1299 3680 “Vani

107 3722 240 3790 erimus‚”
256 3719 361 3794 inquit,
376 3727 396 3755 ‘⁴
406 3720 432 3775 si
446 3717 638 3794 putaverimus
651 3713 728 3789 quod
738 3715 931 3772 sacerdotibus
946 3716 1095 3785 nonlicet,
1110 3718 1189 3776 laicis
1201 3719 1297 3777 licere.

108 3819 207 3879 Nonne
222 3831 250 3878 et
266 3817 333 3876 laici
348 3815 508 3874 sacerdotes
523 3813 643 3872 sumus?
680 3813 824 3888 Scriptum
840 3822 902 3868 est:
924 3811 1068 3890 Regnum
1078 3832 1192 3892 quoque
1205 3833 1259 3872 nos
1272 3825 1300 3875 et

107 3917 265 3977 secerdotes
280 3914 345 3973 Deo
360 3921 387 3972 et
401 3911 491 3972 Patri
505 3929 558 3970 suo
569 3909 658 3991 serit.
701 3908 901 3968 Differentiam
916 3910 989 3968 inter
1003 3909 1132 3970 ordinem
1145 3923 1173 3968 et
1187 3911 1301 3987 plebem

108 4018 245 4078 coustituit
259 4011 404 4074 Ecclesiae
421 4010 582 4076 auctoritas,
597 4018 626 4067 et
641 4007 733 4067 honor
747 4026 798 4085 per
811 4006 919 4065 ordinis
929 4026 1098 4067 consessum
1110 4008 1302 4068 sanctificatus

107 4112 203 4174 alteo.
247 4109 311 4172 Ubi
325 4105 512 4177 ecclesiastici
534 4105 643 4165 ordinis
657 4123 716 4164 non
736 4113 781 4162 est
791 4121 966 4172 consessus,
983 4117 1011 4162 et
1024 4101 1122 4171 offers,
1138 4113 1167 4161 et
1181 4104 1299 4182 tinguis,

502 4348 505 4353 ·
572 4322 592 4373 Ι.
605 4321 658 4371 Pet.
668 4319 695 4369 ii.
707 4321 731 4369 5.

571 4407 664 4458 Ibidem
676 4408 700 4455 9.

723 4744 746 4785 s.
