2798 5092
97 374 135 430 84
452 367 510 428 ΒΕ
530 367 664 429 steno
686 365 921 426 COELIBA'l'U.

97 547 152 588 one
168 528 233 588 ideo
246 546 278 587 sa
303 528 433 596 abstinet,
462 527 611 586 anatliema
634 525 717 584 sit.”¹
756 525 912 602 Episcopo
937 533 966 582 et
989 521 1164 600 presbyterio
1196 519 1295 585 etiam.

96 644 203 685 uxores
218 625 326 683 scilicet
340 625 540 701 episcopomm
558 635 587 681 et
600 625 843 705 presbytemrum,
863 623 973 699 passim
996 621 1026 679 in
1048 618 1193 678 veteribus
1207 617 1297 675 docu-

96 726 201 783 mentis
216 725 406 783 nominantur.

135 821 225 900 Resp.
249 822 382 879 Oanones
404 818 471 877 dicti
492 818 640 896 apostolici
666 830 821 876 noscuntur
837 817 917 895 plura
939 815 1164 887 continereque
1184 812 1294 889 impro-

96 919 188 977 banda
212 929 288 985 sunt,
303 929 332 975 et
355 916 390 974 ab
413 916 554 973 hoeretiois
577 915 771 973 sanctionibus
793 914 934 972 veteribus
957 911 1132 971 fraudulente
1155 909 1294 968 admixta.

97 1014 241 1073 Caeterum
257 1014 324 1072 licet
337 1013 479 1090 objectum
494 1011 638 1070 decretum
654 1010 810 1088 intelligere
824 1010 860 1068 de
882 1028 939 1068 non
954 1006 1111 1066 deserenda
1125 1022 1229 1071 uxore,
1245 1003 1293 1062 cui

95 1115 205 1173 scilicet
218 1111 444 1171 subveniendum
460 1120 505 1168 est
524 1121 552 1169 et
573 1109 791 1168 consulendum.
833 1109 999 1167 Concilium
1015 1108 1186 1184 Gangrense
1204 1104 1296 1162 vetuit

95 1210 219 1283 nequis
242 1220 386 1267 recusaret
410 1210 547 1266 interesse
573 1207 713 1264 sacrificio
737 1207 894 1283 presbyteri
919 1205 969 1280 qui
994 1216 1059 1262 ante
1083 1203 1293 1261 ordinationem

93 1324 213 1364 uxorem
239 1303 584 1376 duxeratapsyopqxdron
604 1305 740 1380 agebatur
764 1303 840 1360 enim
867 1302 901 1359 de
927 1300 1072 1359 Eustatlrii
1098 1318 1150 1357 seu
1176 1297 1294 1357 Euctati

95 1401 223 1468 asseclis,
239 1401 288 1474 qni
303 1402 416 1478 nuptias
431 1418 547 1478 prorsus
560 1399 738 1468 damnantes,
753 1419 769 1456 a
784 1397 978 1456 sacerdotibus
1000 1396 1050 1470 qui
1066 1390 1293 1461 matrimonium,

94 1497 163 1556 dum
177 1497 242 1556 laici
257 1511 362 1565 essent,
378 1498 508 1564 inierant,
524 1497 720 1562 abhorrebant,
736 1507 764 1553 et
777 1496 865 1553 laicos
875 1494 1073 1570 conjugatos-a
1088 1491 1294 1562 communione

94 1593 278 1671 repellebant.
321 1595 435 1652 Uxores
451 1595 652 1670 episcoporum
668 1603 695 1650 et
710 1593 941 1669 presbyterorum
957 1590 1054 1649 titulos
1075 1589 1141 1648 illos
1155 1590 1206 1662 qui
1221 1588 1294 1666 obji-

96 1688 208 1746 ciuntur
228 1689 361 1746 habuisse
386 1689 515 1757 latemur,
531 1707 578 1747 eas
601 1688 711 1746 scilicet
724 1707 787 1762 quae
812 1698 967 1764 nupserant
988 1686 1080 1753 laicis,
1096 1685 1236 1763 deinceps
1257 1683 1292 1742 ad

95 1802 174 1842 sacra
189 1804 307 1843 munera
320 1787 446 1845 evectis:
469 1786 520 1844 sed
542 1785 609 1844 inde
624 1805 680 1844 non
696 1786 824 1859 sequitur
835 1803 884 1843 eas
900 1784 974 1842 thori
990 1783 1134 1842 consortio
1154 1783 1211 1841 lrui
1226 1801 1294 1841 corr-

95 1884 234 1942 suevisse.

136 1984 202 2040 170.
226 1981 293 2061 ouj.
312 1987 358 2042 12.
381 1984 456 2043 Ante
469 1983 603 2061 Gregorii
614 1981 684 2042 Vll.
696 1993 824 2060 tempora
838 1981 986 2040 coelibatus
999 1980 1062 2058 lege
1078 1979 1224 2057 injunctus
1234 2001 1294 2041 nou

93 2091 146 2148 est,
162 2101 226 2139 nam
241 2081 403 2140 sacerdotes
419 2085 525 2160 passim
541 2083 651 2140 inibant
665 2082 798 2159 nuptias:
821 2082 924 2154 quibus
948 2079 1038 2138 semel
1052 2079 1132 2137 initis
1146 2080 1199 2149 uti,
1215 2092 1292 2139 tete·

94 2197 156 2237 rurn
172 2179 298 2236 moribus
314 2189 358 2237 est
372 2198 552 2237 concessum.

133 2274 223 2352 Resp.
247 2276 318 2341 Quae
333 2274 504 2334 adduximus
519 2275 706 2333 conciliorum
718 2283 747 2331 et
758 2274 925 2351 pontificum
936 2272 1049 2331 decreta
1059 2272 1154 2351 legem
1171 2274 1295 2350 probant

94 2384 193 2446 quarto
221 2373 326 2430 saeculo
352 2374 507 2450 vigentem,
531 2392 594 2446 quae
617 2372 651 2431 ad
676 2374 738 2450 ipsa
765 2372 906 2431 Ecclesiae
933 2371 1087 2450 primordia
1109 2372 1292 2432 referebatur.

95 2469 179 2536 Quod
204 2469 317 2546 plurimi
332 2469 445 2528 decimo
468 2470 513 2529 vel
528 2470 680 2529 undecimo
695 2471 802 2530 saeculo
825 2471 937 2529 illicitas
959 2471 1152 2529 contraxerint
1166 2471 1293 2549 nuptias,

94 2577 191 2626 contra
205 2566 308 2643 legem,
324 2576 352 2624 et
366 2565 451 2625 totius
467 2567 641 2640 antiquitatis
657 2568 790 2647 exempla
802 2566 905 2627 sactum
919 2577 980 2625 est:
1003 2569 1143 2626 necenim
1157 2567 1293 2627 sacerdos

94 2664 197 2736 aliquis
226 2665 353 2722 noscitur
380 2665 538 2723 intantum
561 2665 699 2743 flagitium
724 2666 860 2725 incidisse
882 2679 946 2724 ante
971 2666 1058 2724 finem
1080 2666 1150 2725 noni
1170 2666 1296 2725 saeculis

95 2761 223 2819 Fuerunt
237 2760 352 2834 quidem
369 2761 509 2836 prioribus
524 2763 637 2820 saeculis
659 2763 708 2836 qui
735 2765 884 2821 utebantur
898 2763 1079 2822 matrimonio
1096 2773 1161 2820 ante
1175 2762 1293 2821 ordines

94 2869 244 2934 susceptos
259 2857 340 2926 inito,
363 2858 414 2916 sed
434 2858 633 2917 animadvertit
653 2861 685 2917 S.
701 2859 885 2936 Epiphanius
899 2879 907 2927 ;
930 2869 950 2895 ‘⁶
962 2878 1021 2917 non
1036 2857 1104 2916 illud
1120 2876 1157 2916 ex
1171 2859 1292 2917 canonis

93 2955 257 3014 auctoritate
272 2954 384 3013 fieri.”³
423 2956 638 3015 continentiam
653 2978 669 3015 a
683 2958 840 3015 canonibus
862 2957 939 3033 exigi
960 2957 1044 3034 juxta
1058 2956 1192 3033 Apostoli
1207 2958 1294 3014 verba

93 3072 156 3127 quae
172 3052 379 3130 interpretatur,
394 3052 498 3112 docet:
522 3055 628 3121 “Quin
644 3074 709 3113 eum
725 3056 853 3131 insuper,
878 3054 927 3127 qui
949 3052 1041 3112 adhuc
1062 3054 1093 3110 in
1108 3052 1292 3113 matrimonio

91 3150 170 3230 degit
185 3170 217 3208 ao
231 3150 328 3208 liberis
343 3151 391 3209 dat
403 3170 531 3228 operam,
542 3153 653 3209 tametsi
669 3153 754 3210 unius
770 3153 807 3209 sit
817 3152 917 3209 uxoris
932 3151 984 3220 vir,
1001 3169 1181 3224 nequaquam
1197 3161 1291 3210 tamen

92 3247 128 3306 ad
148 3247 271 3314 diaconi,
287 3248 459 3324 presbyteri,
481 3248 621 3324 episcopi,
644 3258 692 3305 aut
713 3247 908 3325 hypodiaconi
933 3247 1063 3305 ordinem
1085 3244 1218 3314 admittit,
1241 3247 1291 3305 sed

90 3365 155 3403 eum
171 3344 307 3402 duntaxat
322 3343 370 3417 qui
386 3344 420 3401 ab
434 3344 519 3402 unius
531 3345 630 3402 uxoris
645 3344 850 3403 consuetudine
866 3363 930 3402 sese
945 3343 1127 3410 continuerit,
1144 3355 1193 3401 aut
1206 3364 1240 3406 es
1256 3344 1293 3403 sit

91 3441 226 3499 orbatus:
249 3440 326 3514 qnod
340 3442 370 3499 in
385 3440 441 3499 illis
456 3441 527 3500 locis
543 3443 685 3523 praecipue
700 3443 742 3510 lit,
757 3441 805 3499 ubi
821 3441 1006 3514 ecclesiastici
1021 3458 1146 3498 canones
1161 3455 1291 3500 accurate

90 3539 283 3597 servantur.’'⁴

400 3994 426 4067 ξ.
440 3992 479 4053 lI.
502 3993 737 4087 Duprspiaanns
750 4011 971 4053 excarpsum.

130 4173 196 4228 171.
220 4167 459 4242 Antiquissimum
480 4189 545 4228 esse
560 4171 708 4229 coelibatus
723 4169 915 4248 disbiplinam,
936 4172 1022 4232 etiam
1039 4191 1074 4230 ea
1086 4190 1123 4230 ex
1139 4182 1220 4249 parte
1236 4190 1292 4246 qua

89 4284 158 4325 usus
179 4267 407 4349 conjugiijprius
428 4268 490 4327 initi
512 4268 600 4327 sacris
621 4270 759 4328 ministris
781 4281 900 4340 vetatur,
922 4289 959 4330 ex
981 4271 1146 4349 disceptatis
1168 4281 1289 4331 constat.
