2798 5092
144 360 204 417 246
469 352 525 413 DE
546 350 839 413 BEATITUDINE
860 353 1060 416 AETERNA.

186 521 217 574 2.
239 511 382 592 Begusrdi
410 523 439 572 et
460 511 598 590 Beguinm
617 511 724 570 seculo
750 512 810 572 xiv.
835 511 993 572 docuerunt
1020 514 1116 573 Deum
1140 515 1175 573 eb
1196 511 1340 572 intellectu

153 622 246 673 cresto
270 611 360 670 videri
375 629 472 689 posse,
497 619 525 667 et
539 610 694 668 “animum
720 627 777 667 non
800 609 927 688 indigere
945 610 1053 670 lumine
1077 612 1174 690 glorie
1188 611 1282 688 ipsam
1296 608 1351 666 ele·

153 720 241 770 vante
257 708 292 769 od
304 707 458 768 videndum
481 707 575 767 Deum
589 707 620 765 :'‘
641 709 691 780 qui
715 725 793 765 error
805 707 896 766 suerat
909 710 947 767 iv.
963 709 1069 769 seculo
1083 711 1300 775 Anomaeornm
1321 714 1349 765 et

153 807 307 867 aconcilio
318 805 477 865 Viennensi
501 806 603 864 iterum
625 803 774 863 damnatus
788 814 843 864 est.
883 806 1030 880 Equidem
1053 808 1210 883 Scripturae
1231 805 1352 883 glorium

153 905 298 964 coelestem
312 921 449 982 magnum
464 902 521 962 Dei
543 901 650 960 donum
665 920 730 960 esse
755 901 930 979 predicent:
953 912 973 940 ‘⁶
983 903 1094 963 Oculus
1108 923 1167 964 non
1180 902 1256 963 vidit
1269 901 1352 962 Dens

153 1003 260 1075 absque
274 1012 300 1060 te
315 1019 379 1075 que
394 1001 557 1078 praepsrnstl
573 1000 790 1076 expectantibus
804 999 881 1058 te.”²
922 1010 942 1038 ‘⁸
956 1000 1086 1059 Gratiam
1096 1011 1125 1059 et
1137 1000 1258 1079 gloriam
1272 999 1356 1059 dabit

152 1096 345 1157 Dominus.’''
374 1094 587 1162 “GratisDei‚
603 1095 659 1152 vite
680 1094 830 1153 estorns.”⁸
860 1096 892 1154 S.
908 1095 1033 1156 lreueeus
1048 1099 1106 1156 sit:
1129 1095 1356 1164 “Quemadmo-

150 1193 220 1254 dum
234 1193 364 1253 videntes
383 1192 482 1252 lumen
503 1193 576 1251 intro
595 1191 694 1251 lumen
714 1203 790 1260 sunt,
805 1202 835 1251 et
848 1192 1003 1253 claritatem
1024 1195 1088 1271 ejus
1103 1195 1279 1272 percipiunt.
1303 1194 1352 1251 Sic

153 1293 244 1365 etqui
259 1291 358 1349 vident
372 1289 478 1359 Deum,
494 1289 567 1348 intra
587 1288 682 1347 Deum
700 1301 777 1357 suut,
792 1290 983 1367 percipientes
997 1292 1060 1369 ejus
1075 1292 1230 1350 cleritatem
1245 1311 1253 1348 :
1276 1291 1358 1349 Vivi-

151 1388 217 1446 ficet
231 1398 326 1448 nutem
343 1406 394 1447 eos
408 1387 538 1454 cleritas3
561 1386 722 1463 percipiunt
735 1404 804 1464 ergo
819 1387 916 1455 vitem,
929 1389 979 1461 qui
993 1387 1091 1447 vident
1106 1387 1253 1448 Deum.⁸'⁴

191 1490 221 1544 3.
243 1485 358 1544 Infinita
382 1484 439 1543 Dei
466 1493 563 1543 nature
591 1493 759 1542 serectute
786 1484 873 1551 nulla,
899 1485 985 1544 etiem
1011 1504 1135 1562 superne
1155 1485 1305 1545 illustrate
1331 1496 1359 1544 et

152 1581 257 1659 adjuta,
283 1579 488 1658 comprehendi
504 1591 609 1657 potest,
625 1578 706 1638 Deus
729 1581 807 1639 euim
833 1579 1000 1658 predicatur
1025 1591 1045 1618 “
1056 1601 1178 1659 magnus
1193 1583 1319 1642 consilio
1332 1594 1360 1645 et

153 1679 451 1756 incompreheusibilis
466 1678 636 1756 cogitatu.”⁶
677 1688 696 1716 ‘⁶
710 1677 956 1737 Immensumbilis
966 1679 986 1706 ’⁹
1002 1679 1105 1739 dicitur
1119 1682 1154 1739 ab
1171 1680 1285 1741 Irenaeo
1299 1690 1318 1718 ‘⁶
1328 1682 1358 1740 in

154 1774 240 1835 corde
265 1775 356 1844 Deus,
382 1787 410 1834 et
430 1774 728 1853 incomprehensibilis
749 1776 778 1834 in
800 1774 942 1834 animo.’'⁰
981 1776 1160 1854 Augustinus
1175 1790 1273 1837 eutem
1295 1779 1353 1837 eit:

156 1873 346 1952 “Adtingere
358 1874 533 1948 aliquantum
559 1884 653 1933 mente
680 1873 788 1942 Deum,
804 1892 907 1951 magne
926 1874 1070 1933 beatitudo
1091 1885 1145 1943 est,
1168 1877 1359 1955 comprehen-

154 1971 221 2031 dero
243 1981 337 2031 eutem
365 1971 483 2030 omnino
511 1970 738 2048 impossibile.”⁷
780 1969 866 2037 Quod
894 1971 979 2048 igitur
1003 1970 1106 2030 dicitur
1131 1973 1167 2030 nb
1194 1974 1357 2051 Apostolo.

156 2079 176 2108 “
187 2071 272 2129 Tunc
287 2080 381 2128 autem
397 2087 579 2147 cognoscem,
595 2069 669 2128 sicut
682 2080 711 2127 et
731 2069 864 2146 cognitus
887 2068 996 2128 rum”⁸
1009 2070 1113 2128 claram
1129 2069 1188 2129 Dei
1205 2071 1358 2140 visionem,

157 2186 215 2227 non
230 2167 387 2244 perfectam
404 2165 692 2244 comprehensionem
707 2162 823 2223 indicat.

533 2557 558 2629 §.
574 2554 600 2613 Ι.
622 2554 670 2614 Du
686 2573 805 2615 occure
820 2575 975 2617 ememus.

198 2719 227 2774 4.
251 2713 365 2775 Gradus
379 2731 445 2772 esse
465 2711 593 2773 diversos
607 2712 704 2793 glorie
728 2723 757 2773 et
776 2713 969 2785 beatitudinis,
992 2717 1122 2790 quemvis
1144 2737 1203 2778 una
1227 2721 1360 2781 omnibus

159 2814 197 2872 sit
210 2814 300 2891 gloria
316 2810 486 2878 essentialis.
503 2810 584 2871 Deus
598 2829 703 2889 nempe
718 2812 808 2882 visus,
824 2810 895 2871 fides
907 2813 1009 2873 docet:
1036 2814 1190 2876 concilium
1206 2819 1285 2878 enim
1298 2817 1362 2878 Flo·

159 2910 302 2968 rentinnm
328 2908 457 2968 definivit
477 2918 590 2968 sanctos
611 2918 818 2985 postmortem
841 2910 936 2969 Deum
950 2910 1064 2980 intueri,
1086 2921 1106 2949 “
1118 2931 1172 2990 pro
1192 2916 1359 2978 meritorum

159 3015 254 3066 tamen
268 3006 441 3075 diversitate,
456 3005 543 3065 alium
555 3005 610 3064 alio
620 3005 807 3082 perfectius.”
838 3007 1010 3067 Meritorum
1023 3019 1053 3066 et
1067 3011 1253 3085 premiorum
1267 3012 1357 3073 diver·

158 3104 271 3162 nitatem
299 3102 413 3181 negavit
434 3102 534 3176 quinto
559 3100 666 3161 saeculo
690 3100 874 3172 desinimus,
902 3121 988 3177 quem
1011 3103 1113 3163 refellit
1141 3105 1351 3187 Hieronymus.

158 3201 301 3260 Lutherus
337 3200 423 3260 etiem
451 3217 488 3257 ex
516 3197 657 3275 principio
685 3198 720 3256 de
762 3200 819 3260 fide
840 3201 1016 3279 justificante
1044 3201 1074 3261 iu
1101 3203 1226 3265 eundem
1264 3207 1360 3269 incidit

162 3317 298 3358 errorem.

667 3472 852 3517 Puososfflo.

204 3613 308 3674 Sancti
321 3613 421 3675 Deum
434 3613 545 3683 uident,
551 3631 609 3691 pro
622 3614 797 3675 meritorum
811 3623 912 3677 tumen
926 3619 1097 3685 diversitate
1110 3623 1191 3685 alius
1215 3625 1276 3686 ulio
1299 3644 1359 3705 per·

153 3711 280 3791 sectius.

201 3805 354 3866 Probatur
369 3806 395 3866 1.
410 3824 447 3866 eu·
464 3803 640 3887 Scripturis.

202 3909 231 3962 5.
254 3903 389 3966 Christus
411 3903 481 3965 dicit
504 3906 677 3983 Apostolis:
699 3915 719 3943 ‘⁴
733 3905 767 3966 ln
791 3908 877 3972 domo
904 3914 998 3975 Patris
1012 3918 1069 3975 mei
1083 3919 1252 3980 mansiones
1268 3921 1356 3981 multu

461 4064 504 4130 (1)
526 4062 597 4114 lenite
609 4065 667 4116 lxiv.
678 4067 704 4115 4.

460 4148 504 4215 (2)
524 4148 568 4198 Ps.
583 4149 680 4201 lxxxiii.
692 4154 732 4203 12.

460 4234 502 4302 (³)
525 4234 597 4285 Rom.
609 4236 693 4289 ΜΒ.

462 4321 502 4388 (4)
523 4320 554 4373 L.
565 4322 598 4372 iv.
610 4323 664 4372 edu.
678 4324 735 4375 hnr.
746 4341 767 4377 c.
779 4327 872 4378 xxxvii.

461 4404 503 4473 (5)
521 4407 570 4458 lor.
581 4409 659 4458 xxxii
672 4409 711 4459 19.

464 4496 503 4559 (θ)
522 4492 553 4547 L.
564 4494 597 4546 iv.
606 4495 661 4547 ndr.
672 4496 728 4548 her.
740 4514 761 4549 c.
772 4499 823 4548 xix.
833 4514 859 4549 n.
870 4503 894 4550 2.

461 4578 503 4648 (7)
523 4580 601 4632 Sorm.
612 4583 684 4633 cxvii
697 4583 728 4634 ds
739 4584 817 4634 verbis
828 4583 924 4650 Brenn.
936 4586 1007 4639 Jonu.
1018 4603 1039 4639 c
1052 4605 1075 4638 v.

464 4665 502 4734 (8)
525 4669 536 4715 1
551 4664 609 4719 θα.
619 4667 671 4720 xiii.
684 4670 722 4720 12.
