2812 5092
555 377 780 439 APPENDIX.
1207 385 1267 442 365

121 534 288 595 Concilium
302 535 454 596 Pisonum
469 555 544 595 anno
568 538 649 594 troo·
665 538 791 596 habitum
807 546 862 603 est,
878 537 998 615 praeside
1016 535 1161 598 cardinali
1174 539 1268 599 Picta·

72 633 177 699 viensi‚
191 644 222 690 ut
229 634 295 710 jura
316 632 547 692 contendentium
562 633 597 693 de
619 647 723 711 papatu
745 633 1008 702 determinarentur,
1022 637 1153 713 Angelus
1178 638 1267 696 Gora·

72 732 132 790 rius
147 733 235 799 enlm,
252 731 408 809 Gregorius
423 732 492 791 XII.
520 731 623 799 dictus,
639 745 667 790 et
681 733 783 791 Petrus
798 732 833 790 de
848 733 940 800 Luna.
956 744 1103 810 assumpto
1118 733 1267 794 Benedicti

70 830 167 897 xttt„
194 830 320 899 nomine,
344 831 538 907 pontificatum
563 831 618 889 sibi
644 831 832 889 vindicabant.
876 832 1014 908 Aggressi
1041 846 1108 892 sunt
1129 836 1266 911 praesules

70 937 224 1000 utrumque
232 928 297 1004 jure
312 938 453 1004 praetenso
467 927 601 1004 spoliare,
616 940 767 986 etcertum
782 929 946 1005 pontificem
957 929 1062 1009 eligere
1077 929 1265 1002 Philaretum,

71 1028 121 1099 qui
136 1025 299 1084 Alexander
311 1025 349 1084 V.
365 1036 481 1084 vocatus
507 1038 570 1094 est;
593 1025 643 1084 sed
669 1025 735 1093 inde
757 1036 870 1085 auctum
896 1036 941 1084 est
954 1028 1117 1088 schismatis
1138 1029 1265 1100 malunt

71 1125 138 1200 Ipso
152 1126 228 1181 emm
248 1123 349 1188 electo,
365 1105 551 1200 perrexerunt
564 1123 612 1182 alii
633 1122 690 1180 duo
705 1125 899 1182 auctoritatem
921 1125 1095 1201 pontificiam
1108 1126 1202 1187 adhuc
1215 1147 1265 1187 ex·

72 1237 178 1286 emere,
200 1218 271 1276 adeo
295 1233 326 1277 ut
350 1216 464 1277 tresde
490 1229 593 1295 papatu
622 1219 835 1279 contenderent.
877 1221 1042 1280 Alexander
1070 1235 1136 1299 post
1156 1243 1263 1285 annum

21 1322 24 1327 '
73 1317 161 1383 oblim
184 1317 267 1389 elque
293 1316 456 1374 Balthassar
482 1316 576 1375 Cossa
601 1317 737 1376 suffectus
762 1327 816 1386 est,
839 1318 966 1378 loannes
987 1319 1101 1378 XXIII.
1130 1319 1267 1402 deinceps

75 1425 201 1481 vocatus,
217 1415 265 1486 qui
288 1413 322 1471 ad
337 1413 463 1472 schisma
486 1413 643 1473 fiuIendum
670 1413 847 1474 Constantio
873 1415 972 1475 habuit
996 1417 1160 1488 concilium,
1176 1420 1267 1499 SIgis·

74 1510 182 1570 mundo
195 1512 363 1588 imperatore
377 1528 493 1588 operam
505 1530 586 1572 suam
602 1522 761 1592 prestante.
