2798 5092
121 338 180 395 1182
365 333 422 395 DE
443 333 675 395 CORPORUM
694 332 1075 417 RESURRECTIONE,

125 493 260 571 Apostoli
273 496 436 554 auctoritate
450 513 515 553 eum
539 495 625 554 veluti
645 494 773 554 divinum
793 494 897 573 dogma
916 492 1081 562 vindicavit,
1094 490 1309 552 difficultatibus

122 602 153 649 et
165 591 376 667 objectionibus
390 591 536 670 diligenter
550 592 700 650 excussis:
719 595 816 662 emam
832 589 910 646 marr
920 606 951 646 rc
967 606 1116 659 mmmm.
1133 592 1177 644 irc
1188 592 1228 643 tre
1244 604 1311 644 mc

122 706 168 745 ror
187 687 318 755 (inmotos,
329 706 359 745 ro
369 697 613 760 pbnprcvscorosoo
629 693 933 757 conumeraremus
947 690 1139 761 opbopcmsstn
1153 687 1313 758 {⁰⁰qu

125 792 174 833 sur
184 775 210 839 l}
221 777 369 841 decorum
379 795 426 835 roc
436 787 609 849 νεκρωδεντω,
619 801 663 835 sot
673 794 745 835 noras
755 779 888 842 imbuero»
898 796 946 835 serv
956 799 1147 850 saxopsowr
1156 783 1224 849 sim
1234 792 1313 845 sturm

123 866 303 934 dictatorum,
310 866 394 933 irrufes
403 886 535 939 consonent
546 871 643 932 δικωως
652 866 670 922 d
680 872 722 923 dm
729 885 774 923 ron
783 886 891 938 σωμικος
900 868 1009 939 ἔκραξεν,
1018 872 1068 925 ivre
1076 867 1169 939 arsabo,
1177 864 1228 921 lire
1241 886 1316 923 ms·

123 964 184 1001 —“
197 953 280 1020 Quod
294 968 423 1032 superest
436 957 538 1031 cuique
555 958 737 1034 perspicuum
751 967 804 1027 est,
817 968 947 1034 oportere
962 955 1119 1017 secuudum
1135 952 1309 1032 Apostolum

129 1050 184 1111 hoc
198 1053 379 1130 corruptibile
393 1065 422 1112 et
435 1053 599 1131 dissipabile
612 1053 728 1112 iuduere
743 1055 962 1131 corruptionem,
974 1064 1005 1112 ut
1016 1054 1163 1112 vivificatis
1175 1070 1213 1110 cx
1225 1068 1315 1112 resur·

124 1150 254 1221 ¹rectione
279 1150 326 1219 iis,
341 1169 404 1227 qum
427 1165 538 1209 mortua
561 1164 650 1221 erant,
676 1161 704 1209 et
725 1170 837 1210 rursum
857 1151 1017 1228 conjunctis
1031 1170 1095 1226 que
1109 1162 1252 1228 separata,
1266 1162 1315 1209 aut

124 1247 210 1307 etiam
225 1248 342 1311 omniuo
356 1247 504 1317 dissoluta,
518 1248 619 1309 meritd
633 1251 755 1324 quisque
769 1249 870 1309 referat
881 1268 945 1324 qum
959 1267 1128 1328 percorpus
1141 1249 1244 1327 gessit,
1252 1248 1314 1307 siue

123 1344 208 1411 bona,
222 1346 284 1403 sive
297 1344 419 1405 mala.”¹

164 1444 214 1501 91.
245 1442 455 1512 Tnuornmus,
476 1454 575 1503 sextus
596 1444 781 1503 Antiocheno
804 1444 944 1503 Ecclesiae
968 1445 1134 1523 episcopus,
1156 1461 1234 1503 anuo
1258 1446 1313 1503 tos

126 1549 318 1606 consecratus,
333 1538 368 1597 ad
390 1538 563 1615 Autolycum
587 1540 743 1598 Ethnicum
765 1541 903 1608 scribens,
919 1559 1031 1600 carnem
1046 1558 1111 1598 cum
1132 1539 1230 1601 anima
1251 1547 1316 1617 post

128 1637 376 1706 resurrectionem,
401 1637 589 1697 immortalem
614 1650 643 1697 et
667 1638 775 1699 beatam
797 1637 911 1697 famulis
938 1637 995 1697 Dei
1023 1638 1144 1698 suturam
1168 1637 1313 1699 affirmat:

125 1734 185 1789 drus
196 1730 278 1803 ἆποθη
289 1749 320 1788 so
331 1739 428 1805 §mrem
437 1756 480 1788 aas
491 1737 575 1805 arbom
585 1751 631 1807 rep·
642 1740 783 1805 dpbopurom
791 1751 849 1791 roes
860 1741 915 1803 ἔνθα
923 1732 983 1791 ror’
993 1733 1061 1799 nitor
1071 1752 1114 1791 ccv
1124 1743 1191 1801 §eor-
1203 1736 1318 1807 dsrprrpes

129 1840 175 1891 γαρ
187 1836 270 1890 decep
281 1837 358 1891 oupxo
368 1820 488 1883 mucro
500 1839 583 1893 correp
594 1830 662 1895 ψνχῃ
673 1825 752 1887 stro,
753 1855 858 1873 ·····
873 1822 1051 1889 Αωᾶπιςεις
1066 1827 1316 1897 νεκρωςίγεῳισδω.

126 1906 168 1959 ὅτε
180 1904 310 1973 ignaram
323 1915 528 1974 nemorensem»
539 1930 626 1979 κωμη
637 1917 720 1972 senov-
738 1912 741 1917 '
761 1918 780 1946 ‘⁸
791 1907 867 1967 Cum
884 1910 1079 1969 mortalitatem
1100 1909 1269 1988 deposueris
1289 1923 1317 1971 et

124 2002 362 2063 immortalitatem
377 2002 513 2072 indueris,
529 2018 594 2065 tuuc
609 2005 703 2065 Deum
720 2025 770 2083 pro
785 2007 892 2065 meritis
907 2007 1028 2066 videbis.
1071 2007 1222 2067 Excitabit
1236 2010 1313 2071 euim

126 2109 201 2156 tuam
217 2118 329 2158 carnem
350 2119 415 2159 cum
439 2102 533 2160 anima
555 2102 743 2161 immortalem
756 2094 859 2161 Deus.
883 2146 890 2160 .
916 2145 923 2160 .
946 2147 954 2162 .
977 2103 1035 2165 Sed
1051 2116 1177 2163 mortuos
1193 2104 1312 2164 excitari

124 2212 181 2253 non
197 2194 299 2254 credis.
342 2195 418 2255 Cum
433 2215 477 2255 res
492 2198 615 2265 eveniet,
632 2207 697 2257 tunc
711 2197 820 2267 credes,
836 2199 907 2257 velis
922 2199 1045 2258 nolis.”⁸
1085 2199 1170 2258 Plura
1185 2202 1317 2281 congerit

114 2283 156 2358 ,ut
171 2293 257 2352 fidem
271 2293 307 2351 de
320 2293 521 2352 resuscitandis
536 2295 701 2371 corporibus
716 2295 841 2364 suadeat,
857 2296 960 2356 deinde
974 2297 1169 2375 subjungens:
1191 2315 1274 2357 rurus
1289 2303 1316 2355 δε

125 2410 207 2447 nono
222 2396 311 2464 ἐνεργει
321 2390 336 2462 ἢ
348 2407 378 2445 re
395 2398 438 2454 >es
456 2406 535 2460 copto,
551 2396 585 2454 ἒις
594 2408 627 2446 so
644 2392 764 2455 ἐπιδειξαι
774 2417 818 2449 και
834 2397 878 2449 δια
891 2411 991 2457 τουτων,
1002 2396 1042 2450 ὅτι
1064 2398 1164 2457 dorcam
1180 2396 1254 2461 ἓςινὸ
1265 2400 1320 2457 §eof

125 2498 224 2551 numeru
235 2497 281 2550 rip
293 2486 427 2550 aaronem
437 2478 549 2545 decem
560 2496 673 2535 (παντων
683 2480 820 2551 &monm-
851 2492 871 2520 ‘⁸
881 2482 954 2542 Haec
968 2497 1062 2542 autem
1075 2483 1173 2543 omnia
1187 2494 1321 2561 operatur

124 2580 221 2639 divina
234 2578 383 2659 sapientia,
394 2588 426 2635 ut
439 2578 483 2636 vel
498 2597 535 2637 ex
548 2578 595 2636 his
609 2577 784 2637 demonstret
798 2599 884 2658 posse
898 2580 994 2639 Deum
1008 2579 1168 2659 generalem
1185 2580 1319 2639 omnium

124 2679 273 2738 hominum
288 2675 522 2736 resurrectionem
538 2677 683 2755 perlicere.
686 2676 720 2712 ”⁸
761 2674 799 2734 Se
815 2676 965 2754 aliquando
985 2677 1160 2736 incredulum
1176 2674 1268 2736 fidem
1282 2696 1320 2739 ex

125 2785 229 2834 attenta
239 2774 341 2832 horum
355 2772 580 2833 consideratione
593 2786 622 2832 et
630 2774 830 2853 prophetarum
840 2774 961 2833 lectione
972 2774 1140 2877 concepisse
1157 2774 1316 2852 profitetur

37 2922 40 2929 .
124 2878 222 2942 Mpcriv
238 2871 338 2937 detegam
354 2886 418 2926 otto
433 2888 524 2938 πιςευε
541 2894 584 2926 και
600 2892 646 2943 pop
663 2874 739 2945 ἐγω
726 2888 812 2943 pertrui
828 2888 888 2927 roro
904 2874 1009 2935 ἔσεσθαι,
1025 2844 1107 2929 ἅλλα
1102 2895 1143 2927 νυν
1168 2888 1320 2944 xot'wopoos

123 2960 187 3014 dare
203 2976 300 3023 πιςευω,
310 2958 362 3028 ἅμα
372 2982 414 3014 snt
424 2960 572 3025 ἐπιτυχωνζ
563 2983 636 3029 repom
652 2974 809 3031 ppspomrov
819 2956 894 3031 ἆγιων
910 2975 1047 3031 προφητων.
1086 2968 1108 2997 “
1118 2960 1206 3019 Ne
1181 2980 1224 3019 sts
1227 2960 1320 3041 'igitur

124 3058 296 3125 incredulus,
311 3058 361 3116 sed
384 3060 478 3135 potius
499 3058 598 3123 credet
621 3068 729 3117 namet
752 3077 807 3138 ego
827 3078 884 3117 non
898 3058 1047 3118 credebam
1062 3058 1092 3116 id
1112 3058 1256 3126 futurum,
1271 3058 1319 3117 sed

124 3176 199 3216 nnnc
219 3156 304 3214 credo
326 3167 477 3233 postquam
499 3155 560 3213 haec
582 3157 713 3214 attentius
735 3156 932 3226 consideravi3
954 3157 1040 3217 simul
1061 3154 1140 3230 quod
1160 3156 1192 3216 iu
1214 3154 1316 3215 Sacrae

83 3330 87 3337 Ι
124 3255 285 3330 Scripturas
300 3252 385 3311 incidi
401 3253 571 3309 Sanctorum
585 3252 844 3330 Prophetarum.”⁴

163 3355 212 3410 92.
234 3353 267 3411 S.
296 3350 435 3408 Insanus
456 3351 548 3407 carnis
578 3351 814 3421 resurrectionem
842 3350 973 3429 plurimis
1001 3360 1095 3410 tuetur
1120 3352 1316 3429 argumentis:

125 3459 147 3486 “
159 3450 234 3508 Vani
256 3458 348 3508 antem
363 3446 539 3515 omnimodo,
555 3448 604 3522 qui
622 3449 783 3508 universam
804 3448 1021 3527 dispositionem
1044 3448 1099 3508 Dei
1120 3460 1316 3518 contemnunt,

125 3558 154 3606 et
167 3548 258 3605 carnis
279 3546 397 3604 salutem
421 3556 532 3622 negant,
558 3556 586 3603 et
607 3548 848 3623 regenerationem
870 3548 933 3626 ejus
954 3556 1101 3624 spernunt,
1116 3545 1248 3605 dicentes
1263 3566 1317 3607 non

125 3664 187 3703 eam
203 3662 335 3721 capacem
351 3662 414 3701 esse
429 3642 710 3720 incorruptibilitatis.
752 3644 801 3702 Sic
816 3656 909 3704 autem
924 3644 1081 3703 secundum
1097 3644 1160 3702 haeo
1175 3644 1316 3712 videlicet,

124 3756 178 3803 nec
192 3740 334 3798 Dominus
349 3740 486 3817 sanguine
502 3758 554 3797 suo
569 3738 688 3800 redemit
702 3759 765 3808 uos,
780 3760 874 3815 neque
889 3741 963 3800 calix
985 3740 1175 3800 lducberistiae
1191 3760 1319 3801 commu·

126 3840 230 3903 nicetio
252 3839 397 3915 sanguinis
412 3840 474 3916 ejus
489 3838 570 3918 (est)
586 3858 677 3913 neque
703 3840 784 3915 panis
806 3858 891 3914 quem
912 3839 1079 3918 frangimus,
1094 3840 1318 3901 communicatio

126 3940 253 4018 corporis
268 3938 330 4015 ejus
345 3948 397 3995 est.
439 3936 561 4015 Sanguis
586 3938 663 3997 enim
689 3957 745 3997 non
760 3950 812 4008 est,
827 3939 884 3997 nisi
906 3959 923 3996 a
945 3939 1025 3997 venis
1050 3948 1079 3995 et
1099 3938 1246 4009 carnibus,
1262 3950 1318 3997 cta

126 4037 235 4110 reliqna
249 4052 314 4109 quae
329 4042 373 4091 est
386 4032 541 4092 secundum
560 4033 705 4093 hominem
727 4036 896 4102 substantia,
911 4054 967 4109 qua
988 4053 1052 4093 rere
1073 4033 1180 4093 sactum
1202 4036 1319 4095 verbnm

128 4132 194 4201 Dei,
209 4132 346 4210 sangnine
362 4149 415 4189 sno
437 4128 555 4189 redemit
575 4150 637 4190 nos.
680 4130 928 4198 Quemadmodum
949 4141 978 4191 et
997 4130 1152 4210 Apostolus
1174 4132 1239 4210 ejus
1262 4134 1314 4191 ait:

129 4229 180 4288 ‘In
195 4248 252 4302 quo
266 4231 403 4289 habemus
416 4229 640 4306 redemptionem
658 4249 707 4306 per
721 4231 889 4308 sauguinem
908 4230 982 4308 ejus,
995 4239 1024 4288 et
1037 4229 1240 4290 remissionem
1255 4249 1316 4308 pee-

460 4425 502 4490 (1)
523 4424 646 4486 Atheneg.
656 4422 686 4473 de
698 4438 772 4474 resur.
783 4432 854 4474 mort.
862 4438 887 4474 n.
898 4426 938 4473 19.

455 4511 497 4576 (2)
517 4511 557 4561 Ad
568 4510 719 4575 Autolycum
726 4511 742 4560 l.
754 4511 770 4560 i.
782 4526 807 4561 o.
819 4513 843 4559 7.
851 4513 874 4560 8.

457 4596 499 4661 (3)
519 4597 553 4645 N.
569 4598 607 4646 13.

459 4682 501 4747 (4)
520 4685 555 4733 Ν.
568 4686 605 4733 14.
