2798 5092
420 349 477 411 DE
498 351 712 418 melonum
734 352 973 415 serenioris.
1088 367 1092 378 “
1231 365 1289 421 611

103 505 164 565 huri
174 505 317 575 solebant,
333 507 449 569 hicnon
462 529 527 569 esse
541 529 721 580 sermonem
742 511 794 570 sed
808 511 843 575 de
858 512 971 573 alterius
985 514 1049 573 vitre
1061 515 1210 592 suppliciis
1225 536 1288 590 que

96 602 618 684 «ransidonem-designantur.
659 609 769 669 Eorum
794 621 930 687 perpetus
954 610 1072 671 duratio-
1088 614 1183 673 verbis
1197 616 1288 690 magis

96 703 263 779 perspicuis
278 705 418 763 enuntiari
433 724 491 765 non
505 717 625 783 poterat.

139 804 190 860 66.
212 800 309 860 Delie
325 811 345 839 ‘⁸
355 803 404 875 qui
419 822 477 862 non
491 804 626 863 obediunt
639 803 800 881 Evangelio
815 804 934 865 Domini
955 806 1043 864 nostri
1059 806 1136 866 ¹desu
1160 807 1290 868 Christi'

94 897 170 958 dicit
183 899 362 975 Apostolus:
385 909 405 937 “
415 919 514 976 poenas
536 900 642 961 dabunt
655 903 686 961 iu
698 903 813 961 interitu
825 915 1072 968 eternas-ornae
1081 901 1149 975 liant
1170 908 1287 971 clowen,

92 998 201 1066 &scupos
211 995 365 1056 ἀιὼιον-α
375 996 448 1056 lacis
463 997 594 1066 Domini,
607 1010 636 1057 et
649 1018 668 1057 a
679 998 770 1076 gloria
781 999 892 1060 virtutis
906 1000 988 1076 ejus:
1010 1020 1075 1060 cnm
1091 1003 1199 1061 venerit
1211 1004 1296 1080 glori·
1315 986 1319 993 ’

95 1095 180 1153 ficari
203 1095 234 1154 in
255 1094 361 1155 sancus
386 1093 492 1161 sois.”²
531 1094 627 1154 Voces
650 1097 854 1174 sempiternam
878 1096 1066 1174 perditionem
1093 1099 1177 1178 plane
1201 1099 1295 1178 desig-

98 1201 183 1250 nent.
631 1216 634 1222 ’

122 1290 189 1347 66.
212 1289 247 1352 S,
259 1285 387 1347 Joannes
408 1287 496 1347 dicit:
519 1287 679 1351 “diabolus
703 1290 811 1350 missus
829 1301 875 1350 est
893 1291 923 1349 in
944 1304 1076 1370 stagnum
1101 1293 1177 1370 ignis
1196 1305 1226 1354 et
1238 1298 1296 1357 sul·

94 1387 211 1464 phuris,
222 1386 271 1446 ubi
286 1396 316 1443 et
327 1385 417 1444 baetin
429 1395 459 1444 et
473 1385 726 1464 pseudopropheta
736 1389 934 1448 cruciabuntur
942 1388 989 1448 die
1000 1409 1035 1449 ac
1049 1400 1132 1451 nocte
1146 1392 1177 1451 in
1190 1395 1295 1454 saecula

93 1481 318 1555 seculorum.”⁸
356 1481 410 1541 Illa
423 1482 568 1560 supplicia
581 1485 679 1557 utique
693 1494 830 1562 perpetua
847 1487 970 1547 minatur
983 1488 1101 1565 angelus
1115 1489 1212 1548 bestiae
1237 1491 1296 1550 cul·

91 1581 224 1641 toribus:
248 1578 400 1652 “Siquis
422 1577 581 1638 adoraverit
602 1579 723 1639 beetirnn
745 1622 753 1638 .
776 1622 784 1640 .
807 1621 816 1641 .
837 1583 1007 1643 cmciabitur
1027 1585 1093 1661 igne
1114 1594 1143 1645 et
1156 1586 1295 1663 sulphure

92 1680 128 1738 io
140 1687 299 1754 conspectu
313 1677 479 1754 angelorum
503 1687 678 1746 sanctorum,
706 1688 735 1735 et
754 1686 819 1739 ante
839 1689 1027 1756 conspectum
1039 1682 1134 1759 Agnis
1157 1691 1185 1741 et
1198 1682 1295 1744 fumus

91 1784 303 1838 tormentorum
317 1791 417 1836 eorum
431 1773 566 1833 ascendet
580 1776 608 1832 in
623 1774 728 1833 sucula
741 1776 955 1836 seculorum.”⁸
994 1777 1051 1837 He
1065 1797 1151 1838 voces
1166 1789 1297 1859 tempora
1369 1844 1381 1868 Ι

95 1876 206 1949 absque
219 1873 288 1943 fine,
303 1890 396 1933 aarum
410 1882 592 1950 perpetuum,
606 1871 741 1931 denotant
756 1891 765 1932 c
786 1892 839 1933 nec
853 1874 960 1949 aliquid
974 1877 1107 1945 occurrit,
1123 1895 1182 1952 quo
1195 1897 1295 1939 earum

97 1979 219 2031 metetur
232 1971 414 2048 significatio.

136 2068 290 2128 Probatur
303 2086 340 2127 ccc
352 2068 515 2130 traditione
529 2077 556 2130 ct
566 2069 633 2150 fide
641 2076 786 2150 perpetua
799 2067 953 2128 Ecclesia.

136 2173 186 2237 67,
207 2167 341 2244 Epistola
363 2154 480 2246 nomine
501 2168 644 2228 Ecclesia
668 2167 889 2245 smyrnensium
911 2166 946 2225 de
971 2166 1127 2246 Polycarpi
1150 2173 1294 2248 martyrio

99 2266 213 2342 scripta,
226 2266 302 2324 circa
312 2283 418 2325 annum
432 2269 499 2335 166,
512 2266 613 2326 laudat
625 2277 765 2343 martyres
781 2274 801 2302 “
813 2265 897 2324 unius
912 2266 990 2325 horae
1004 2267 1137 2345 spatiose
1148 2268 1182 2327 ab
1192 2280 1297 2328 aterna

97 2382 181 2440 prena
204 2360 387 2422 redimentes.
412 2363 560 2441 vFrigidus
577 2365 649 2441 ipsis
669 2363 816 2422 ridebatur
838 2363 1008 2423 immanium
1018 2364 1187 2431 ,carnificum
1204 2367 1291 2444 ignis.

98 2461 144 2520 Ob
156 2460 256 2519 oculos
270 2444 377 2535 qnippe
391 2459 541 2529 habebant,
557 2461 638 2520 illum
652 2460 780 2538 effugere
801 2461 850 2532 qui
875 2472 997 2521 aternus
1011 2471 1064 2529 ert,
1081 2481 1293 2537 numquamque

98 2556 380 2635 extinguetur.‘’-eo
396 2560 490 2610 αἰώνιον
500 2555 544 2611 ade
554 2559 677 2627 μηδεποτε
691 2560 867 2626 susannem!

100 2701 102 2707 .
136 2659 186 2715 68.
201 2654 346 2715 Jusrrrtus
358 2655 429 2714 M.a
443 2653 561 2714 Christo
574 2655 712 2714 scelestos
726 2653 887 2731 puniendos
901 2653 979 2721 dicit,
994 2654 1165 2715 “Similiter
1178 2655 1293 2730 quidem

98 2754 180 2815 Plato
192 2755 352 2830 improbos,
368 2771 434 2812 cum
448 2753 483 2811 ud
499 2754 629 2812 Minoem
652 2762 681 2810 et
695 2750 944 2811 Rhadamanthum
959 2753 1099 2820 uenerint,
1114 2755 1244 2829 punitum
1259 2755 1294 2813 iri

80 2851 202 2917 abillis
216 2850 312 2910 dixit:
334 2851 398 2910 Nos
413 2860 507 2909 antem
528 2848 604 2908 idem
627 2849 684 2907 illis
704 2857 870 2906 eventurum
892 2845 1025 2914 dicimus,
1041 2847 1092 2906 sad
1113 2866 1130 2907 a
1152 2849 1291 2918 Christo;

97 2950 183 3023 idque
197 2948 387 3017 existentibus
400 2949 429 3007 in
452 2946 555 3006 iisdem
568 2945 746 3022 corporibus,
761 2963 819 3002 una
832 2961 899 3002 cum
913 2944 973 3002 suis
989 2944 1147 3016 animabus,
1163 2963 1193 3006 ut
1206 2966 1291 3024 poena

98 3058 201 3107 aterna
220 3046 382 3123 puniantur,
396 3032 455 3104 non
469 3045 548 3104 mille
568 3061 719 3110 annorum,
741 3053 771 3101 ut
784 3041 839 3101 iste
852 3040 935 3108 dixit,
950 3039 1069 3100 circuitu
1089 3041 1292 3121 6661163Ρό-

96 3165 138 3199 sco
146 3159 199 3208 sors
209 3143 291 3204 ἄπας
302 3161 394 3212 sepnor
404 3159 470 3212 μετα
481 3159 530 3198 των
540 3150 624 3208 luxus
633 3160 770 3212 purpurea,
780 3159 823 3194 arcs
842 3137 941 3192 ᾰιωνιω
956 3151 1054 3193 como
1070 3147 1288 3209 κοωσὲησομενων,

96 3229 547 3300 ara’szcxnmrcssnmpntcv,d5
563 3232 716 3298 ἐκεινοςεφη,
735 3225 1003 3298 μωονι-Βοοοωυε
1027 3234 1047 3262 “
1057 3244 1288 3300 unumquemque

97 3328 280 3391 odoeternam
294 3327 355 3386 sive
370 3344 495 3403 poensm,
510 3325 572 3383 sive
586 3324 707 3383 salutem
730 3342 781 3400 pro
796 3322 905 3383 meritis
916 3322 1056 3393 achonem
1071 3341 1184 3381 suarum
1199 3323 1289 3401 profi·

97 3426 175 3485 cisni.
217 3424 250 3483 Si
265 3424 326 3484 haec
340 3424 455 3500 cognita
468 3423 602 3481 omnibus
616 3420 781 3481 hominibus
795 3430 901 3488 essent,
925 3436 1010 3478 nemo
1035 3420 1120 3477 vitam
1141 3417 1177 3476 ad
1202 3414 1287 3479 breve

98 3537 210 3602 tempus
224 3523 351 3600 eligeret,
371 3539 447 3581 cumv
458 3540 491 3579 se
505 3519 541 3578 ad
554 3533 687 3579 aeternam
710 3519 784 3596 ignis
799 3516 1067 3575 condemnationum
1081 3517 1223 3595 proficisci
1236 3518 1291 3577 sci·

96 3619 295 3686 ret.”-·e‘sc50u
305 3617 347 3674 ἐπ’
358 3623 455 3674 maur
463 3621 586 3693 somme}
598 3633 715 3688 ostrapius
725 3611 785 3671 κατ’
796 3613 865 3677 ἄξων
874 3630 924 3669 rev
934 3611 1041 3683 πραξεων
1051 3621 1202 3683 πορευεσὲω.
1212 3621 1234 3671 εἰ
1245 3636 1291 3689 pop

96 3721 219 3782 &nenas
229 3717 350 3788 ἄνθρωποι
361 3732 442 3772 suern
461 3718 598 3786 ἐγινωσκον,
607 3718 636 3770 rias
644 3713 674 3768 da
683 3730 722 3776 τις
731 3729 777 3782 την
788 3731 876 3765 awaus
887 3727 946 3780 προς
958 3717 1039 3791 drogon
1052 3711 1151 3782 ἡρειτω,
1170 3731 1290 3784 pneuma

96 3817 237 3879 πορευεσὲαι
250 3805 292 3862 ἐπ’
310 3807 406 3862 wacca
418 3808 459 3860 esc
469 3821 543 3874 πυρος
553 3803 721 3874 amolum!
749 3800 837 3867 “Qui
851 3801 980 3877 improbe
995 3801 1093 3859 vivunt
1115 3819 1168 3860 nec
1192 3800 1293 3859 immul

99 3917 200 3975 tantur,
216 3925 266 3966 eos
281 3907 347 3982 igne
368 3918 473 3962 aeterno
494 3899 636 3961 credimus
661 3895 964 3979 punish-eontanas
975 3901 1000 3954 δε
1018 3913 1072 3962 τους
1088 3897 1176 3960 deame
1197 3919 1240 3953 και
1256 3919 1290 3967 μη

131 4137 158 4202 (1
193 4133 390 4186 inmania

161 4138 174 4290 ζ
192 4224 272 4289 Apoc.
286 4237 330 4272 xx.
343 4222 369 4270 9.

131 4310 173 4375 (3)
193 4309 272 4373 Apoc.
285 4307 337 4357 xiv.
350 4305 424 4356 9.10.
438 4306 476 4354 11.
1374 4356 1379 4365 .

131 4395 173 4461 (4)
192 4394 242 4461 Ep.
253 4409 279 4443 n.
290 4395 314 4442 2.
326 4408 350 4457 p.
364 4393 419 4439 196.
431 4389 479 4439 rol.
489 4389 515 4440 ii.
528 4388 596 4439 Patr.
606 4388 692 4453 Apost
703 4401 719 4436 u
730 4383 863 4446 Octelerio,
877 4382 915 4436 ed.
926 4398 941 4434 e
953 4380 1050 4434 Jounne
1060 4378 1157 4432 Clerieo
1167 4381 1293 4436 Amanic-

102 4480 163 4533 demi
173 4499 214 4533 an.
228 4481 304 4531 1724.

190 4568 277 4632 Apost.
288 4565 305 4615 i.
318 4563 392 4630 (alies
402 4561 441 4627 ii.)
453 4574 479 4610 n.
492 4563 518 4611 Β.
528 4576 552 4627 p.
567 4559 622 4609 its.
634 4557 681 4608 rol
694 4557 710 4607 i.
719 4555 758 4608 ed.
769 4553 848 4607 Wirs.
