2798 5092
507 376 565 440 DE
583 378 854 443 ottutrttrtum.

582 1089 724 1152 CAPUT
744 1094 783 1154 X.

478 1329 533 1380 tta
569 1330 879 1383 otttttttttNttts.

126 1565 183 1620 119.
205 1561 250 1619 Ad
267 1558 427 1636 legitimam
442 1556 573 1617 ordinum
586 1560 799 1638 susceptionem
812 1572 900 1621 status
913 1562 1008 1641 gratias
1017 1563 1180 1637 requiritur,
1188 1578 1277 1634 quum

97 1656 203 1735 Spiritus
219 1659 346 1716 Sanctus
362 1655 390 1713 in
406 1655 529 1714 animam
544 1657 668 1733 peccatis
690 1658 850 1718 adstrictam
873 1680 929 1719 non
951 1661 1045 1719 intret.
1088 1657 1278 1719 Confirmatio

95 1736 162 1817 itiam
177 1769 205 1815 et
220 1757 315 1834 prima
330 1768 446 1811 tonsura
463 1765 526 1812 ante
540 1754 656 1814 ordines
670 1758 861 1835 suscipiendae
874 1764 964 1818 sunt.¹
999 1759 1045 1818 Ne
1059 1779 1125 1818 cum
1140 1758 1278 1817 clericalis

95 1863 166 1913 status
178 1853 320 1911 dedecore
335 1850 432 1909 clerici
448 1852 544 1929 inopia
558 1851 696 1923 laborent,
712 1874 853 1933 congrua
867 1856 1095 1916 sustentationis
1107 1847 1214 1915 titulus
1228 1874 1278 1915 ue·

94 1953 217 2010 resanius
232 1962 287 2018 est,
304 1949 475 2008 beneficium
491 1950 601 2008 scilicet
615 1951 852 2020 ecclesiasticum,
870 1955 952 2030 cujus
967 1953 1123 2013 redditibus
1138 1954 1276 2021 fruantur,

96 2047 130 2105 rel
142 2049 354 2126 patrimonium,
370 2047 415 2105 vel
430 2046 533 2124 pensio
546 2050 664 2106 aunna’
703 2048 736 2106 lu
752 2049 798 2106 his
813 2059 906 2109 tamen
920 2050 1075 2127 provinciis
1091 2051 1186 2108 titulus
1202 2048 1279 2109 Mas·

100 2146 177 2207 tionis
192 2147 359 2213 admittitur,
375 2147 511 2223 probante
527 2144 603 2204 Sede
618 2147 795 2224 Apostolica,
811 2167 873 2221 quse
889 2160 982 2207 tamen
997 2149 1087 2227 exigit
1099 2162 1131 2207 ut
1143 2168 1178 2207 eo
1197 2150 1281 2210 titulo

97 2243 199 2302 ordinati
217 2241 392 2320 juramendo
418 2260 449 2298 se
475 2239 652 2320 adstringant
665 2242 700 2301 ad
723 2244 814 2301 sacris
829 2245 1014 2302 missionibus
1037 2242 1174 2322 perpetui
1189 2246 1279 2302 inser·

96 2339 211 2399 siendum
227 2340 257 2398 in
283 2337 401 2398 dioecesi
417 2339 445 2396 in
469 2358 525 2413 qua
550 2338 671 2398 ordinati
692 2353 768 2399 sunt.
811 2341 968 2418 Regulsres
989 2342 1072 2401 titulo
1087 2341 1278 2421 paupertatis

98 2438 256 2498 ordinantur.

127 2541 186 2596 120.
210 2536 295 2623 letas
309 2533 439 2612 legitima
463 2533 497 2592 ad
522 2534 757 2596 subdiaconatum
781 2537 996 2646 suscipiendum
1012 2548 1056 2596 est
1070 2558 1161 2597 annus
1175 2539 1280 2616 vigesi-

99 2649 149 2690 mus
162 2606 308 2693 securl'dus
324 2631 492 2688 inchoatus.
515 2630 681 2690 diaconatus
696 2653 771 2692 anno
783 2634 923 2712 vigesimo
935 2636 1016 2694 tertio
1027 2635 1159 2694 inchoato
1174 2634 1283 2712 suscipi

100 2745 199 2806 potest·
221 2732 435 2811 presbyteratus
451 2731 680 2808 annovigesimo
701 2733 819 2806 quinto:
842 2733 1114 2810 episcopatusnono
1135 2733 1283 2810 trigesimo

98 2829 251 2906 complet0.⁸
301 2826 386 2904 Apud
412 2825 544 2902 Cophtos
571 2827 819 2901 Nestorianosque
844 2830 936 2906 Syros
957 2829 1076 2887 infantes
1102 2828 1278 2897 ordinantur,

96 2928 190 2997 quossi
204 2926 239 2984 ad
265 2925 428 2983 Ecclesiam
454 2925 632 2983 Catholicam
658 2927 808 3002 contigerit
830 2927 927 2984 venire
953 2927 1158 3003 suscipiuntur,
1180 2928 1279 2985 relicta

96 3020 205 3083 libertate
221 3022 383 3082 coelibatum
404 3022 547 3090 servandi,
563 3034 592 3080 et
613 3041 699 3080 onera
714 3022 811 3080 omnia
833 3022 941 3080 ordinis
964 3023 1115 3088 subeundi,
1137 3023 1193 3080 nisi
1216 3034 1281 3101 post

97 3135 193 3182 sertum
209 3123 354 3181 decimum
369 3120 457 3178 aetatis
470 3139 574 3178 annum
590 3119 797 3178 ordinationem
813 3139 894 3179 suam
909 3121 963 3198 ipsi
979 3132 1066 3178 ratam
1078 3121 1237 3178 habuerint.

128 3225 172 3279 121
197 3219 394 3295 Temporibus
409 3239 423 3275 a
436 3219 500 3294 jure
522 3218 633 3275 statutis
656 3217 770 3276 ordines
792 3218 880 3276 sacris
903 3216 1065 3277 conserendi
1080 3229 1156 3286 suut,
1172 3237 1276 3295 nempe

96 3328 207 3393 quatuor
222 3315 413 3392 temporibus,
430 3316 554 3373 Sabbata
577 3316 692 3383 Sancto,
713 3327 742 3374 et
762 3316 885 3374 Sabbnto
899 3315 934 3374 de
949 3317 1108 3394 passiones
1148 3315 1279 3374 Minores

95 3415 192 3475 ordines
208 3417 294 3473 etiam
310 3413 471 3477 Dominicis
487 3424 515 3470 et
535 3412 615 3471 lestis
637 3413 739 3472 diebus
761 3414 953 3473 conferuntur.
994 3412 1173 3481 Irtterstitiu,
1195 3406 1282 3473 inter?

96 3514 155 3573 talla
168 3516 277 3573 scilicet
292 3512 428 3589 temporis
443 3511 516 3569 inter
530 3509 645 3570 ordines
659 3511 833 3570 intercedere
848 3511 984 3581 debent,
972 3527 1056 3590 Juxta
1075 3512 1280 3601 Tridentinum

92 3606 238 3670 decretum:
263 3608 424 3666 ‘Minores
439 3607 586 3666 ordines'
569 3627 603 3665 trs
617 3627 668 3682 qur
659 3607 782 3667 'saltem
804 3608 934 3667 Latinam
956 3608 1082 3686 linguam
1105 3587 1280 3687 intelligant,

94 3723 134 3780 per
153 3721 314 3783 temporum
340 3703 500 3771 interstitia,
524 3704 568 3761 nis
572 3703 580 3760 i
602 3702 678 3762 aliud
700 3705 838 3780 episcopo
859 3704 995 3780 expedire
1018 3705 1107 3781 magis
1123 3706 1275 3773 rideretur,

94 3804 268 3864 conserantur.
289 3844 296 3860 .
320 3843 329 3861 .
354 3843 362 3860 .
385 3801 425 3859 Hi
453 3820 519 3857 vero
541 3801 656 3858 nonnisi
677 3811 743 3879 post
767 3820 871 3860 anuum
894 3821 911 3858 a
935 3803 1118 3878 susceptione
1140 3803 1277 3880 postremi

95 3899 182 3972 gradus
199 3901 342 3958 minorum
358 3897 488 3955 ordinum
503 3896 538 3954 ad
553 3915 649 3956 sacros
664 3896 779 3955 ordines
794 3908 1024 3975 promoreantur,
1040 3899 1096 3956 nisi
1121 3899 1277 3957 necessitas

95 3998 283 4056 autEcclesiae
298 3995 415 4062 utilitas,
433 3992 545 4070 judicio
570 3994 712 4072 episcopi,
737 3993 814 4052 aliud
838 4007 977 4070 exposcat
997 4036 1035 4054 ..
1062 4037 1070 4052 .
1092 3995 1220 4054 Promoti
1241 3996 1277 4054 ad

95 4108 190 4153 sacmm
207 4093 434 4152 Subdiaconatus
447 4089 590 4158 ordinem,
600 4092 625 4149 si
638 4109 688 4167 per
702 4110 808 4150 annum
823 4091 923 4150 saltem
937 4092 967 4150 in
979 4111 1013 4150 eo
1025 4110 1082 4149 non
1094 4091 1152 4148 sint
1163 4094 1275 4162 versati,

95 4188 121 4246 ad
139 4193 264 4250 altiorem
282 4188 410 4267 gradum,
426 4188 482 4246 nisi
504 4187 579 4247 aliud
605 4188 743 4264 episcopo
763 4188 900 4258 videatur,
915 4187 1071 4246 ascendere
1090 4205 1146 4245 non
1162 4191 1277 4265 permit·

118 4365 155 4433 (t)
172 4367 240 4418 Trid
252 4383 322 4417 conc.
333 4364 398 4414 Sese.
410 4364 497 4414 xxxiii.
507 4380 561 4428 cap.
572 4363 605 4414 ir
615 4361 646 4412 de
657 4363 711 4414 Rei.

120 4453 157 4520 (2)
175 4453 267 4504 ibidem
279 4452 344 4500 Sese
356 4449 616 4514 xxi.cap.ii.deRe1'

118 4538 155 4607 (³)
173 4541 267 4591 Ibidem
279 4539 346 4587 Sess.
359 4537 429 4586 xxiii
440 4553 493 4601 cap.
504 4537 547 4586 xii
559 4536 589 4586 do
607 4535 662 4585 tter.
688 4535 783 4603 Gap'
761 4533 803 4584 vri
814 4533 846 4584 ds
864 4534 934 4584 elect.
944 4539 970 4584 et
988 4530 1095 4584 comsit
1107 4484 1257 4598 Gregorii
1232 4552 1275 4588 ιιι

97 4619 153 4676 Ortus
162 4625 315 4696 Aportolicae.

119 4710 156 4779 (l)
175 4713 284 4782 capili.
296 4711 327 4762 de
339 4717 415 4772 temp.
426 4707 528 4758 ordinat.

693 4798 731 4858 b*
