2798 5092
533 333 590 394 ns
613 292 757 394 curru
778 332 861 394 nar.
1233 338 1289 395 rea

93 513 143 554 ma
156 493 274 572 ingenia
295 493 421 552 exerceri
442 495 581 571 possunt:
604 502 633 552 at
646 493 769 553 exterior
793 493 886 551 cultus
899 483 993 552 forma
1011 493 1154 572 ejusmodi
1168 495 1205 554 sit
1225 512 1288 569 quar

94 591 152 651 Dei
172 592 352 669 majestatem
375 590 492 661 iudicat,
518 601 547 650 et
573 590 740 651 bominibus
768 608 904 668 maguum
933 592 1046 669 pietatis
1066 612 1183 653 sensum
1208 591 1291 651 facile

95 689 199 766 injicit.
651 686 654 695 ’

136 790 164 844 6.
187 786 332 845 Praeterea
355 786 449 845 cultus
475 785 634 844 catholicus
657 794 731 844 totus
757 785 886 843 innititur
908 785 1132 862 mysteriisque
1158 786 1292 848 Christus
1355 856 1358 866 ἲ
1392 849 1393 852 ,

97 884 222 953 tradidit,
238 897 267 943 et
280 885 416 943 institutis
432 901 553 958 quorum
569 893 741 943 auctorest:
757 883 878 941 sormam
889 891 984 943 autem
998 886 1167 944 exteriorem
1178 887 1296 946 exhibet

98 981 203 1041 divinis
232 983 368 1041 institutis
397 982 534 1041 Mosaicae
562 981 635 1059 legis
669 970 795 1050 affinem,
824 982 1006 1062 splendorem
1032 983 1141 1041 scilicet
1171 985 1294 1043 vestium
1346 1040 1362 1057 ,.

99 1081 263 1154 rituumque
287 1080 392 1153 quibus
417 1079 474 1138 Dei
500 1080 634 1155 majestas
653 1077 804 1138 bominum
829 1081 961 1140 sensibus
983 1079 1194 1156 quodammodo
1217 1099 1294 1141 com·
1349 990 1392 1139 *d

101 1176 260 1237 mandatur.
302 1175 399 1234 Habet
412 1177 499 1254 igitur
512 1176 569 1236 Dei
584 1176 778 1236 auctoritatem
793 1179 872 1237 omni
887 1198 925 1237 ex
938 1187 1027 1256 parte.

141 1279 170 1333 7.
193 1273 339 1350 Exempla
352 1273 613 1332 vetustissimorum
627 1272 796 1335 seculorum
811 1295 828 1333 a
842 1274 959 1334 Christo
971 1274 1170 1352 suffragantur,
1181 1293 1247 1333 nam
1259 1293 1297 1334 ex

99 1371 235 1431 omnibus
250 1388 313 1445 qua
328 1380 482 1448 supersunt
496 1371 690 1431 monumentis
711 1383 822 1431 constat
842 1374 935 1450 ipsam
956 1370 1048 1430 cultus
1063 1371 1248 1430 substantiam
1269 1381 1297 1430 et
1394 1432 1398 1439 ,

98 1469 171 1527 ritus
186 1466 351 1545 plerosque,
364 1467 413 1541 qui
427 1486 504 1526 nunc
519 1469 625 1545 vigent,
640 1467 731 1526 luisse
744 1469 900 1543 antiquitus
922 1477 1060 1528 serratos.
1081 1467 1216 1546 Liturgiae
1227 1486 1297 1545 pre·

97 1566 176 1624 clara
189 1574 257 1623 sunt
269 1564 451 1633 documenta,
467 1566 542 1624 sieut
555 1575 584 1624 et
597 1565 653 1624 alia
666 1565 846 1643 reperiuntur
865 1567 895 1625 in
917 1566 1168 1643 constitutionibus
1183 1575 1297 1644 aposto·
1351 1628 1367 1647 ἢ
1376 1564 1394 1653 .-

97 1663 164 1721 liois
178 1671 208 1721 et
220 1674 332 1740 patrum
346 1663 471 1740 scriptis.
514 1662 547 1722 lu
562 1671 679 1722 tractatu
693 1661 728 1722 de
742 1662 924 1723 Eucharistia
938 1664 1061 1742 plurima
1075 1663 1257 1723 adduximus.

1331 1834 1396 1935 Νι,

501 1895 701 1938 ambutemus
722 1896 906 1937 SOLVUN'PUR.

143 2042 173 2097 8.
200 2036 312 2116 0bj.1.
335 2036 421 2096 Haud
435 2036 506 2096 adeo
529 2037 643 2095 Dausa
662 2035 822 2096 Catholicis
843 2036 955 2105 colitur,
971 2055 1004 2094 ac
1031 2037 1132 2105 sancti,
1147 2035 1302 2113 imagines,
1369 2032 1390 2071 ‘r

100 2135 242 2208 reliquie,
257 2144 312 2193 etc.

99 2263 102 2269 ·
143 2229 234 2309 Reap.
258 2232 380 2290 Summo
395 2230 472 2289 cultu
487 2231 641 2289 bonoratur
655 2230 747 2299 Deus,
761 2249 815 2291 nec
830 2229 933 2304 aliquis
954 2229 1055 2288 creatis
1070 2229 1155 2287 rebus
1175 2224 1303 2302 redditur

102 2332 207 2398 bonor,
222 2331 300 2404 quod
315 2348 376 2388 nou
398 2330 533 2388 reseratur
559 2329 594 2388 ad
616 2348 694 2397 eum,
709 2329 779 2389 adeo
800 2340 831 2388 ut
852 2329 964 2406 singula
981 2327 1173 2387 venerationis
1195 2325 1304 2384 indicia

102 2432 164 2488 sint
176 2427 269 2487 cultus
286 2426 343 2485 Dei
358 2427 538 2485 exercitium.
569 2427 714 2500 Equidem
729 2446 864 2505 suprema
874 2445 975 2504 regum
988 2434 1114 2504 potestas
1128 2423 1302 2502 agnoscitur,

103 2527 176 2586 dum
189 2544 289 2585 eorum
305 2525 427 2583 ministri
442 2543 546 2602 magno
571 2543 638 2584 cum
664 2524 773 2584 bonore
794 2525 987 2602 excipiuntur.
1029 2521 1246 2581 catarnaum
1267 2537 1304 2578 ex
1353 2556 1359 2573 .
1390 2538 1398 2569 ’-

104 2632 185 2702 parte
208 2620 317 2681 cultum
342 2634 444 2702 postea
468 2621 696 2680 vindicabimus:
725 2619 755 2679 id
780 2621 1039 2698 impresentiarum
1052 2615 1305 2678 demonstrandum
1391 2660 1394 2665 .

107 2721 312 2798 suscipientes,
328 2718 423 2778 Deum
440 2719 533 2796 ipsum
548 2718 604 2778 coli
618 2736 653 2776 ea
665 2737 721 2792 qua
734 2717 818 2777 decet
832 2718 951 2777 ratione.

148 2821 178 2877 9.
204 2816 271 2897 Obj.
287 2815 444 2875 2.'0ultus
468 2815 683 2875 Catholicorum
708 2815 877 2892 longissime
901 2812 1040 2872 recedita
1062 2812 1203 2891 spirituali
1227 2810 1305 2870 cultu
1396 2817 1399 2830 “

109 2915 348 2992 quemchristus
373 2924 492 2972 testatus
507 2923 552 2970 est
576 2913 690 2972 Patrem
713 2930 796 2971 suum
820 2911 938 2970 omuino
952 2909 1058 2977 veller²
1080 2920 1154 2970 totus
1179 2908 1307 2969 enimin

111 3013 344 3074 ceremoniarum
360 3009 542 3070 multitudine
557 3011 668 3086 positus
683 3019 735 3068 est.
1390 3073 1399 3092 ‚.

150 3111 241 3189 Reap.
263 3110 296 3168 ln
312 3109 413 3186 spiritu
428 3119 457 3166 et
472 3107 588 3165 raritate
602 3106 735 3175 colimus,
747 3124 813 3164 nam
828 3104 885 3163 fide
899 3103 1029 3163 illustrati
1040 3102 1134 3163 Deum
1149 3123 1200 3162 ens
1216 3103 1307 3182 puris·

113 3214 216 3271 simum
231 3221 261 3268 at
284 3208 528 3286 perfectissimum
551 3205 745 3282 agnoscimus,
760 3223 848 3278 quem
869 3222 935 3262 vere
956 3201 1258 3270 adoramus-mentem
1280 3211 1308 3260 et

114 3286 287 3368 voluntatem
303 3305 330 3363 ei
355 3304 552 3381 subjicientes,
567 3312 596 3360 et
615 3303 744 3380 'corporis
768 3301 908 3376 obsequio
923 3300 1012 3360 animi
1034 3295 1189 3377 pandentes
1211 3317 1306 3357 sensa.
1387 3320 1396 3333 ’-

117 3403 277 3482 spiritualis
293 3402 378 3478 igitur
392 3412 420 3459 et
435 3419 519 3460 verus
531 3411 576 3459 est
585 3401 688 3469 cultus,
699 3399 864 3459 Judaeomm
877 3399 965 3456 cultui
979 3397 1064 3475 longe
1077 3407 1233 3475 prostans:
1249 3415 1308 3456 non
1383 3410 1393 3434 ³

118 3504 234 3563 enimin
249 3500 430 3561 ceremoniis
448 3500 548 3557 sistere
565 3487 711 3576 jubemur,
725 3495 777 3556 sed
792 3496 828 3554 ad
842 3495 938 3554 Deum
959 3496 1059 3554 ritibus
1073 3495 1130 3553 illis
1145 3513 1306 3570 assurgere,

120 3601 196 3662 illum
211 3610 307 3660 mente
332 3597 569 3674 contemplantes,
584 3605 613 3654 et
637 3595 785 3654 affectibus
810 3593 904 3652 cordis
926 3593 1157 3671 complectentes.
1199 3594 1307 3667 Utique

123 3697 274 3775 “Spiritus
288 3708 333 3754 ast
347 3694 448 3753 Deus:
477 3703 506 3752 et
528 3710 589 3760 eos,
605 3692 655 3766 qui
669 3691 787 3751 adorant
800 3709 877 3756 eum,
892 3689 921 3747 in
936 3690 1037 3767 spiritu
1052 3700 1081 3748 et
1095 3692 1211 3750 veritate
1224 3709 1308 3768 opor·
1380 3678 1386 3695 ⁸

123 3805 160 3852 tet
177 3792 324 3853 adorare.”

161 3895 205 3951 lt).
231 3889 298 3970 obj.
315 3894 343 3947 3.
366 3887 496 3946 Mosaica
517 3885 614 3958 cultus·
629 3903 737 3962 pompa
755 3882 859 3942 carnali
885 3880 992 3959 populo
1013 3883 1235 3948 accommodata,
1257 3882 1310 3940 sub
1362 3910 1373 3969 3·

125 3984 228 4045 Christi
241 3985 456 4063 dispensatione
470 4001 528 4040 non
542 3981 626 4040 debet
651 3980 790 4047 exhiberi,
806 3978 946 4056 Apostolo
971 3979 1062 4038 Paulo
1077 3979 1260 4038 ceremonias
1281 3986 1311 4035 et
1377 3989 1380 3993 ’

126 4083 246 4143 instituta
260 4083 309 4141 illa
322 4081 441 4139 omnino
456 4079 560 4138 abolita
573 4096 638 4137 esse
649 4077 779 4137 docente.
1043 4145 1044 4148 Ἴ

162 4180 247 4259 Resp.
268 4179 370 4256 Longe
389 4177 474 4234 distat
499 4175 592 4233 cultus
606 4175 762 4233 catholicus
781 4172 954 4241 aMosaico,
969 4189 1023 4230 nec
1039 4173 1116 4230 enim
1131 4171 1312 4231 immolantur

128 4279 283 4344 animantia,
298 4294 352 4334 nec
365 4274 488 4333 lotiones
503 4272 703 4348 illae‘plurimsa
718 4271 800 4337 fiunt,
815 4287 868 4326 nec
892 4268 954 4326 alias
979 4278 1128 4326 servantur
1140 4269 1212 4346 legis
1227 4288 1311 4328 caere·

131 4378 234 4446 monia,
250 4393 322 4450 quas
336 4374 453 4431 abolitas
469 4389 533 4428 esse
547 4390 612 4430 cum
635 4369 725 4428 Paulo
750 4367 944 4445 praedicamus.
987 4365 1090 4423 Cultus
1115 4381 1211 4427 noster
1236 4387 1313 4445 mys·

132 4472 203 4530 teriia
215 4473 282 4532 fidei
298 4469 458 4530 christiane
483 4486 601 4543 prorsus
616 4465 724 4534 nititur,
740 4465 903 4536 nullamque
918 4463 1031 4520 inanem
1045 4481 1181 4542 pompam
1196 4465 1314 4532 redolet,

589 4674 629 4738 (l)
647 4672 719 4722 Joan.
730 4672 764 4722 iv.
777 4673 819 4721 24.
