<?xml version="1.0" encoding="UTF-8"?>
<!DOCTYPE html PUBLIC "-//W3C//DTD XHTML 1.0 Transitional//EN"
    "http://www.w3.org/TR/xhtml1/DTD/xhtml1-transitional.dtd">
<html xmlns="http://www.w3.org/1999/xhtml" xml:lang="en" lang="en">
 <head>
  <title>
</title>
<meta http-equiv="Content-Type" content="text/html;charset=utf-8" />
  <meta name='ocr-system' content='tesseract 3.04.00' />
  <meta name='ocr-capabilities' content='ocr_page ocr_carea ocr_par ocr_line ocrx_word'/>
</head>
<body>
  <div class='ocr_page' id='page_1' title='image "./theologidogmati02kenrgoog_0219.png"; bbox 0 0 2812 5092; ppageno 0'>
   <div class='ocr_carea' id='block_1_1' title="bbox 96 339 916 403">
    <p class='ocr_par' dir='ltr' id='par_1_1' title="bbox 96 339 916 403">
     <span class='ocr_line' id='line_1_1' title="bbox 96 339 916 403; baseline -0.005 0"><span class='ocrx_word' id='word_1_1' title='bbox 96 347 157 403; x_wconf 78' lang='lat' dir='ltr'>tto</span> <span class='ocrx_word' id='word_1_2' title='bbox 476 340 531 403; x_wconf 84' lang='lat' dir='ltr'>DE</span> <span class='ocrx_word' id='word_1_3' title='bbox 551 340 741 401; x_wconf 66' lang='lat' dir='ltr'>vinarius</span> <span class='ocrx_word' id='word_1_4' title='bbox 761 339 916 401; x_wconf 83' lang='lat' dir='ltr'><strong>CULTU.</strong></span> 
     </span>
    </p>
   </div>
   <div class='ocr_carea' id='block_1_2' title="bbox 97 496 1303 2011">
    <p class='ocr_par' dir='ltr' id='par_1_2' title="bbox 97 496 1302 951">
     <span class='ocr_line' id='line_1_2' title="bbox 97 496 1300 579; baseline -0.003 -19"><span class='ocrx_word' id='word_1_5' title='bbox 97 499 263 579; x_wconf 77' lang='lat' dir='ltr'>patriarchae</span> <span class='ocrx_word' id='word_1_6' title='bbox 286 498 605 578; x_wconf 75' lang='lat' dir='ltr'>constantinopolitani,</span> <span class='ocrx_word' id='word_1_7' title='bbox 621 499 656 558; x_wconf 89' lang='lat' dir='ltr'>ad</span> <span class='ocrx_word' id='word_1_8' title='bbox 675 499 816 559; x_wconf 87' lang='lat' dir='ltr'>Joannem</span> <span class='ocrx_word' id='word_1_9' title='bbox 838 498 1038 576; x_wconf 85' lang='lat' dir='ltr'>Synadensem</span> <span class='ocrx_word' id='word_1_10' title='bbox 1059 498 1089 557; x_wconf 92' lang='lat' dir='ltr'>in</span> <span class='ocrx_word' id='word_1_11' title='bbox 1112 516 1172 572; x_wconf 86' lang='lat' dir='ltr'>qua</span> <span class='ocrx_word' id='word_1_12' title='bbox 1192 496 1300 557; x_wconf 86' lang='lat' dir='ltr'>dictum</span> 
     </span>
     <span class='ocr_line' id='line_1_3' title="bbox 97 597 1301 674; baseline -0.002 -17"><span class='ocrx_word' id='word_1_13' title='bbox 97 613 161 658; x_wconf 83' lang='lat' dir='ltr'>est:</span> <span class='ocrx_word' id='word_1_14' title='bbox 183 598 298 667; x_wconf 83' lang='lat' dir='ltr'>“Eam,</span> <span class='ocrx_word' id='word_1_15' title='bbox 314 608 345 656; x_wconf 91' lang='lat' dir='ltr'>ut</span> <span class='ocrx_word' id='word_1_16' title='bbox 364 616 431 657; x_wconf 82' lang='lat' dir='ltr'>vere</span> <span class='ocrx_word' id='word_1_17' title='bbox 452 608 481 657; x_wconf 92' lang='lat' dir='ltr'>et</span> <span class='ocrx_word' id='word_1_18' title='bbox 500 599 615 674; x_wconf 89' lang='lat' dir='ltr'>proprie</span> <span class='ocrx_word' id='word_1_19' title='bbox 636 598 696 656; x_wconf 88' lang='lat' dir='ltr'>veri</span> <span class='ocrx_word' id='word_1_20' title='bbox 721 598 779 657; x_wconf 93' lang='lat' dir='ltr'>Dei</span> <span class='ocrx_word' id='word_1_21' title='bbox 801 608 919 657; x_wconf 85' lang='lat' dir='ltr'>matrem</span> <span class='ocrx_word' id='word_1_22' title='bbox 945 615 1129 666; x_wconf 84' lang='lat' dir='ltr'>veneramur,</span> <span class='ocrx_word' id='word_1_23' title='bbox 1151 607 1181 655; x_wconf 91' lang='lat' dir='ltr'>et</span> <span class='ocrx_word' id='word_1_24' title='bbox 1206 597 1301 674; x_wconf 88' lang='lat' dir='ltr'>magni</span> 
     </span>
     <span class='ocr_line' id='line_1_4' title="bbox 101 691 1302 770; baseline -0.002 -17"><span class='ocrx_word' id='word_1_25' title='bbox 101 694 233 758; x_wconf 80' lang='lat' dir='ltr'>tacimus,</span> <span class='ocrx_word' id='word_1_26' title='bbox 250 705 282 752; x_wconf 89' lang='lat' dir='ltr'>et</span> <span class='ocrx_word' id='word_1_27' title='bbox 305 694 407 767; x_wconf 85' lang='lat' dir='ltr'>quavis</span> <span class='ocrx_word' id='word_1_28' title='bbox 430 693 538 752; x_wconf 83' lang='lat' dir='ltr'>visibili</span> <span class='ocrx_word' id='word_1_29' title='bbox 563 702 592 751; x_wconf 90' lang='lat' dir='ltr'>et</span> <span class='ocrx_word' id='word_1_30' title='bbox 606 693 745 751; x_wconf 82' lang='lat' dir='ltr'>invisibili</span> <span class='ocrx_word' id='word_1_31' title='bbox 758 703 886 752; x_wconf 85' lang='lat' dir='ltr'>creatura</span> <span class='ocrx_word' id='word_1_32' title='bbox 897 695 1076 770; x_wconf 89' lang='lat' dir='ltr'>superiorem</span> <span class='ocrx_word' id='word_1_33' title='bbox 1103 691 1302 770; x_wconf 85' lang='lat' dir='ltr'>reputamus.’&#39;</span> 
     </span>
     <span class='ocr_line' id='line_1_5' title="bbox 101 788 1301 863; baseline -0.001 -17"><span class='ocrx_word' id='word_1_34' title='bbox 101 789 343 863; x_wconf 64' lang='grc' dir='ltr'>παὶγᾶρῶςκυςίως</span> <span class='ocrx_word' id='word_1_35' title='bbox 360 792 403 847; x_wconf 76' lang='lat' dir='ltr'>reni</span> <span class='ocrx_word' id='word_1_36' title='bbox 423 788 1048 862; x_wconf 61' lang='grc' dir='ltr'>ὢηδῶςμητὶραθεωτέὢιὶὲινωσέβομνᾶπὴν</span> <span class='ocrx_word' id='word_1_37' title='bbox 1062 791 1108 845; x_wconf 69' lang='lat' dir='ltr'>aad</span> <span class='ocrx_word' id='word_1_38' title='bbox 1125 789 1301 861; x_wconf 59' lang='lat' dir='ltr'>urgescimus,</span> 
     </span>
     <span class='ocr_line' id='line_1_6' title="bbox 97 877 929 951; baseline -0.005 -16"><span class='ocrx_word' id='word_1_39' title='bbox 97 882 139 935; x_wconf 79' lang='lat' dir='ltr'>atui</span> <span class='ocrx_word' id='word_1_40' title='bbox 151 897 229 951; x_wconf 65' lang='lat' dir='ltr'>neone</span> <span class='ocrx_word' id='word_1_41' title='bbox 238 896 324 951; x_wconf 74' lang='grc' dir='ltr'><strong><em>ορωτης</em></strong></span> <span class='ocrx_word' id='word_1_42' title='bbox 335 881 377 935; x_wconf 73' lang='lat' dir='ltr'>sni</span> <span class='ocrx_word' id='word_1_43' title='bbox 386 879 490 951; x_wconf 73' lang='grc' dir='ltr'>ἇοςωτης</span> <span class='ocrx_word' id='word_1_44' title='bbox 500 878 601 943; x_wconf 67' lang='grc' dir='ltr'>κτίσεως</span> <span class='ocrx_word' id='word_1_45' title='bbox 617 880 751 950; x_wconf 67' lang='grc' dir='ltr'>ὑπερτέραν</span> <span class='ocrx_word' id='word_1_46' title='bbox 760 877 929 950; x_wconf 45' lang='lat' dir='ltr'>aequicrurus·¹</span> 
     </span>
    </p>

    <p class='ocr_par' dir='ltr' id='par_1_3' title="bbox 136 976 592 1054">
     <span class='ocr_line' id='line_1_7' title="bbox 136 976 592 1054; baseline -0.009 -16"><span class='ocrx_word' id='word_1_47' title='bbox 136 977 290 1039; x_wconf 79' lang='lat' dir='ltr'><strong><em>Probatur</em></strong></span> <span class='ocrx_word' id='word_1_48' title='bbox 303 976 360 1037; x_wconf 89' lang='lat' dir='ltr'>IV.</span> <span class='ocrx_word' id='word_1_49' title='bbox 376 995 413 1037; x_wconf 82' lang='lat' dir='ltr'>ec</span> <span class='ocrx_word' id='word_1_50' title='bbox 427 976 592 1054; x_wconf 78' lang='lat' dir='ltr'>Litargiir.</span> 
     </span>
    </p>

    <p class='ocr_par' dir='ltr' id='par_1_4' title="bbox 98 1066 1303 1446">
     <span class='ocr_line' id='line_1_8' title="bbox 137 1066 1301 1152; baseline -0.001 -16"><span class='ocrx_word' id='word_1_51' title='bbox 137 1081 187 1136; x_wconf 88' lang='grc'>98.</span> <span class='ocrx_word' id='word_1_52' title='bbox 210 1076 409 1136; x_wconf 86' lang='lat' dir='ltr'>Honorificam</span> <span class='ocrx_word' id='word_1_53' title='bbox 434 1075 553 1151; x_wconf 86' lang='lat' dir='ltr'>virginis</span> <span class='ocrx_word' id='word_1_54' title='bbox 575 1074 707 1152; x_wconf 83' lang='lat' dir='ltr'>Deiparae</span> <span class='ocrx_word' id='word_1_55' title='bbox 732 1075 1036 1135; x_wconf 71' lang='lat' dir='ltr'>commemorationem</span> <span class='ocrx_word' id='word_1_56' title='bbox 1060 1074 1174 1135; x_wconf 83' lang='lat' dir='ltr'>iaciunt</span> <span class='ocrx_word' id='word_1_57' title='bbox 1196 1066 1301 1135; x_wconf 82' lang='lat' dir='ltr'>omnes</span> 
     </span>
     <span class='ocr_line' id='line_1_9' title="bbox 98 1170 1301 1251; baseline -0.002 -18"><span class='ocrx_word' id='word_1_58' title='bbox 98 1174 244 1251; x_wconf 83' lang='lat' dir='ltr'>Liturgire.</span> <span class='ocrx_word' id='word_1_59' title='bbox 284 1172 320 1231; x_wconf 95' lang='lat' dir='ltr'>In</span> <span class='ocrx_word' id='word_1_60' title='bbox 333 1171 446 1248; x_wconf 79' lang='lat' dir='ltr'>liturgia</span> <span class='ocrx_word' id='word_1_61' title='bbox 460 1170 559 1229; x_wconf 88' lang='lat' dir='ltr'>Basilii</span> <span class='ocrx_word' id='word_1_62' title='bbox 574 1171 668 1229; x_wconf 83' lang='lat' dir='ltr'>usuali</span> <span class='ocrx_word' id='word_1_63' title='bbox 682 1170 803 1229; x_wconf 84' lang='lat' dir='ltr'>dicitur:</span> <span class='ocrx_word' id='word_1_64' title='bbox 826 1181 846 1208; x_wconf 79' lang='lat'>‘⁶</span> <span class='ocrx_word' id='word_1_65' title='bbox 857 1171 1001 1248; x_wconf 76' lang='lat' dir='ltr'>precipue</span> <span class='ocrx_word' id='word_1_66' title='bbox 1022 1189 1088 1229; x_wconf 89' lang='lat' dir='ltr'>cum</span> <span class='ocrx_word' id='word_1_67' title='bbox 1103 1171 1301 1241; x_wconf 86' lang='lat' dir='ltr'>sanctissime,</span> 
     </span>
     <span class='ocr_line' id='line_1_10' title="bbox 98 1266 1303 1346; baseline -0.002 -16"><span class='ocrx_word' id='word_1_68' title='bbox 98 1270 214 1335; x_wconf 89' lang='lat' dir='ltr'>illibata,</span> <span class='ocrx_word' id='word_1_69' title='bbox 229 1287 316 1346; x_wconf 89' lang='lat' dir='ltr'>super</span> <span class='ocrx_word' id='word_1_70' title='bbox 330 1286 432 1327; x_wconf 91' lang='lat' dir='ltr'>omnes</span> <span class='ocrx_word' id='word_1_71' title='bbox 446 1267 605 1336; x_wconf 89' lang='lat' dir='ltr'>benedicta,</span> <span class='ocrx_word' id='word_1_72' title='bbox 616 1267 740 1345; x_wconf 88' lang='lat' dir='ltr'>gloriosa</span> <span class='ocrx_word' id='word_1_73' title='bbox 749 1266 877 1327; x_wconf 90' lang='lat' dir='ltr'>Domina</span> <span class='ocrx_word' id='word_1_74' title='bbox 886 1279 983 1329; x_wconf 89' lang='lat' dir='ltr'>nostra</span> <span class='ocrx_word' id='word_1_75' title='bbox 994 1266 1132 1345; x_wconf 88' lang='lat' dir='ltr'>Deipara,</span> <span class='ocrx_word' id='word_1_76' title='bbox 1145 1278 1177 1326; x_wconf 91' lang='lat' dir='ltr'>et</span> <span class='ocrx_word' id='word_1_77' title='bbox 1187 1286 1303 1346; x_wconf 89' lang='lat' dir='ltr'>semper</span> 
     </span>
     <span class='ocr_line' id='line_1_11' title="bbox 98 1364 358 1446; baseline -0.019 -19"><span class='ocrx_word' id='word_1_78' title='bbox 98 1369 218 1446; x_wconf 81' lang='lat' dir='ltr'>Virgine</span> <span class='ocrx_word' id='word_1_79' title='bbox 233 1364 358 1425; x_wconf 86' lang='lat' dir='ltr'>Maria.”</span> 
     </span>
    </p>

    <p class='ocr_par' dir='ltr' id='par_1_5' title="bbox 97 1461 1303 2011">
     <span class='ocr_line' id='line_1_12' title="bbox 138 1461 1303 1540; baseline 0 -17"><span class='ocrx_word' id='word_1_80' title='bbox 138 1467 187 1523; x_wconf 90' lang='grc'>99.</span> <span class='ocrx_word' id='word_1_81' title='bbox 208 1462 329 1524; x_wconf 80' lang='lat' dir='ltr'>Accedit</span> <span class='ocrx_word' id='word_1_82' title='bbox 343 1462 413 1521; x_wconf 88' lang='lat' dir='ltr'>ratio</span> <span class='ocrx_word' id='word_1_83' title='bbox 437 1461 597 1540; x_wconf 88' lang='lat' dir='ltr'>theologica</span> <span class='ocrx_word' id='word_1_84' title='bbox 610 1480 646 1520; x_wconf 85' lang='lat' dir='ltr'>ex</span> <span class='ocrx_word' id='word_1_85' title='bbox 668 1463 732 1539; x_wconf 88' lang='lat' dir='ltr'>ipsa</span> <span class='ocrx_word' id='word_1_86' title='bbox 752 1461 897 1539; x_wconf 86' lang='lat' dir='ltr'>dignitatis</span> <span class='ocrx_word' id='word_1_87' title='bbox 913 1461 1015 1522; x_wconf 87' lang='lat' dir='ltr'>Matris</span> <span class='ocrx_word' id='word_1_88' title='bbox 1034 1463 1093 1522; x_wconf 92' lang='lat' dir='ltr'>Dei</span> <span class='ocrx_word' id='word_1_89' title='bbox 1115 1463 1303 1533; x_wconf 75' lang='lat' dir='ltr'>celsitudine,</span> 
     </span>
     <span class='ocr_line' id='line_1_13' title="bbox 98 1561 1303 1640; baseline -0.001 -18"><span class='ocrx_word' id='word_1_90' title='bbox 98 1583 161 1640; x_wconf 87' lang='lat' dir='ltr'>quae</span> <span class='ocrx_word' id='word_1_91' title='bbox 176 1563 267 1639; x_wconf 89' lang='lat' dir='ltr'>major</span> <span class='ocrx_word' id='word_1_92' title='bbox 280 1574 324 1619; x_wconf 90' lang='lat' dir='ltr'>est</span> <span class='ocrx_word' id='word_1_93' title='bbox 338 1580 423 1635; x_wconf 90' lang='lat' dir='ltr'>qnam</span> <span class='ocrx_word' id='word_1_94' title='bbox 439 1578 504 1634; x_wconf 89' lang='lat' dir='ltr'>qnae</span> <span class='ocrx_word' id='word_1_95' title='bbox 519 1561 612 1619; x_wconf 85' lang='lat' dir='ltr'>verbis</span> <span class='ocrx_word' id='word_1_96' title='bbox 628 1561 722 1637; x_wconf 85' lang='lat' dir='ltr'>possit</span> <span class='ocrx_word' id='word_1_97' title='bbox 735 1561 884 1637; x_wconf 84' lang='lat' dir='ltr'>explicari,</span> <span class='ocrx_word' id='word_1_98' title='bbox 900 1572 945 1619; x_wconf 87' lang='lat' dir='ltr'>est</span> <span class='ocrx_word' id='word_1_99' title='bbox 957 1561 1034 1619; x_wconf 91' lang='lat' dir='ltr'>enim</span> <span class='ocrx_word' id='word_1_100' title='bbox 1051 1561 1154 1621; x_wconf 86' lang='lat' dir='ltr'>intima</span> <span class='ocrx_word' id='word_1_101' title='bbox 1169 1562 1303 1635; x_wconf 74' lang='lat' dir='ltr'>quedam</span> 
     </span>
     <span class='ocr_line' id='line_1_14' title="bbox 97 1657 1302 1737; baseline 0 -18"><span class='ocrx_word' id='word_1_102' title='bbox 97 1661 196 1720; x_wconf 87' lang='lat' dir='ltr'>relatio</span> <span class='ocrx_word' id='word_1_103' title='bbox 212 1659 247 1717; x_wconf 91' lang='lat' dir='ltr'>ad</span> <span class='ocrx_word' id='word_1_104' title='bbox 261 1659 366 1726; x_wconf 88' lang='lat' dir='ltr'>Deum,</span> <span class='ocrx_word' id='word_1_105' title='bbox 382 1677 445 1731; x_wconf 82' lang='lat' dir='ltr'>quae</span> <span class='ocrx_word' id='word_1_106' title='bbox 460 1657 530 1716; x_wconf 92' lang='lat' dir='ltr'>nulli</span> <span class='ocrx_word' id='word_1_107' title='bbox 542 1658 589 1715; x_wconf 88' lang='lat' dir='ltr'>alii</span> <span class='ocrx_word' id='word_1_108' title='bbox 601 1668 735 1716; x_wconf 76' lang='lat' dir='ltr'>creaturae</span> <span class='ocrx_word' id='word_1_109' title='bbox 747 1658 922 1716; x_wconf 84' lang='lat' dir='ltr'>conceditur.</span> <span class='ocrx_word' id='word_1_110' title='bbox 944 1659 1026 1717; x_wconf 86' lang='lat' dir='ltr'>Sicut</span> <span class='ocrx_word' id='word_1_111' title='bbox 1037 1658 1124 1736; x_wconf 88' lang='lat' dir='ltr'>igitur</span> <span class='ocrx_word' id='word_1_112' title='bbox 1139 1661 1302 1737; x_wconf 75' lang='lat' dir='ltr'>prophete,</span> 
     </span>
     <span class='ocr_line' id='line_1_15' title="bbox 98 1755 1300 1832; baseline -0.002 -14"><span class='ocrx_word' id='word_1_113' title='bbox 98 1755 270 1825; x_wconf 85' lang='lat' dir='ltr'>sacerdotes,</span> <span class='ocrx_word' id='word_1_114' title='bbox 287 1767 316 1814; x_wconf 93' lang='lat' dir='ltr'>et</span> <span class='ocrx_word' id='word_1_115' title='bbox 328 1755 429 1813; x_wconf 81' lang='lat' dir='ltr'>famuli</span> <span class='ocrx_word' id='word_1_116' title='bbox 443 1768 472 1812; x_wconf 94' lang='lat' dir='ltr'>et</span> <span class='ocrx_word' id='word_1_117' title='bbox 495 1755 617 1813; x_wconf 88' lang='lat' dir='ltr'>ministri</span> <span class='ocrx_word' id='word_1_118' title='bbox 639 1755 697 1812; x_wconf 88' lang='lat' dir='ltr'>Dei</span> <span class='ocrx_word' id='word_1_119' title='bbox 711 1755 837 1813; x_wconf 87' lang='lat' dir='ltr'>universi</span> <span class='ocrx_word' id='word_1_120' title='bbox 851 1768 969 1832; x_wconf 90' lang='lat' dir='ltr'>propter</span> <span class='ocrx_word' id='word_1_121' title='bbox 988 1756 1159 1815; x_wconf 81' lang='lat' dir='ltr'>relationem</span> <span class='ocrx_word' id='word_1_122' title='bbox 1178 1757 1217 1815; x_wconf 93' lang='lat' dir='ltr'>ad</span> <span class='ocrx_word' id='word_1_123' title='bbox 1237 1775 1300 1815; x_wconf 88' lang='lat' dir='ltr'>enm</span> 
     </span>
     <span class='ocr_line' id='line_1_16' title="bbox 98 1850 1299 1930; baseline -0.002 -19"><span class='ocrx_word' id='word_1_124' title='bbox 98 1853 281 1920; x_wconf 90' lang='lat' dir='ltr'>honorantur,</span> <span class='ocrx_word' id='word_1_125' title='bbox 296 1851 420 1910; x_wconf 84' lang='lat' dir='ltr'>eximius</span> <span class='ocrx_word' id='word_1_126' title='bbox 435 1850 551 1925; x_wconf 88' lang='lat' dir='ltr'>quidam</span> <span class='ocrx_word' id='word_1_127' title='bbox 564 1850 657 1910; x_wconf 87' lang='lat' dir='ltr'>cultus</span> <span class='ocrx_word' id='word_1_128' title='bbox 671 1852 697 1909; x_wconf 91' lang='lat' dir='ltr'>ei</span> <span class='ocrx_word' id='word_1_129' title='bbox 713 1850 831 1910; x_wconf 91' lang='lat' dir='ltr'>debetur</span> <span class='ocrx_word' id='word_1_130' title='bbox 849 1869 913 1925; x_wconf 81' lang='lat' dir='ltr'>quae</span> <span class='ocrx_word' id='word_1_131' title='bbox 928 1851 962 1911; x_wconf 86' lang='lat' dir='ltr'>ad</span> <span class='ocrx_word' id='word_1_132' title='bbox 977 1851 1072 1911; x_wconf 87' lang='lat' dir='ltr'>Deum</span> <span class='ocrx_word' id='word_1_133' title='bbox 1088 1864 1146 1911; x_wconf 85' lang='lat' dir='ltr'>tam</span> <span class='ocrx_word' id='word_1_134' title='bbox 1163 1854 1299 1930; x_wconf 84' lang='lat' dir='ltr'>proxima</span> 
     </span>
     <span class='ocr_line' id='line_1_17' title="bbox 99 1951 216 2011; baseline -0.009 0"><span class='ocrx_word' id='word_1_135' title='bbox 99 1951 216 2011; x_wconf 88' lang='lat' dir='ltr'>accedit.</span> 
     </span>
    </p>
   </div>
   <div class='ocr_carea' id='block_1_3' title="bbox 494 2146 898 2188">
    <p class='ocr_par' dir='ltr' id='par_1_6' title="bbox 494 2146 898 2188">
     <span class='ocr_line' id='line_1_18' title="bbox 494 2146 898 2188; baseline 0 -2"><span class='ocrx_word' id='word_1_136' title='bbox 494 2146 693 2187; x_wconf 69' lang='lat' dir='ltr'>ossucutortns</span> <span class='ocrx_word' id='word_1_137' title='bbox 714 2146 898 2188; x_wconf 79' lang='lat' dir='ltr'>SOLVUN&#39;I’UR.</span> 
     </span>
    </p>
   </div>
   <div class='ocr_carea' id='block_1_4' title="bbox 98 2285 1298 3836">
    <p class='ocr_par' dir='ltr' id='par_1_7' title="bbox 98 2285 1298 2641">
     <span class='ocr_line' id='line_1_19' title="bbox 142 2285 1298 2368; baseline -0.002 -20"><span class='ocrx_word' id='word_1_138' title='bbox 142 2294 207 2348; x_wconf 88' lang='lat'>100.</span> <span class='ocrx_word' id='word_1_139' title='bbox 233 2287 300 2366; x_wconf 79' lang='lat' dir='ltr'>obj.</span> <span class='ocrx_word' id='word_1_140' title='bbox 318 2292 344 2345; x_wconf 91' lang='lat' dir='ltr'>l.</span> <span class='ocrx_word' id='word_1_141' title='bbox 368 2285 567 2363; x_wconf 88' lang='lat' dir='ltr'>Hyperduliae,</span> <span class='ocrx_word' id='word_1_142' title='bbox 583 2306 634 2347; x_wconf 85' lang='lat' dir='ltr'>seu</span> <span class='ocrx_word' id='word_1_143' title='bbox 649 2288 742 2346; x_wconf 90' lang='lat' dir='ltr'>cultus</span> <span class='ocrx_word' id='word_1_144' title='bbox 757 2287 858 2345; x_wconf 90' lang='lat' dir='ltr'>eximii</span> <span class='ocrx_word' id='word_1_145' title='bbox 873 2287 1002 2367; x_wconf 88' lang='lat' dir='ltr'>Virginis</span> <span class='ocrx_word' id='word_1_146' title='bbox 1025 2288 1134 2348; x_wconf 90' lang='lat' dir='ltr'>nullam</span> <span class='ocrx_word' id='word_1_147' title='bbox 1151 2289 1184 2348; x_wconf 92' lang='lat' dir='ltr'>in</span> <span class='ocrx_word' id='word_1_148' title='bbox 1200 2290 1298 2368; x_wconf 90' lang='lat' dir='ltr'>priori·</span> 
     </span>
     <span class='ocr_line' id='line_1_20' title="bbox 99 2383 1297 2461; baseline -0.002 -16"><span class='ocrx_word' id='word_1_149' title='bbox 99 2389 153 2446; x_wconf 92' lang='lat' dir='ltr'>bus</span> <span class='ocrx_word' id='word_1_150' title='bbox 168 2387 280 2445; x_wconf 77' lang='lat' dir='ltr'>saeculis</span> <span class='ocrx_word' id='word_1_151' title='bbox 295 2383 432 2443; x_wconf 88' lang='lat' dir='ltr'>indicium</span> <span class='ocrx_word' id='word_1_152' title='bbox 446 2385 603 2461; x_wconf 74' lang='lat' dir='ltr'>reperitur,</span> <span class='ocrx_word' id='word_1_153' title='bbox 618 2404 672 2444; x_wconf 90' lang='lat' dir='ltr'>nec</span> <span class='ocrx_word' id='word_1_154' title='bbox 687 2386 765 2444; x_wconf 88' lang='lat' dir='ltr'>enirn</span> <span class='ocrx_word' id='word_1_155' title='bbox 777 2384 884 2443; x_wconf 84' lang='lat' dir='ltr'>Celsus</span> <span class='ocrx_word' id='word_1_156' title='bbox 896 2388 1049 2460; x_wconf 87' lang='lat' dir='ltr'>caeterique</span> <span class='ocrx_word' id='word_1_157' title='bbox 1063 2388 1197 2446; x_wconf 88' lang='lat' dir='ltr'>nominis</span> <span class='ocrx_word' id='word_1_158' title='bbox 1212 2386 1297 2445; x_wconf 85' lang='lat' dir='ltr'>chris·</span> 
     </span>
     <span class='ocr_line' id='line_1_21' title="bbox 99 2483 1295 2563; baseline -0.001 -20"><span class='ocrx_word' id='word_1_159' title='bbox 99 2486 168 2543; x_wconf 90' lang='lat' dir='ltr'>tiani</span> <span class='ocrx_word' id='word_1_160' title='bbox 189 2483 287 2542; x_wconf 88' lang='lat' dir='ltr'>hostes</span> <span class='ocrx_word' id='word_1_161' title='bbox 302 2502 369 2541; x_wconf 91' lang='lat' dir='ltr'>eum</span> <span class='ocrx_word' id='word_1_162' title='bbox 389 2483 550 2540; x_wconf 89' lang='lat' dir='ltr'>christianis</span> <span class='ocrx_word' id='word_1_163' title='bbox 574 2484 750 2560; x_wconf 88' lang='lat' dir='ltr'>objecerunt,</span> <span class='ocrx_word' id='word_1_164' title='bbox 765 2485 897 2556; x_wconf 84' lang='lat' dir='ltr'>quamvis</span> <span class='ocrx_word' id='word_1_165' title='bbox 919 2486 1023 2562; x_wconf 91' lang='lat' dir='ltr'>probra</span> <span class='ocrx_word' id='word_1_166' title='bbox 1045 2485 1171 2562; x_wconf 88' lang='lat' dir='ltr'>plurima</span> <span class='ocrx_word' id='word_1_167' title='bbox 1185 2483 1295 2563; x_wconf 86' lang='lat' dir='ltr'>Virgini</span> 
     </span>
     <span class='ocr_line' id='line_1_22' title="bbox 98 2582 254 2641; baseline -0.006 -1"><span class='ocrx_word' id='word_1_168' title='bbox 98 2582 254 2641; x_wconf 88' lang='lat' dir='ltr'>intulerint.</span> 
     </span>
    </p>

    <p class='ocr_par' dir='ltr' id='par_1_8' title="bbox 98 2677 1298 3836">
     <span class='ocr_line' id='line_1_23' title="bbox 137 2677 1291 2760; baseline 0.002 -23"><span class='ocrx_word' id='word_1_169' title='bbox 137 2678 227 2757; x_wconf 82' lang='lat' dir='ltr'>Resp.</span> <span class='ocrx_word' id='word_1_170' title='bbox 252 2680 347 2746; x_wconf 83' lang='lat' dir='ltr'>Quum</span> <span class='ocrx_word' id='word_1_171' title='bbox 363 2677 455 2736; x_wconf 88' lang='lat' dir='ltr'>cultus</span> <span class='ocrx_word' id='word_1_172' title='bbox 478 2678 606 2756; x_wconf 82' lang='lat' dir='ltr'>Virginis</span> <span class='ocrx_word' id='word_1_173' title='bbox 622 2696 681 2736; x_wconf 89' lang='lat' dir='ltr'>non</span> <span class='ocrx_word' id='word_1_174' title='bbox 701 2689 779 2737; x_wconf 83' lang='lat' dir='ltr'>esset</span> <span class='ocrx_word' id='word_1_175' title='bbox 799 2680 963 2740; x_wconf 85' lang='lat' dir='ltr'>christianae</span> <span class='ocrx_word' id='word_1_176' title='bbox 983 2681 1129 2760; x_wconf 82' lang='lat' dir='ltr'>religionis</span> <span class='ocrx_word' id='word_1_177' title='bbox 1145 2683 1225 2751; x_wconf 88' lang='lat' dir='ltr'>finis,</span> <span class='ocrx_word' id='word_1_178' title='bbox 1242 2680 1291 2740; x_wconf 86' lang='lat' dir='ltr'>sed</span> 
     </span>
     <span class='ocr_line' id='line_1_24' title="bbox 99 2772 1295 2855; baseline 0.001 -19"><span class='ocrx_word' id='word_1_179' title='bbox 99 2795 135 2836; x_wconf 86' lang='lat' dir='ltr'>ex</span> <span class='ocrx_word' id='word_1_180' title='bbox 151 2777 303 2855; x_wconf 78' lang='lat' dir='ltr'>praecipuis</span> <span class='ocrx_word' id='word_1_181' title='bbox 318 2774 386 2834; x_wconf 90' lang='lat' dir='ltr'>fidei</span> <span class='ocrx_word' id='word_1_182' title='bbox 400 2777 547 2854; x_wconf 83' lang='lat' dir='ltr'>mysteriis</span> <span class='ocrx_word' id='word_1_183' title='bbox 562 2777 766 2851; x_wconf 84' lang='lat' dir='ltr'>consequentia</span> <span class='ocrx_word' id='word_1_184' title='bbox 787 2772 873 2836; x_wconf 86' lang='lat' dir='ltr'>veluti</span> <span class='ocrx_word' id='word_1_185' title='bbox 889 2778 1038 2846; x_wconf 88' lang='lat' dir='ltr'>deductus,</span> <span class='ocrx_word' id='word_1_186' title='bbox 1054 2779 1161 2839; x_wconf 86' lang='lat' dir='ltr'>mirum</span> <span class='ocrx_word' id='word_1_187' title='bbox 1183 2788 1295 2839; x_wconf 90' lang='lat' dir='ltr'>nonest</span> 
     </span>
     <span class='ocr_line' id='line_1_25' title="bbox 100 2872 1295 2955; baseline 0.003 -23"><span class='ocrx_word' id='word_1_188' title='bbox 100 2873 221 2932; x_wconf 82' lang='lat' dir='ltr'>Celsum</span> <span class='ocrx_word' id='word_1_189' title='bbox 236 2887 389 2932; x_wconf 68' lang='lat' dir='ltr'>caeterosve</span> <span class='ocrx_word' id='word_1_190' title='bbox 412 2872 447 2932; x_wconf 88' lang='lat' dir='ltr'>de</span> <span class='ocrx_word' id='word_1_191' title='bbox 469 2893 504 2932; x_wconf 92' lang='lat' dir='ltr'>eo</span> <span class='ocrx_word' id='word_1_192' title='bbox 526 2875 605 2933; x_wconf 89' lang='lat' dir='ltr'>litem</span> <span class='ocrx_word' id='word_1_193' title='bbox 629 2893 686 2933; x_wconf 87' lang='lat' dir='ltr'>non</span> <span class='ocrx_word' id='word_1_194' title='bbox 712 2875 849 2945; x_wconf 88' lang='lat' dir='ltr'>movisse,</span> <span class='ocrx_word' id='word_1_195' title='bbox 871 2877 1077 2954; x_wconf 88' lang='lat' dir='ltr'>impugnabant</span> <span class='ocrx_word' id='word_1_196' title='bbox 1102 2878 1181 2936; x_wconf 86' lang='lat' dir='ltr'>enim</span> <span class='ocrx_word' id='word_1_197' title='bbox 1207 2879 1295 2955; x_wconf 85' lang='lat' dir='ltr'>ipsam</span> 
     </span>
     <span class='ocr_line' id='line_1_26' title="bbox 98 2970 1296 3054; baseline 0.003 -25"><span class='ocrx_word' id='word_1_198' title='bbox 98 2971 197 3040; x_wconf 88' lang='lat' dir='ltr'>fidem,</span> <span class='ocrx_word' id='word_1_199' title='bbox 212 2981 241 3029; x_wconf 95' lang='lat' dir='ltr'>et</span> <span class='ocrx_word' id='word_1_200' title='bbox 254 2970 360 3030; x_wconf 90' lang='lat' dir='ltr'>cultum</span> <span class='ocrx_word' id='word_1_201' title='bbox 376 2982 467 3031; x_wconf 88' lang='lat' dir='ltr'>totum</span> <span class='ocrx_word' id='word_1_202' title='bbox 488 2971 685 3031; x_wconf 88' lang='lat' dir='ltr'>christianum.</span> <span class='ocrx_word' id='word_1_203' title='bbox 727 2973 812 3040; x_wconf 83' lang='lat' dir='ltr'>Quod</span> <span class='ocrx_word' id='word_1_204' title='bbox 827 2973 853 3031; x_wconf 91' lang='lat' dir='ltr'>si</span> <span class='ocrx_word' id='word_1_205' title='bbox 876 2972 1025 3032; x_wconf 85' lang='lat' dir='ltr'>Gbristum</span> <span class='ocrx_word' id='word_1_206' title='bbox 1048 2974 1145 3033; x_wconf 87' lang='lat' dir='ltr'>Deum</span> <span class='ocrx_word' id='word_1_207' title='bbox 1167 2977 1296 3054; x_wconf 85' lang='lat' dir='ltr'>agnovis-</span> 
     </span>
     <span class='ocr_line' id='line_1_27' title="bbox 98 3070 1297 3148; baseline 0.002 -19"><span class='ocrx_word' id='word_1_208' title='bbox 98 3081 173 3138; x_wconf 84' lang='lat' dir='ltr'>sent,</span> <span class='ocrx_word' id='word_1_209' title='bbox 188 3082 216 3129; x_wconf 92' lang='lat' dir='ltr'>et</span> <span class='ocrx_word' id='word_1_210' title='bbox 231 3088 269 3128; x_wconf 86' lang='lat' dir='ltr'>ex</span> <span class='ocrx_word' id='word_1_211' title='bbox 282 3070 375 3128; x_wconf 90' lang='lat' dir='ltr'>Maria</span> <span class='ocrx_word' id='word_1_212' title='bbox 389 3070 499 3148; x_wconf 83' lang='lat' dir='ltr'>virgine</span> <span class='ocrx_word' id='word_1_213' title='bbox 514 3071 639 3146; x_wconf 86' lang='lat' dir='ltr'>Spiritus</span> <span class='ocrx_word' id='word_1_214' title='bbox 654 3070 751 3128; x_wconf 85' lang='lat' dir='ltr'>Sancti</span> <span class='ocrx_word' id='word_1_215' title='bbox 766 3090 855 3148; x_wconf 89' lang='lat' dir='ltr'>opera</span> <span class='ocrx_word' id='word_1_216' title='bbox 875 3082 983 3140; x_wconf 89' lang='lat' dir='ltr'>natum,</span> <span class='ocrx_word' id='word_1_217' title='bbox 1000 3071 1167 3132; x_wconf 82' lang='lat' dir='ltr'>verosimile</span> <span class='ocrx_word' id='word_1_218' title='bbox 1184 3082 1297 3133; x_wconf 88' lang='lat' dir='ltr'>nonest</span> 
     </span>
     <span class='ocr_line' id='line_1_28' title="bbox 99 3166 1293 3244; baseline 0.003 -18"><span class='ocrx_word' id='word_1_219' title='bbox 99 3187 149 3228; x_wconf 89' lang='lat' dir='ltr'>eos</span> <span class='ocrx_word' id='word_1_220' title='bbox 164 3166 345 3226; x_wconf 85' lang='lat' dir='ltr'>damnaturos</span> <span class='ocrx_word' id='word_1_221' title='bbox 361 3168 570 3225; x_wconf 89' lang='lat' dir='ltr'>venerationem</span> <span class='ocrx_word' id='word_1_222' title='bbox 588 3185 723 3239; x_wconf 89' lang='lat' dir='ltr'>quaeum</span> <span class='ocrx_word' id='word_1_223' title='bbox 745 3167 972 3244; x_wconf 85' lang='lat' dir='ltr'>prosequebatur</span> <span class='ocrx_word' id='word_1_224' title='bbox 994 3169 1137 3227; x_wconf 88' lang='lat' dir='ltr'>Ecclesia.</span> <span class='ocrx_word' id='word_1_225' title='bbox 1182 3170 1293 3229; x_wconf 79' lang='lat' dir='ltr'>Protea·</span> 
     </span>
     <span class='ocr_line' id='line_1_29' title="bbox 99 3263 1296 3344; baseline 0.001 -19"><span class='ocrx_word' id='word_1_226' title='bbox 99 3275 189 3325; x_wconf 90' lang='lat' dir='ltr'>tantes</span> <span class='ocrx_word' id='word_1_227' title='bbox 205 3264 321 3339; x_wconf 89' lang='lat' dir='ltr'>quidem</span> <span class='ocrx_word' id='word_1_228' title='bbox 337 3264 366 3321; x_wconf 94' lang='lat' dir='ltr'>in</span> <span class='ocrx_word' id='word_1_229' title='bbox 380 3282 415 3321; x_wconf 90' lang='lat' dir='ltr'>eo</span> <span class='ocrx_word' id='word_1_230' title='bbox 437 3282 536 3339; x_wconf 89' lang='lat' dir='ltr'>parum</span> <span class='ocrx_word' id='word_1_231' title='bbox 560 3263 615 3321; x_wconf 93' lang='lat' dir='ltr'>sibi</span> <span class='ocrx_word' id='word_1_232' title='bbox 639 3277 769 3322; x_wconf 84' lang='lat' dir='ltr'>constare</span> <span class='ocrx_word' id='word_1_233' title='bbox 788 3266 1006 3333; x_wconf 88' lang='lat' dir='ltr'>convincuntur,</span> <span class='ocrx_word' id='word_1_234' title='bbox 1028 3266 1105 3340; x_wconf 90' lang='lat' dir='ltr'>qnod</span> <span class='ocrx_word' id='word_1_235' title='bbox 1126 3268 1296 3344; x_wconf 88' lang='lat' dir='ltr'>mysterium</span> 
     </span>
     <span class='ocr_line' id='line_1_30' title="bbox 98 3363 1296 3441; baseline 0.003 -21"><span class='ocrx_word' id='word_1_236' title='bbox 98 3363 300 3422; x_wconf 87' lang='lat' dir='ltr'>incarnationis</span> <span class='ocrx_word' id='word_1_237' title='bbox 315 3370 479 3438; x_wconf 87' lang='lat' dir='ltr'>agnoscant,</span> <span class='ocrx_word' id='word_1_238' title='bbox 495 3371 523 3418; x_wconf 90' lang='lat' dir='ltr'>et</span> <span class='ocrx_word' id='word_1_239' title='bbox 538 3373 631 3418; x_wconf 86' lang='lat' dir='ltr'>tamen</span> <span class='ocrx_word' id='word_1_240' title='bbox 646 3379 708 3419; x_wconf 88' lang='lat' dir='ltr'>earn</span> <span class='ocrx_word' id='word_1_241' title='bbox 724 3379 787 3434; x_wconf 87' lang='lat' dir='ltr'>quae</span> <span class='ocrx_word' id='word_1_242' title='bbox 804 3363 979 3439; x_wconf 83' lang='lat' dir='ltr'>praecipuum</span> <span class='ocrx_word' id='word_1_243' title='bbox 996 3364 1059 3441; x_wconf 80' lang='lat' dir='ltr'>ejus</span> <span class='ocrx_word' id='word_1_244' title='bbox 1073 3363 1296 3424; x_wconf 85' lang='lat' dir='ltr'>instrumentum</span> 
     </span>
     <span class='ocr_line' id='line_1_31' title="bbox 99 3457 1296 3537; baseline 0.002 -19"><span class='ocrx_word' id='word_1_245' title='bbox 99 3460 171 3518; x_wconf 86' lang='lat' dir='ltr'>secta</span> <span class='ocrx_word' id='word_1_246' title='bbox 192 3476 245 3529; x_wconf 87' lang='lat' dir='ltr'>est,</span> <span class='ocrx_word' id='word_1_247' title='bbox 260 3480 318 3519; x_wconf 90' lang='lat' dir='ltr'>non</span> <span class='ocrx_word' id='word_1_248' title='bbox 343 3460 493 3517; x_wconf 89' lang='lat' dir='ltr'>honorent.</span> <span class='ocrx_word' id='word_1_249' title='bbox 537 3457 681 3516; x_wconf 79' lang='lat' dir='ltr'>Caeterum</span> <span class='ocrx_word' id='word_1_250' title='bbox 705 3459 733 3517; x_wconf 90' lang='lat' dir='ltr'>id</span> <span class='ocrx_word' id='word_1_251' title='bbox 759 3478 816 3518; x_wconf 91' lang='lat' dir='ltr'>non</span> <span class='ocrx_word' id='word_1_252' title='bbox 840 3471 883 3518; x_wconf 91' lang='lat' dir='ltr'>est</span> <span class='ocrx_word' id='word_1_253' title='bbox 906 3461 1181 3537; x_wconf 74' lang='lat' dir='ltr'>pretermittendum</span> <span class='ocrx_word' id='word_1_254' title='bbox 1203 3480 1296 3522; x_wconf 87' lang='lat' dir='ltr'>mores</span> 
     </span>
     <span class='ocr_line' id='line_1_32' title="bbox 102 3554 1296 3637; baseline 0.002 -23"><span class='ocrx_word' id='word_1_255' title='bbox 102 3557 321 3616; x_wconf 88' lang='lat' dir='ltr'>christianorum</span> <span class='ocrx_word' id='word_1_256' title='bbox 335 3565 364 3615; x_wconf 90' lang='lat' dir='ltr'>et</span> <span class='ocrx_word' id='word_1_257' title='bbox 378 3554 509 3633; x_wconf 88' lang='lat' dir='ltr'>dogmata</span> <span class='ocrx_word' id='word_1_258' title='bbox 529 3575 587 3614; x_wconf 90' lang='lat' dir='ltr'>non</span> <span class='ocrx_word' id='word_1_259' title='bbox 612 3555 700 3614; x_wconf 83' lang='lat' dir='ltr'>fuisse</span> <span class='ocrx_word' id='word_1_260' title='bbox 716 3557 838 3615; x_wconf 87' lang='lat' dir='ltr'>ethnicis</span> <span class='ocrx_word' id='word_1_261' title='bbox 864 3559 976 3635; x_wconf 89' lang='lat' dir='ltr'>penitus</span> <span class='ocrx_word' id='word_1_262' title='bbox 997 3557 1157 3637; x_wconf 80' lang='lat' dir='ltr'>explorata,</span> <span class='ocrx_word' id='word_1_263' title='bbox 1172 3559 1296 3634; x_wconf 91' lang='lat' dir='ltr'>ideoque</span> 
     </span>
     <span class='ocr_line' id='line_1_33' title="bbox 100 3655 1296 3737; baseline 0.003 -22"><span class='ocrx_word' id='word_1_264' title='bbox 100 3655 203 3715; x_wconf 89' lang='lat' dir='ltr'>mirum</span> <span class='ocrx_word' id='word_1_265' title='bbox 231 3675 288 3714; x_wconf 90' lang='lat' dir='ltr'>non</span> <span class='ocrx_word' id='word_1_266' title='bbox 311 3664 364 3722; x_wconf 89' lang='lat' dir='ltr'>est,</span> <span class='ocrx_word' id='word_1_267' title='bbox 383 3655 409 3712; x_wconf 91' lang='lat' dir='ltr'>si</span> <span class='ocrx_word' id='word_1_268' title='bbox 432 3673 488 3728; x_wconf 92' lang='lat' dir='ltr'>qua</span> <span class='ocrx_word' id='word_1_269' title='bbox 510 3656 597 3714; x_wconf 90' lang='lat' dir='ltr'>animi</span> <span class='ocrx_word' id='word_1_270' title='bbox 618 3658 799 3716; x_wconf 88' lang='lat' dir='ltr'>veneratione</span> <span class='ocrx_word' id='word_1_271' title='bbox 823 3657 963 3717; x_wconf 89' lang='lat' dir='ltr'>coleretur</span> <span class='ocrx_word' id='word_1_272' title='bbox 985 3659 1085 3737; x_wconf 88' lang='lat' dir='ltr'>Virgo,</span> <span class='ocrx_word' id='word_1_273' title='bbox 1107 3659 1296 3736; x_wconf 87' lang='lat' dir='ltr'>ignorassent.</span> 
     </span>
     <span class='ocr_line' id='line_1_34' title="bbox 99 3740 1298 3836; baseline 0.005 -24"><span class='ocrx_word' id='word_1_274' title='bbox 99 3752 271 3812; x_wconf 79' lang='lat' dir='ltr'>Praeclarum</span> <span class='ocrx_word' id='word_1_275' title='bbox 287 3753 403 3828; x_wconf 89' lang='lat' dir='ltr'>quidem</span> <span class='ocrx_word' id='word_1_276' title='bbox 426 3755 529 3812; x_wconf 82' lang='lat' dir='ltr'>veteris</span> <span class='ocrx_word' id='word_1_277' title='bbox 544 3755 636 3812; x_wconf 91' lang='lat' dir='ltr'>cultus</span> <span class='ocrx_word' id='word_1_278' title='bbox 660 3755 863 3815; x_wconf 88' lang='lat' dir='ltr'>documentum</span> <span class='ocrx_word' id='word_1_279' title='bbox 885 3757 1004 3817; x_wconf 89' lang='lat' dir='ltr'>habetur</span> <span class='ocrx_word' id='word_1_280' title='bbox 1017 3740 1052 3817; x_wconf 53' lang='lat' dir='ltr'>in&#39;</span> <span class='ocrx_word' id='word_1_281' title='bbox 1071 3757 1213 3836; x_wconf 88' lang='lat' dir='ltr'>Liturgiis</span> <span class='ocrx_word' id='word_1_282' title='bbox 1228 3760 1298 3819; x_wconf 91' lang='lat' dir='ltr'>anti·</span> 
     </span>
    </p>
   </div>
   <div class='ocr_carea' id='block_1_5' title="bbox 97 3948 1302 4515">
    <p class='ocr_par' dir='ltr' id='par_1_9' title="bbox 97 3948 508 4029">
     <span class='ocr_line' id='line_1_35' title="bbox 97 3948 508 4029; baseline -0.01 -20"><span class='ocrx_word' id='word_1_283' title='bbox 97 3949 260 4029; x_wconf 87' lang='lat' dir='ltr'>magnificis</span> <span class='ocrx_word' id='word_1_284' title='bbox 276 3948 394 4026; x_wconf 88' lang='lat' dir='ltr'>adjectis</span> <span class='ocrx_word' id='word_1_285' title='bbox 408 3949 508 4006; x_wconf 87' lang='lat' dir='ltr'>titulis.</span> 
     </span>
    </p>

    <p class='ocr_par' dir='ltr' id='par_1_10' title="bbox 98 4045 1298 4323">
     <span class='ocr_line' id='line_1_36' title="bbox 141 4045 1296 4126; baseline 0.003 -18"><span class='ocrx_word' id='word_1_286' title='bbox 141 4054 208 4108; x_wconf 84' lang='lat'>101.</span> <span class='ocrx_word' id='word_1_287' title='bbox 234 4045 301 4126; x_wconf 80' lang='lat' dir='ltr'>obj.</span> <span class='ocrx_word' id='word_1_288' title='bbox 315 4052 344 4105; x_wconf 83' lang='lat'>2.</span> <span class='ocrx_word' id='word_1_289' title='bbox 367 4047 438 4113; x_wconf 77' lang='lat' dir='ltr'>Qua</span> <span class='ocrx_word' id='word_1_290' title='bbox 454 4065 490 4104; x_wconf 84' lang='lat' dir='ltr'>ex</span> <span class='ocrx_word' id='word_1_291' title='bbox 512 4046 653 4104; x_wconf 86' lang='lat' dir='ltr'>veteribus</span> <span class='ocrx_word' id='word_1_292' title='bbox 676 4046 832 4107; x_wconf 83' lang='lat' dir='ltr'>afferuntur</span> <span class='ocrx_word' id='word_1_293' title='bbox 855 4050 1029 4119; x_wconf 87' lang='lat' dir='ltr'>testimonia,</span> <span class='ocrx_word' id='word_1_294' title='bbox 1044 4060 1188 4110; x_wconf 89' lang='lat' dir='ltr'>oratorum</span> <span class='ocrx_word' id='word_1_295' title='bbox 1218 4070 1296 4112; x_wconf 89' lang='lat' dir='ltr'>more</span> 
     </span>
     <span class='ocr_line' id='line_1_37' title="bbox 98 4145 1298 4225; baseline 0.006 -21"><span class='ocrx_word' id='word_1_296' title='bbox 98 4146 172 4206; x_wconf 89' lang='lat' dir='ltr'>dicta</span> <span class='ocrx_word' id='word_1_297' title='bbox 188 4157 264 4216; x_wconf 88' lang='lat' dir='ltr'>sunt,</span> <span class='ocrx_word' id='word_1_298' title='bbox 280 4146 349 4221; x_wconf 86' lang='lat' dir='ltr'>quin</span> <span class='ocrx_word' id='word_1_299' title='bbox 364 4145 469 4204; x_wconf 89' lang='lat' dir='ltr'>cultum</span> <span class='ocrx_word' id='word_1_300' title='bbox 485 4147 616 4221; x_wconf 90' lang='lat' dir='ltr'>probent,</span> <span class='ocrx_word' id='word_1_301' title='bbox 629 4164 713 4219; x_wconf 89' lang='lat' dir='ltr'>quem</span> <span class='ocrx_word' id='word_1_302' title='bbox 729 4147 913 4225; x_wconf 88' lang='lat' dir='ltr'>Epiphanius</span> <span class='ocrx_word' id='word_1_303' title='bbox 928 4148 1033 4224; x_wconf 89' lang='lat' dir='ltr'>aliique</span> <span class='ocrx_word' id='word_1_304' title='bbox 1044 4169 1111 4208; x_wconf 90' lang='lat' dir='ltr'>cum</span> <span class='ocrx_word' id='word_1_305' title='bbox 1124 4160 1183 4209; x_wconf 89' lang='lat' dir='ltr'>tota</span> <span class='ocrx_word' id='word_1_306' title='bbox 1194 4151 1298 4211; x_wconf 85' lang='lat' dir='ltr'>Eccle-</span> 
     </span>
     <span class='ocr_line' id='line_1_38' title="bbox 98 4242 897 4323; baseline 0.006 -24"><span class='ocrx_word' id='word_1_307' title='bbox 98 4244 152 4312; x_wconf 91' lang='lat' dir='ltr'>sia,</span> <span class='ocrx_word' id='word_1_308' title='bbox 167 4263 231 4318; x_wconf 87' lang='lat' dir='ltr'>quae</span> <span class='ocrx_word' id='word_1_309' title='bbox 248 4244 462 4321; x_wconf 82' lang='lat' dir='ltr'>Collyridianos</span> <span class='ocrx_word' id='word_1_310' title='bbox 477 4242 631 4310; x_wconf 88' lang='lat' dir='ltr'>damnavit,</span> <span class='ocrx_word' id='word_1_311' title='bbox 645 4244 742 4303; x_wconf 89' lang='lat' dir='ltr'>omnia</span> <span class='ocrx_word' id='word_1_312' title='bbox 756 4245 897 4323; x_wconf 88' lang='lat' dir='ltr'>rejiciunt.</span> 
     </span>
    </p>

    <p class='ocr_par' dir='ltr' id='par_1_11' title="bbox 100 4339 1302 4515">
     <span class='ocr_line' id='line_1_39' title="bbox 139 4339 1301 4419; baseline 0.008 -22"><span class='ocrx_word' id='word_1_313' title='bbox 139 4339 227 4419; x_wconf 80' lang='lat' dir='ltr'>Hesp.</span> <span class='ocrx_word' id='word_1_314' title='bbox 249 4343 356 4402; x_wconf 85' lang='lat' dir='ltr'>Praeter</span> <span class='ocrx_word' id='word_1_315' title='bbox 376 4341 505 4419; x_wconf 86' lang='lat' dir='ltr'>egregias</span> <span class='ocrx_word' id='word_1_316' title='bbox 520 4341 618 4399; x_wconf 88' lang='lat' dir='ltr'>laudes</span> <span class='ocrx_word' id='word_1_317' title='bbox 633 4341 740 4401; x_wconf 92' lang='lat' dir='ltr'>cultum</span> <span class='ocrx_word' id='word_1_318' title='bbox 764 4362 879 4417; x_wconf 91' lang='lat' dir='ltr'>quoque</span> <span class='ocrx_word' id='word_1_319' title='bbox 894 4342 991 4402; x_wconf 90' lang='lat' dir='ltr'>deberi</span> <span class='ocrx_word' id='word_1_320' title='bbox 1005 4345 1205 4405; x_wconf 77' lang='lat' dir='ltr'>Sanctissimae</span> <span class='ocrx_word' id='word_1_321' title='bbox 1229 4349 1301 4407; x_wconf 90' lang='lat' dir='ltr'>Dei-</span> 
     </span>
     <span class='ocr_line' id='line_1_40' title="bbox 100 4437 1302 4515; baseline 0.009 -23"><span class='ocrx_word' id='word_1_322' title='bbox 100 4453 175 4512; x_wconf 82' lang='lat' dir='ltr'>parae</span> <span class='ocrx_word' id='word_1_323' title='bbox 189 4448 282 4513; x_wconf 89' lang='lat' dir='ltr'>patres</span> <span class='ocrx_word' id='word_1_324' title='bbox 298 4438 477 4498; x_wconf 89' lang='lat' dir='ltr'>tribuendum</span> <span class='ocrx_word' id='word_1_325' title='bbox 492 4437 604 4495; x_wconf 89' lang='lat' dir='ltr'>docent.</span> <span class='ocrx_word' id='word_1_326' title='bbox 627 4438 772 4511; x_wconf 87' lang='lat' dir='ltr'>Equidem</span> <span class='ocrx_word' id='word_1_327' title='bbox 787 4448 884 4498; x_wconf 88' lang='lat' dir='ltr'>auctor</span> <span class='ocrx_word' id='word_1_328' title='bbox 896 4442 945 4514; x_wconf 93' lang='lat' dir='ltr'>qui</span> <span class='ocrx_word' id='word_1_329' title='bbox 960 4440 1111 4515; x_wconf 91' lang='lat' dir='ltr'>aliquando</span> <span class='ocrx_word' id='word_1_330' title='bbox 1126 4445 1302 4503; x_wconf 86' lang='lat' dir='ltr'>censebatur</span> 
     </span>
    </p>
   </div>
   <div class='ocr_carea' id='block_1_6' title="bbox 385 4626 923 4716">
    <p class='ocr_par' dir='ltr' id='par_1_12' title="bbox 385 4626 923 4716">
     <span class='ocr_line' id='line_1_41' title="bbox 385 4626 923 4716; baseline 0.013 -18"><span class='ocrx_word' id='word_1_331' title='bbox 385 4626 390 4635; x_wconf 50' lang='grc'><em>’</em></span> <span class='ocrx_word' id='word_1_332' title='bbox 429 4653 471 4716; x_wconf 89' lang='lat'>(1)</span> <span class='ocrx_word' id='word_1_333' title='bbox 492 4651 571 4702; x_wconf 80' lang='lat' dir='ltr'>Cone.</span> <span class='ocrx_word' id='word_1_334' title='bbox 582 4650 640 4702; x_wconf 90' lang='lat' dir='ltr'>Nic.</span> <span class='ocrx_word' id='word_1_335' title='bbox 647 4651 680 4703; x_wconf 87' lang='lat'>11.</span> <span class='ocrx_word' id='word_1_336' title='bbox 691 4653 749 4704; x_wconf 86' lang='lat' dir='ltr'>Act.</span> <span class='ocrx_word' id='word_1_337' title='bbox 761 4652 794 4703; x_wconf 82' lang='lat' dir='ltr'>iv.</span> <span class='ocrx_word' id='word_1_338' title='bbox 805 4653 852 4705; x_wconf 88' lang='lat' dir='ltr'>col.</span> <span class='ocrx_word' id='word_1_339' title='bbox 863 4655 923 4705; x_wconf 81' lang='lat'>241.</span> 
     </span>
    </p>
   </div>
   <div class='ocr_carea' id='block_1_7' title="bbox 0 0 1410 5092">
    <p class='ocr_par' dir='ltr' id='par_1_13' title="bbox 0 0 1410 5092">
     <span class='ocr_line' id='line_1_42' title="bbox 0 0 1410 5092; baseline 0 0"><span class='ocrx_word' id='word_1_340' title='bbox 0 0 1410 5092; x_wconf 95' lang='lat' dir='ltr'> </span> 
     </span>
    </p>
   </div>
  </div>
 </body>
</html>
