2798 5092
142 341 202 399 252
439 340 496 401 DE
517 338 809 401 enuri'ruutuu
830 337 1031 399 AETERNA.

183 496 337 557 Probatur
357 496 400 557 II.
417 515 453 558 ec
465 497 623 559 Patribus.

188 600 235 656 17.
258 597 290 654 S.
305 596 447 656 Iouorrus
462 597 507 655 M.
524 596 671 657 Romanos
681 598 820 667 obsecrat,
833 616 869 658 nc
885 598 945 657 suis
956 598 1089 676 precibus
1102 617 1118 656 a
1129 599 1270 676 martyrio
1280 617 1344 659 eum

141 693 294 751 retineant:
318 702 337 729 ‘⁶
349 692 441 751 Sinite
452 710 499 750 me
513 691 635 751 ferarum
649 711 746 751 escam
759 693 833 762 fieri,
843 711 893 770 per
907 712 978 767 quas
993 693 1061 752 licat
1075 691 1172 751 Deum
1185 692 1342 771 adipsci.''¹

142 787 223 864 Ergo
236 806 271 845 ea
284 788 336 845 fuit
356 787 476 864 pristina
496 786 579 852 fides,
604 787 742 864 martyrio
765 786 800 845 ad
822 787 919 846 Deum
940 789 1035 846 statim
1057 788 1102 847 iri.
1145 787 1345 848 Pulcherrima

141 885 335 946 Garamans:
351 886 547 945 “clauduntur
561 886 637 945 oculi
648 886 677 945 in
692 887 945 963 persecutionibus
961 898 1051 955 terrae,
1061 886 1111 945 sed
1128 896 1207 964 patet
1225 887 1346 947 coelunt

140 984 473 1050 minaturbntichristus,
487 984 539 1041 sed
554 983 688 1042 Christus
704 995 813 1043 tuetur:
836 1003 914 1045 mors
930 985 1058 1054 infertur,
1074 983 1126 1043 sed
1142 985 1342 1045 immortalitas

138 1082 282 1155 sequitur:
317 1083 414 1141 occiso
441 1080 565 1139 mundos
592 1082 721 1158 eripitur,
749 1081 801 1139 sed
829 1084 958 1141 restituto
997 1081 1145 1160 paradisus
1173 1084 1341 1143 exhibetur.

139 1179 252 1247 Quanta
265 1190 309 1238 est
322 1179 444 1258 dignitas
457 1189 487 1237 et
499 1190 604 1252 quanta
617 1179 756 1236 securitas
776 1179 856 1238 exire
871 1180 939 1239 hinc
953 1179 1059 1249 latum,
1075 1180 1155 1238 exire
1170 1180 1246 1240 inter
1263 1199 1341 1259 pros·

137 1294 218 1335 encas
232 1285 262 1336 et
274 1276 417 1353 angustias
429 1274 596 1353 gloriosum,
611 1273 743 1333 claudere
754 1275 784 1333 in
796 1287 943 1334 momento
958 1275 1069 1344 oculos,
1086 1276 1191 1350 quibus
1206 1275 1343 1337 homines

137 1373 304 1434 videbantur
330 1372 515 1441 otmundus,
543 1383 572 1431 et
596 1373 704 1450 aperire
733 1372 850 1432 eosdem
871 1375 977 1442 statim,
1004 1384 1035 1432 ut
1062 1372 1142 1431 Deus
1165 1372 1297 1434 videatur
1316 1382 1346 1434 et

136 1470 271 1533 Christus
285 1475 293 1530 t
334 1470 410 1529 Tam
424 1469 543 1528 feliciter
557 1469 697 1547 migrandi
706 1475 814 1543 quanta
825 1470 978 1530 velocitas!
1021 1470 1121 1530 Terris
1135 1481 1257 1548 repente
1272 1473 1336 1531 sub·

137 1571 267 1636 traheris.
280 1581 311 1628 ut
323 1569 354 1626 in
364 1569 460 1646 regnis
470 1568 631 1626 caelestibus
640 1568 789 1644 reponaris
804 1567 850 1625 !”⁹
890 1568 922 1626 S.
938 1569 1108 1627 Aunnostus
1120 1568 1155 1626 de
1167 1568 1253 1646 lapsu
1268 1568 1346 1629 Petri

137 1685 235 1744 agens,
257 1666 414 1724 exclamat:
438 1664 556 1723 “Unda
579 1675 606 1721 te
631 1681 760 1732 evocem,
789 1663 882 1731 Patre,
908 1674 939 1722 ut
963 1664 1067 1723 doceas
1093 1683 1140 1723 me
1169 1665 1241 1738 quid
1263 1665 1336 1725 fieus

137 1763 327 1841 cogitaveris?
348 1760 434 1830 unde,
446 1761 573 1835 inquam,
589 1771 616 1818 te
630 1761 770 1818 cvoccmt
792 1760 827 1819 dc
842 1760 923 1829 calo,
938 1761 1057 1838 ubijam
1070 1762 1158 1820 choro
1167 1763 1295 1843 insertos
1310 1781 1342 1821 es

137 1861 322 1938 Angelomm
345 1878 381 1918 au
401 1859 487 1917 etiam
513 1856 548 1916 de
570 1856 679 1916 tumulo
706 1856 755 1913 2⁹⁹⁸
796 1858 829 1916 S.
850 1856 1068 1927 Hinuouvnus,
1093 1858 1286 1936 Vigilantiam
1309 1878 1345 1919 ex

138 1957 269 2036 professo
283 1956 403 2014 refellit:
426 1964 447 1992 “
460 1954 507 2013 Tu
519 1954 667 2032 Apostolis
682 1953 796 2012 vincula
809 1954 933 2031 injicies,
946 1964 977 2013 ut
990 1969 1082 2029 usqua
1099 1953 1134 2013 ad
1149 1954 1229 2015 diem
1238 1955 1341 2034 judicii

137 2064 285 2115 teneantur
305 2052 443 2124 custodia,
457 2071 511 2112 nec
532 2053 591 2111 sint
614 2071 679 2111 cnm
695 2051 823 2111 Domino
847 2071 919 2122 sno:
946 2052 1100 2128 dequibus
1123 2055 1266 2132 scriptum
1280 2064 1342 2115 eat:

139 2163 297 2228 sequuntur
311 2171 416 2231 agnum
433 2170 614 2226 quocumque
633 2148 757 2209 vadit.’'⁴

533 2327 735 2370 ousncssouns
756 2328 941 2370 SOLVUNTUR·

63 2480 70 2490 ·
178 2476 224 2530 18.
241 2469 308 2549 ooj.
326 2474 353 2527 l.
367 2469 494 2529 Joannes
510 2468 613 2527 refert:
645 2468 746 2527 “Vidi
760 2470 860 2528 subtus
888 2470 975 2529 altaro
989 2471 1098 2531 animas
1124 2471 1341 2535 interfectorum

137 2579 253 2648 propter
277 2569 396 2626 verbum
424 2565 491 2624 Dei.
515 2608 522 2624 .
545 2608 553 2623 .
576 2607 584 2624 .
607 2578 635 2624 et
662 2566 734 2625 data
762 2579 830 2626 sunt
856 2568 913 2627 illis
937 2569 1058 2647 singula
1085 2571 1166 2630 stolae
1194 2572 1288 2642 alba:
1315 2585 1342 2633 et

135 2667 243 2726 dictum
257 2677 301 2723 est
314 2665 381 2733 illis,
396 2676 429 2724 ut
441 2664 653 2739 requiescerent
674 2665 767 2724 adhuc
794 2675 909 2743 tempus
930 2667 1087 2738 modicum,
1102 2668 1196 2728 donec
1210 2672 1338 2750 comple·

135 2777 233 2822 rentur
244 2764 320 2822 servi
334 2781 444 2831 eorum,
459 2775 488 2820 et
501 2761 599 2820 iratres
614 2780 723 2831 eorum,
738 2762 789 2836 qui
813 2763 1002 2824 interficiendi
1016 2776 1093 2834 sunt,
1108 2768 1185 2825 sicut
1198 2769 1284 2829 atilli
1297 2768 1342 2827 :’'⁸

135 2857 227 2936 Igitur
239 2870 303 2917 ante
318 2859 492 2935 completum
516 2870 673 2934 martyrum
697 2877 859 2926 numemm.
875 2861 924 2933 qui
948 2856 1027 2940 prins
1039 2863 1118 2938 passi
1142 2875 1212 2922 sunt
1226 2878 1341 2944 propter

135 2953 285 3015 Christum
301 2955 396 3014 Deum
411 2973 471 3014 nnn
485 2953 630 3013 videbunt.

171 3052 261 3132 Reop.
273 3052 334 3130 lpsi
343 3051 361 3110 J
363 3051 448 3111 oanni
462 3051 553 3110 sancti
562 3052 616 3108 visi
625 3066 693 3110 sunt
715 3060 852 3112 “stantes
864 3063 928 3112 ante
940 3052 1083 3123 thronum,
1093 3066 1123 3115 et
1134 3057 1164 3116 in
1176 3069 1336 3137 conspectu

132 3153 219 3230 algui,
234 3153 329 3210 amicti
342 3151 424 3210 stolis
436 3150 519 3217 albis,
533 3159 562 3206 et
576 3150 678 3225 palma
699 3150 729 3209 in
750 3152 882 3209 manibus
903 3151 1055 3212 ιιοιιιιιι.”ο
1097 3154 1238 3216 Gaudent
1252 3158 1338 3236 igitur

132 3247 214 3307 beata
234 3248 360 3315 visione:
383 3248 482 3311 subtus
504 3246 589 3303 altare
614 3256 709 3304 tamen
735 3245 875 3316 dicuntur,
898 3249 965 3322 quia
986 3268 1107 3328 corpora
1132 3271 1235 3315 eorum
1257 3266 1337 3315 terre

133 3345 301 3406 demandata
315 3355 379 3404 ante
394 3345 627 3402 resurrectionem
647 3344 737 3421 gloria
758 3364 815 3403 nou
836 3348 1055 3406 coronabuntur.
1098 3349 1195 3409 “Jam
1217 3372 1338 3432 accepe-

132 3443 229 3511 mnt‚''
244 3443 337 3517 inquit
347 3440 520 3505 Bernardus.
543 3450 562 3477 ‘⁶
575 3441 704 3518 singulas
717 3442 825 3509 stolae:
848 3443 899 3501 sed
915 3463 972 3506 nou
990 3447 1149 3506 vestiuntur
1163 3448 1336 3527 duplicibus.

133 3537 226 3598 donec
240 3543 393 3600 vestiamur
404 3550 432 3598 et
446 3558 509 3598 nos.
552 3539 631 3597 stola
645 3540 724 3598 enim
738 3542 832 3617 prima
842 3542 907 3619 ipsa
920 3554 1060 3618 estquam
1073 3543 1201 3605 diximus
1218 3549 1337 3611 felicitas

133 3644 162 3693 et
181 3638 295 3709 requies
320 3637 495 3696 animarum:
518 3634 643 3694 secunda
666 3636 733 3695 verb
755 3637 952 3698 immortalitas
973 3651 1002 3698 et
1023 3640 1114 3718 gloria
1133 3645 1338 3720 corporum.”⁷

133 3731 278 3790 Ooeternm
293 3732 322 3789 id
334 3733 476 3810 precipue
488 3750 523 3792 eo
535 3733 590 3791 loci
602 3732 747 3802 edocetur,
760 3733 817 3793 Dei
828 3735 951 3794 consilio
963 3737 1116 3796 vindictam
1129 3737 1167 3797 de
1179 3757 1337 3821 martymnr

133 3829 360 3889 interlectoribus
374 3849 432 3889 non
447 3831 541 3889 statim
557 3831 643 3911 sumi,
660 3830 712 3889 sed
727 3835 873 3910 expectari
888 3844 1001 3911 tempus
1017 3835 1131 3909 quaudo
1146 3837 1337 3914 plurimorum

132 3928 248 4005 sanguis
271 3926 381 3984 effusus
401 3948 465 3987 eam
480 3930 664 4007 provocabit:
688 3938 708 3966 ‘⁸
721 3930 883 4004 Usquequo
897 3932 1023 3991 Domine
1039 3933 1166 4014 (sanctus
1184 3948 1215 3996 et
1239 3940 1333 4017 verns)

133 4039 191 4080 non
211 4021 334 4100 judicas,
349 4034 378 4082 et
392 4044 448 4085 non
470 4027 597 4086 vindicas
620 4027 789 4106 sauguinem
804 4040 934 4088 nostrum
949 4029 985 4090 de
1008 4032 1044 4090 iis
1067 4033 1119 4106 qui
1146 4034 1281 4098 habitant
1306 4039 1334 4095 in

431 4184 474 4250 (l)
494 4184 542 4248 up.
554 4183 593 4235 ad.
605 4184 678 4237 Rom.

462 4271 473 4336 )
494 4270 532 4319 De
543 4271 636 4321 exhort
649 4280 748 4337 martyr.
759 4273 791 4324 ad
800 4273 928 4326 Fortunat.
938 4291 960 4326 c.
971 4275 1015 4326 xii.

494 4353 524 4404 1..
536 4368 561 4403 x.
573 4355 600 4406 in
612 4356 821 4410 Lucumonis
