2798 5092
577 372 801 435 APPENDIX.
1222 378 1280 434 333

82 533 229 593 mundum
244 541 381 593 aeternum
395 532 555 602 adstruens,
570 542 599 592 et
612 533 830 594 indifferentiam
846 533 998 593 voluntatis
1020 541 1125 595 tantam
1139 551 1282 593 commen-

79 630 168 700 dans,
185 650 250 704 quae
266 631 405 689 bonorum
425 632 604 708 petitionem.
619 641 648 689 et
667 630 795 690 dolorem
816 630 851 690 de
877 633 1000 708 peccatis
1020 634 1101 709 prins
1119 632 1281 691 commissis

77 727 274 796 ‚excluderem
295 729 350 786 bac
364 728 394 786 in
409 747 438 786 re
453 728 604 796 Quietistis
619 729 823 788 recentioribus
837 728 1012 805 praecedens.
1052 729 1175 788 Errores
1188 747 1285 788 suosa

78 824 200 884 Joanne
214 825 303 883 XXII
323 825 470 884 damnatos
483 826 513 884 in
528 825 585 883 fine
600 826 666 884 vitae
681 827 841 903 reprobavit
855 824 1000 884 Ekardns.

126 923 277 981 Mamilius
292 922 327 981 de
338 921 538 990 Menandrino,
548 933 577 979 et
587 922 713 983 ioannes
727 922 887 991 Jandunus,
900 922 948 981 ille
958 922 1122 990 Patavinae,
1134 923 1180 981 hic
1195 923 1283 982 Peru·

78 1021 181 1088 sinus,
196 1019 347 1078 Ludovico
370 1019 480 1078 Basaro
500 1019 684 1078 schismatico
706 1021 869 1098 imperatori
891 1020 1077 1087 blandientes,
1099 1020 1286 1096 gravissimos

79 1129 433 1195 propugnarunterrores.
475 1117 624 1177 Christum
636 1118 817 1177 dicebantex
828 1119 996 1176 necessitate
1005 1118 1126 1177 solvisse
1138 1118 1284 1186 tributum,

85 1227 121 1276 ut
150 1217 292 1275 Ecclesiae
320 1236 365 1275 res
395 1217 568 1294 temporales
595 1217 758 1295 imperatori
781 1235 898 1295 prorsus
922 1217 1025 1294 subjici
1049 1215 1115 1274 iude
1138 1215 1283 1274 inferrent.

80 1315 208 1374 Petrum
230 1315 340 1372 caeteris
355 1314 502 1390 Apostolis
516 1314 664 1393 prefuisse
678 1315 819 1392 negabant
832 1334 840 1383 3
861 1332 1019 1388 omnesque
1033 1313 1192 1371 sacerdotes
1207 1312 1286 1372 nullo

85 1411 265 1470 auctoritatis
280 1410 368 1488 gradu
383 1430 419 1469 ex
435 1409 545 1469 Christi
566 1410 744 1469 institutione
767 1409 881 1468 differre
902 1411 1074 1468 asserebant.
1116 1408 1286 1485 Imperatori

80 1509 249 1569 tribuebant
276 1518 445 1585 potestatem
477 1508 641 1585 pontificem
670 1507 847 1574 instituendi,
876 1506 1049 1584 deponendi,
1078 1517 1106 1564 et
1137 1504 1285 1582 puniendi.

91 1606 242 1666 Censuras
255 1606 387 1666 serendas
401 1625 460 1665 non
475 1625 539 1665 esse
551 1607 657 1679 absque
671 1606 849 1683 imperatoris
863 1607 947 1664 venia
957 1604 1181 1673 contendebant;
1203 1605 1286 1681 cujus
1324 1615 1332 1623 “

84 1705 176 1763 etiam
191 1703 381 1780 predicabant
395 1704 587 1761 auctoritatem
609 1705 640 1761 in
651 1703 912 1780 dispensationibus
927 1701 1129 1768 concedendis,
1144 1711 1176 1759 ut
1191 1701 1287 1759 matri-

82 1784 189 1861 monia
202 1801 344 1859 Ecclesia
359 1801 422 1878 lege
438 1801 523 1858 vetita
537 1799 747 1859 contrahantur.
790 1800 854 1859 Hos
869 1801 997 1874 aliosque
1012 1817 1121 1859 errores
1134 1798 1284 1881 damnavit

84 1898 219 1958 Joannes
236 1897 336 1958 XXII.
853 1887 855 1890 ¹

128 1994 477 2062 erumnarum
499 1995 638 2072 episcopo
659 1993 912 2053 Thessalonicensi
928 2012 1026 2052 eorum
1048 1993 1166 2059 fautore.
1188 1993 1281 2051 vocati

84 2103 157 2152 sunt
168 2092 303 2150 monachi
316 2091 444 2168 plurimi,
455 2093 504 2164 qui
516 2085 849 2168 contemplationis'dono
858 2108 889 2147 se
899 2090 991 2167 ipsam
1002 2089 1123 2147 Deitatis
1135 2088 1289 2147 increatam
1356 2137 1359 2142 .

87 2191 211 2267 gloriam
228 2188 318 2247 oculis
334 2191 463 2265 corporis
478 2202 606 2266 spectare
621 2189 794 2247 asserebant.
836 2186 1005 2247 Esuehastae
1020 2189 1055 2245 ab
1069 2186 1157 2263 animi
1172 2186 1288 2259 quistet

86 2287 228 2347 Eucbitae
251 2287 286 2344 ab
311 2286 446 2344 orationis
472 2285 630 2353 exerciti03
653 2284 914 2362 Omphalopsuchi,
942 2302 994 2342 seu
1014 2280 1250 2349 Umbt’lt'sunt'mt‘,
1272 2300 1308 2347 a,

89 2386 148 2444 situ
163 2387 294 2461 corporis
308 2403 393 2458 quem
409 2383 515 2442 orando
535 2384 694 2452 servabant,
711 2384 804 2461 capite
818 2383 853 2442 ad
875 2383 1040 2440 umbilicum
1059 2382 1206 2457 depresso,
1221 2379 1290 2438 dicti

93 2492 172 2540 sunt.
215 2480 349 2539 Errorem
370 2498 479 2547 eorum,
493 2479 608 2538 silentio
629 2480 768 2557 imperato
788 2479 836 2546 iis,
850 2496 1007 2551 eorumque
1024 2477 1202 2547 adversariis,
1220 2475 1290 2535 t'orit

93 2578 223 2657 synodus
255 2576 569 2654 Constantinopolitano
596 2577 850 2636 schismaticorum
883 2577 1060 2641 Craecomm,
1089 2575 1184 2634 habita
1212 2592 1287 2633 anno

94 2679 169 2734 1341
185 2695 194 2743 ;
216 2692 340 2748 sumque
355 2686 411 2731 tres
428 2673 599 2749 posteriores
613 2672 718 2748 synodi
732 2685 897 2739 sanxerunt,
913 2681 1069 2732 statuentes
1083 2673 1168 2730 etiam
1183 2671 1288 2729 realem

87 2770 305 2828 distinctionem
330 2769 404 2827 inter
428 2769 608 2842 operationes
634 2768 691 2825 Dei
705 2769 885 2832 intrinsecas,
909 2786 961 2824 seu
986 2768 1118 2825 attributa
1137 2766 1233 2824 divina
1260 2779 1289 2825 at

89 2864 257 2925 essentiam.
732 2861 734 2866 ’

106 3005 112 3021 .
128 2962 259 3021 Joannes
274 2960 309 3019 de
324 2961 479 3028 Memoria,
495 2959 696 3018 Cistsrciensis
712 2958 840 3027 Ordinis,
856 2978 931 3017 anno
954 2962 1041 3028 1347,
1054 2959 1174 3018 Parisiis
1190 2960 1285 3037 plures

88 3058 191 3120 docuit
218 3077 340 3126 errores,
366 3077 438 3130 quos
467 3060 620 3133 episcopus
650 3069 678 3114 et
706 3055 836 3114 Facultas
874 3043 1045 3114 Parisienbis
1072 3055 1286 3114 damnaverunt.

83 3156 224 3233 Assemit
237 3155 331 3213 Deum
355 3155 507 3213 efficaciter
526 3154 599 3212 velle
625 3153 764 3228 quidquid
788 3153 866 3222 vult;
889 3165 917 3211 et
938 3153 1105 3225 adulterium
1133 3155 1289 3211 excusabat

87 3266 233 3334 patratum
249 3255 411 3312 vehementi
425 3263 542 3331 urgente
563 3254 814 3329 concupiscentia.⁴
848 3253 942 3311 Deum
957 3271 1021 3310 esse
1042 3253 1151 3330 peccati
1168 3266 1283 3312 oausam

86 3354 181 3431 impie
196 3351 302 3424 docuit,
316 3351 427 3424 aliaque
442 3349 555 3409 tradidit
568 3364 651 3409 recta
665 3350 731 3409 fidei
749 3351 876 3409 adversa.

131 3447 272 3508 Nicolans
293 3446 329 3505 de
345 3446 509 3514 Ultricuria,
525 3465 600 3506 anno
624 3451 710 3513 1348,
730 3447 844 3523 pertulit
869 3445 1079 3506 damnationem
1101 3448 1286 3524 plurimarum

90 3547 164 3621 quas
188 3556 415 3621 propugnaverat
440 3544 679 3620 propositionum.
721 3542 855 3617 Plerique
875 3545 938 3622 ejus
961 3563 1069 3603 errores
1091 3545 1287 3623 Philosophia

86 3661 170 3701 sanae
186 3659 243 3699 non
259 3641 353 3724 minus
368 3658 454 3712 quam
469 3639 537 3697 fidei
550 3642 755 3717 repugnabant.
797 3640 858 3698 Eos
880 3660 1285 3719 recensere-supervacaneum

87 3739 215 3806 videtur,
239 3757 327 3812 quum
351 3737 458 3796 nullam
479 3737 637 3797 condiderit
662 3753 778 3806 sectam,
801 3738 940 3798 damnatis
965 3739 1057 3817 ipsius
1085 3745 1225 3801 erroribus
1251 3744 1284 3800 ab

85 3835 262 3915 apostolica
275 3833 363 3892 Sede.

132 3915 274 4010 Magister
285 3932 397 4001 Simon,
412 3950 488 3989 anno
504 3935 590 3999 1351,
602 3932 718 4009 jubente
729 3933 884 4013 Parisiensi
899 3933 1044 3995 Facultate
1058 3946 1168 4011 septem
1183 3944 1285 3993 retrac-

92 4032 162 4092 tavit
189 4030 401 4108 propositiones
431 4028 540 4088 Christi
568 4028 706 4087 divinitati
732 4029 895 4107 injuriosas.
950 4031 1036 4090 Anno
1070 4036 1145 4090 1353
1176 4029 1286 4099 Cnido,

91 4129 211 4190 Ordinis
233 4129 265 4186 S.
288 4128 450 4203 Augustini,
472 4127 502 4184 in
528 4126 626 4185 eadem
648 4126 793 4185 Facultate
814 4129 966 4196 laureatus,
994 4148 1096 4189 novem
1118 4130 1287 4196 retractavit,

87 4229 166 4288 inter
189 4246 260 4302 quas
277 4226 370 4300 prima
383 4237 447 4283 est:
469 4224 633 4284 “Charitas
648 4243 711 4299 quae
726 4227 816 4284 semel
837 4227 938 4285 labitur
952 4226 996 4285 vel
1018 4226 1190 4304 deperditur,
1208 4247 1288 4287 num·

90 4345 178 4401 quam
193 4325 248 4385 fuit
263 4341 329 4380 vcra
343 4322 496 4381 charitas.”
541 4327 576 4382 12
591 4322 660 4380 alias
674 4324 885 4400 propositiones
905 4324 1045 4383 subtiliori
1065 4342 1103 4382 ex
1124 4324 1287 4402 Theologia

91 4423 165 4483 male
179 4421 317 4483 deductas
333 4420 490 4478 retractavit
503 4438 579 4478 anno
598 4422 671 4477 1362
688 4419 827 4496 Magister
840 4420 1013 4478 Lndcvicus.

132 4519 287 4583 Bertoldus
302 4516 337 4573 de
353 4514 496 4587 Robarch,
518 4536 592 4576 anno
609 4521 695 4585 1353,
711 4517 824 4591 tradidit
837 4519 959 4576 haereses
973 4519 1168 4595 gravissimas.
1209 4521 1287 4579 inter

94 4615 145 4679 alia
158 4617 260 4682 docuit
275 4612 425 4671 Christum
440 4613 471 4671 in
484 4632 568 4672 cruce
582 4614 625 4671 sic
645 4613 734 4672 fuisse
749 4633 765 4672 a
779 4614 862 4673 Patre
883 4613 1059 4685 derelictum,
1075 4627 1105 4676 ut
1118 4636 1176 4694 praa
1197 4617 1287 4676 nimio
