2798 5092
381 325 437 386 DE
459 325 736 387 SAORAMENTI
758 326 984 387 VERI'I'ATE.
1242 330 1282 387 28

98 485 226 563 “Accipe
248 484 388 563 Spiritum
413 486 550 544 Sanctum
562 484 591 556 ;”
614 503 644 544 re
664 485 740 544 enim
762 503 829 543 vers
849 485 973 562 Spiritus
994 485 1116 543 Sanctus
1136 502 1218 544 sacro
1233 484 1283 545 illo

94 584 141 641 ritu
158 583 406 641 communicatura
448 580 554 642 Meritd
579 582 664 660 igitur
687 579 850 639 Tridentini
870 591 965 658 potres
980 580 1176 640 decreverunt.
1220 580 1284 639 “Si

97 680 154 754 quis
168 679 283 748 dixerit,
298 698 350 756 per
363 698 471 738 sacrem
485 679 693 738 ordinationem
708 696 767 737 non
780 678 840 736 dari
855 678 995 755 Spiritum
1011 679 1159 746 Sanctum,
1174 697 1206 736 ac
1222 696 1286 754 pro·

94 777 153 836 inde
167 777 270 836 frustra
283 777 436 854 episcopos
457 775 571 845 dicere;
592 775 690 854 accipe
718 773 866 854 Spiritum
892 773 1036 834 Sanctum
1046 796 1060 846 ‚·
1081 787 1130 834 eut
1150 793 1201 852 per
1221 793 1284 834 ecm

93 895 145 936 oon
158 875 285 953 imprimi
298 876 489 935 characterem
501 896 509 945 ;
526 877 569 935 vel
580 894 648 935 eum
662 875 712 949 qui
726 873 858 934 sacerdos
872 874 963 934 semel
974 874 1037 942 icit,
1051 858 1156 934 laicum
1168 893 1280 934 rursum

95 973 149 1031 fieri
163 991 272 1050 posse;
294 972 443 1031 anathema
457 971 541 1031 sit.”⁸

128 1076 176 1130 25.
197 1071 252 1130 111.
274 1070 430 1130 Eamunia
443 1089 507 1144 que
529 1069 722 1129 ministrorum
742 1087 887 1128 sacrorum
908 1069 1023 1145 propria
1037 1078 1154 1126 suntv:
1176 1088 1215 1146 g:
1238 1071 1287 1128 ab·

96 1169 210 1236 solvere,
234 1167 375 1227 conficere
404 1167 615 1232 eucharistiam,
637 1184 743 1244 ungere
764 1165 904 1233 infirmos,
925 1176 1072 1239 nequeunt
1091 1164 1232 1224 ullatenus
1253 1167 1288 1226 ab

96 1266 129 1323 iis
139 1266 257 1340 quinon
269 1273 337 1323 runt
349 1262 482 1323 ordinati
497 1265 634 1322 exerceri.
676 1263 757 1322 Irrita
767 1275 834 1321 sunt
842 1262 962 1341 proinde
975 1272 1004 1321 et
1015 1282 1087 1321 vens
1100 1280 1288 1337 quecumque

96 1373 222 1423 attentata
239 1363 345 1424 fuerint
358 1363 392 1422 eb
407 1362 572 1421 hominibus
586 1382 667 1421 seem
680 1362 840 1420 carentibus
856 1370 1004 1438 potestate.

127 1540 168 1606 (1)
187 1537 259 1589 “Lot
275 1538 296 1589 it
311 1544 356 1589 not
366 1539 396 1589 be
407 1537 461 1589 mid
476 1537 531 1589 thot
541 1553 592 1604 yon
602 1537 666 1588 herc
676 1537 802 1601 neglected
822 1537 909 1600 sgid3
925 1537 963 1587 sor
973 1537 996 1587 is
1007 1551 1058 1602 you
1077 1535 1141 1586 herc
1156 1533 1198 1585 the
1216 1534 1292 1602 Spirit

95 1625 120 1675 oi
130 1624 171 1676 tite
181 1624 298 1690 Apostles
308 1639 343 1673 on
353 1607 412 1688 yon,
423 1624 504 1689 soreiy
516 1623 569 1674 this
581 1623 603 1675 is
614 1639 630 1674 s
640 1630 707 1686 grem
718 1623 770 1686 gili.
804 1623 855 1675 scir
865 1638 900 1689 up
911 1621 953 1673 the
968 1621 1015 1684 got
1025 1621 1054 1672 oi
1066 1620 1122 1671 (iod
1139 1618 1222 1671 which
1233 1620 1255 1670 is
1265 1620 1293 1670 in

94 1711 162 1777 yon.”
194 1711 300 1762 ibidem.

127 1799 166 1866 (2)
184 1799 251 1851 Sese.
264 1796 339 1849 xxiii
349 1811 403 1848 een.
413 1795 447 1847 iv.
