2798 5092
90 350 150 406 804
432 341 940 409 ΒΕ.ΡΒ1Ε1)Ε8ΤΙΝΑΤΙΟΝΕ.

90 507 128 564 sit
141 503 216 581 apud
231 503 336 570 Deum,
351 500 401 560 sed
415 500 526 579 judicio
540 499 732 577 deputandum
746 502 837 560 est.”1
877 503 923 561 De
938 502 1040 561 adultis
1055 503 1214 580 baptizatis
1237 505 1287 578 qui

91 602 226 677 deinceps
241 620 257 657 a
270 599 358 678 gratia
371 597 536 667 deciderint,
549 611 577 656 et
591 619 607 656 a
621 598 722 667 salute,
738 598 793 658 dici
809 601 909 674 nequit
923 612 1070 677 peccatum
1083 601 1206 678 originis
1221 618 1285 660 esse

92 697 281 759 damnationis
306 714 431 764 causam,
447 695 609 756 illudeuim
634 715 700 756 vere
726 698 876 757 remissum
892 708 920 755 at
942 700 1056 776 penitus
1079 699 1225 758 sublatum
1240 710 1285 758 est

90 797 249 874 baptismo:
272 806 443 871 quapropter
454 793 592 863 Lucidus‚
604 794 851 871 predestinatione
862 814 956 854 errore
968 796 1101 863 iniectus,
1115 807 1234 855 coactus
1243 805 1288 856 est

93 912 167 961 eam,
183 911 267 966 quarn
289 902 526 968 propugnaverat,
542 902 690 950 retractare
702 895 890 952 sententiam:
914 903 933 929 ‘⁴
947 893 1024 967 quod
1048 904 1115 970 post
1137 904 1287 972 acceptum

91 991 216 1068 legitime
230 990 400 1066 baptismum
416 990 446 1047 in
460 989 551 1047 Adam
568 990 712 1056 moriatur,
726 991 899 1064 quicumque
912 990 1097 1065 deliquerit.”

133 1094 199 1149 141.
225 1089 291 1168 ooj.
307 1094 336 1148 7.
357 1087 433 1146 Fieri
445 1106 502 1146 non
525 1098 619 1164 potest
639 1099 670 1146 ut
692 1089 748 1147 Dei
775 1089 1092 1166 prescientialallatur:
1107 1091 1250 1149 “Nonne
1265 1091 1291 1149 si

93 1188 171 1247 Deus
196 1186 261 1244 illos
285 1186 376 1243 bonos
403 1182 463 1241 fore
485 1183 637 1260 prescivit,
652 1184 720 1242 boni
735 1197 827 1252 erunt,
843 1185 873 1244 in
887 1185 1061 1259 quantalibet
1082 1205 1159 1245 nunc
1181 1187 1291 1246 malitia

90 1285 258 1344 versentur?
279 1294 317 1351 et,
339 1282 365 1339 si
390 1281 480 1340 malos
503 1281 563 1367 fore¹
587 1283 737 1359 prescivit,
755 1284 821 1341 mali
844 1295 936 1353 erunt,
952 1285 982 1343 in
1007 1285 1185 1358 quantalibet
1211 1304 1291 1345 nunc

88 1387 213 1445 bonitate
227 1393 377 1442 cernantur
387 1379 431 1436 i'’⁸
470 1379 513 1437 lta
524 1397 561 1437 ex
575 1380 737 1456 Augustino
752 1381 917 1440 Calvinus.⁸

128 1480 219 1559 Reap.
241 1479 400 1537 Verissima
413 1476 475 1533 hec
488 1484 564 1543 sunt,
580 1494 634 1535 nec
648 1487 741 1534 tamen
755 1479 876 1553 probant
887 1477 980 1537 Deum
996 1498 1050 1537 suo
1065 1479 1182 1539 arbitrio
1193 1479 1290 1541 decre·

89 1583 166 1639 visse
178 1579 360 1656 reproborum
376 1575 529 1633 interitum.
572 1573 658 1633 tltud
670 1585 715 1632 est
727 1594 813 1634 nosse
828 1576 863 1634 ab
876 1588 981 1636 eterno
996 1577 1064 1651 quid
1078 1578 1181 1637 facturi
1192 1591 1293 1640 esseut

90 1677 221 1737 homines
247 1675 342 1752 gratie
365 1674 603 1748 obtemperantes,
619 1670 664 1728 vel
689 1671 878 1729 reluctantes:
901 1673 977 1732 aliud
998 1672 1153 1732 decernere
1177 1693 1290 1753 penas,

90 1776 167 1836 nulla
180 1774 332 1833 criminum
346 1773 453 1831 ratione
468 1771 571 1828 habita.
614 1770 722 1828 Mirum
737 1779 781 1827 est
800 1769 953 1829 Calvinum
979 1772 1041 1832 hec
1055 1772 1209 1844 adducere,
1226 1792 1290 1850 que

92 1871 290 1933 certitudinem
306 1869 409 1929 divine
427 1867 680 1945 predestinationis
696 1885 732 1924 ex
747 1867 925 1943 prescientia
938 1880 1078 1946 repetunt.

133 1974 199 2029 142.
225 1967 292 2047 obj.
307 1971 336 2025 S.
358 1964 574 2025 Predestiuatio
588 1964 707 2042 gratuita
720 1975 884 2023 sanctorum
905 1967 1050 2024 sexcentis
1065 1968 1095 2025 in
1110 1968 1185 2027 locis
1206 1969 1290 2048 plane

93 2067 209 2128 traditur
236 2068 271 2126 ab
307 2067 477 2142 Augustino,
505 2080 591 2136 quam
627 2059 747 2138 proinde
783 2061 909 2139 theologi
945 2064 1234 2140 Augustinianenses·
1262 2078 1290 2127 et

24 2195 30 2205 1
91 2167 252 2226 'l'homiste
274 2174 417 2238 tamquam
441 2160 632 2220 certissimum
655 2157 723 2216 fidei
745 2157 849 2236 dogma
873 2158 1045 2219 defendunt:
1076 2163 1288 2239 praedestinatio

90 2263 156 2324 rerd
171 2264 354 2341 reproborum
366 2279 434 2319 cum
449 2277 483 2317 ea
497 2257 658 2317 necessario
672 2274 749 2315 nexu
763 2257 954 2336 conjungitur,
971 2260 1021 2333 qui
1034 2261 1116 2321 enim
1129 2262 1214 2322 electi
1228 2282 1285 2324 uon

92 2371 169 2427 sunt,
184 2360 298 2420 nonnisi
309 2357 422 2436 reprobi
436 2375 500 2414 esse
521 2367 652 2432 possunt.

131 2456 220 2535 Reap.
231 2453 491 2515 Predestinationis
503 2470 561 2510 vox
570 2471 621 2529 pro
632 2450 730 2510 divino
739 2451 852 2511 decreto
861 2451 946 2512 dandi
956 2455 1086 2531 gratiam,
1098 2456 1146 2515 vel
1156 2457 1285 2537 gloriam,

94 2555 139 2612 vel
162 2565 311 2625 utramque
333 2550 408 2627 apud
432 2549 622 2624 Augustinum
651 2551 780 2606 sumitur.
822 2548 932 2609 Contra
954 2551 1126 2630 Pelagianos
1151 2565 1286 2633 negantes

93 2651 188 2729 gratie
222 2648 427 2708 necessitatem
446 2644 722 2724 predestinationem
751 2645 913 2716 vindicavit,
940 2651 1057 2727 gratiam
1086 2652 1199 2713 scilicet
1230 2673 1286 2714 non

93 2747 228 2808 humanis
242 2745 350 2805 meritis
365 2742 427 2811 sed,
444 2742 539 2801 divina
552 2741 679 2820 largitate
689 2742 783 2801 tribui.
825 2743 928 2803 Utrum
949 2747 1232 2823 predestinationem
1253 2748 1287 2808 ad

93 2845 210 2924 gloriam
226 2843 261 2901 ad
285 2840 411 2900 divinum
426 2840 571 2899 arbitrium
596 2848 681 2898 totam
696 2841 862 2908 retulerit,a
888 2841 1025 2901 studiosis
1046 2845 1109 2922 ejus
1132 2845 1287 2907 lectoribus

93 2944 274 3019 disceptatur,
290 2939 367 2998 salva
387 2938 454 2998 tide.
496 2937 541 2996 Ea
555 2937 670 3012 quidem
693 2936 818 2996 admissa
842 2940 992 3009 sententia,
1012 2951 1150 3015 sequetur
1170 2954 1287 3003 ceteros

92 3060 151 3102 non
175 3039 279 3098 electos
307 3036 425 3114 gloriam
451 3054 510 3094 uon
530 3047 752 3103 assecuturos,a
779 3053 845 3108 qua,
861 3034 981 3095 velutia
1005 3056 1124 3097 munere
1150 3039 1286 3110 indebito,

45 3151 50 3156 '
91 3137 290 3205 excluduntur,
314 3134 366 3193 sed
390 3153 448 3193 uon
473 3131 538 3190 ideo
565 3130 726 3190 necessario
752 3133 782 3191 in
809 3142 956 3210 peccatum
985 3144 1014 3194 et
1041 3136 1198 3206 interitum,
1222 3137 1287 3197 Deo

91 3248 214 3306 auctore,
226 3246 321 3295 ruunt.
362 3231 447 3300 Quod
460 3232 486 3289 si
500 3249 551 3288 sua
565 3230 727 3289 infirmitate
749 3239 778 3289 et
799 3231 935 3307 pravitate
949 3243 1079 3310 peccent,
1095 3234 1286 3296 damnationis

90 3355 176 3397 causa
199 3353 288 3412 penes
313 3332 393 3408 ipsos
420 3330 482 3388 erit.
525 3326 669 3386 Ceterum
694 3346 781 3401 quum
804 3327 853 3386 ilia
877 3330 1066 3403 quorumdam
1096 3336 1242 3394 sententia
1267 3355 1284 3393 a

91 3425 221 3512 plurimis
236 3428 377 3507 theologis
398 3426 544 3486 catholicis
566 3425 718 3502 rejiciatur,
734 3440 849 3484 nonest
869 3446 920 3485 cur
940 3427 975 3494 de
996 3433 1206 3504 consequentia
1221 3431 1286 3492 inde

91 3528 243 3588 derivanda
256 3528 346 3586 simus
362 3523 476 3591 soliciti,
491 3541 556 3581 nam
571 3521 638 3580 licet
651 3540 717 3580 cum
732 3522 776 3580 his
791 3523 896 3582 sentire
911 3524 1194 3601 predestinationem
1207 3534 1291 3589 sanc·¹

50 3684 53 3691 ,
92 3639 185 3686 torum
210 3626 262 3683 niti
287 3621 464 3701 prescientia
489 3620 654 3679 meritorum
677 3620 772 3697 gratie
795 3616 902 3680 auxilio
925 3624 1195 3701 comparandorum,
1226 3646 1288 3701 que

92 3718 436 3796 sententiaCalvinoipso
446 3716 559 3783 fatente,
575 3716 820 3777 “habuitseculis
830 3719 1092 3799 omnibusmagnos
1110 3723 1291 3783 auctores.’'⁴

132 3825 200 3881 143.
223 3817 289 3897 obj.
311 3821 340 3876 9.
362 3817 394 3875 S.
410 3815 577 3893 Fulgentius
599 3815 706 3873 scribit.
749 3817 958 3876 “Firmissime
979 3827 1054 3888 tene,
1077 3839 1172 3895 neque
1194 3823 1287 3901 perire

92 3938 177 3998 posse
193 3917 316 3991 aliquem
331 3932 440 3980 eorum,
458 3930 530 3986 quos
544 3911 625 3972 Deus
641 3911 851 3988 predestinavit
864 3913 898 3972 ad
913 3933 1032 3992 reguum
1053 3917 1212 3988 celorum3
1234 3936 1287 3977 nec

91 4033 263 4090 quemquam
279 4029 389 4079 eorum,
412 4027 484 4084 quos
510 4028 567 4068 nou
592 4008 803 4087 predestinavit
824 4009 859 4068 ad
874 4011 961 4070 vitam
981 4012 1041 4071 ulla
1066 4015 1178 4075 ratione
1201 4033 1285 4095 posse

93 4112 238 4173 salvari.”⁵
551 4113 553 4116 ’

490 4338 532 4403 (1)
552 4337 600 4402 Ep.
612 4338 658 4388 cvi.
672 4338 702 4388 de
710 4337 782 4403 pred.
794 4345 819 4388 et
830 4338 914 4401 gratia.
924 4355 951 4391 ιι.
962 4344 986 4390 8.

486 4422 527 4486 (2)
545 4420 575 4471 L.
587 4421 617 4471 de
628 4423 693 4472 bono
704 4437 795 4489 persev.
807 4438 827 4472 c.
838 4437 882 4472 xv.

486 4508 527 4576 (3)
546 4507 608 4559 lust.
620 4509 679 4560 liii.
691 4524 712 4558 c
723 4507 792 4558 xxiii.
800 4523 826 4558 ιι.
840 4510 880 4558 la.

485 4597 527 4662 (4)
548 4597 609 4648 lust.
621 4597 681 4647 liii.
693 4612 716 4646 c.
727 4594 788 4646 xxii.
798 4609 824 4644 n.
839 4596 860 4643 l.

481 4685 519 4745 (o)
536 4681 566 4731 L.
577 4682 608 4733 ds
619 4682 667 4735 aas
676 4697 698 4733 c.
709 4696 785 4733 xxxv.
