2798 5092
90 343 128 399 111
321 336 378 397 DE
400 335 761 397 ouuttvlrtutvtatts
781 334 1049 396 inculcante.

250 497 332 554 Anno
348 499 434 554 1559.
685 495 778 552 Math.
793 495 971 571 Archiepisc.
987 495 1073 553 Cant.

209 575 296 634 Edm.
313 575 478 634 Grindallus
686 574 874 633 Guilielmum
889 576 1111 633 cicestrensem.

289 673 416 712 consecr.
685 653 846 712 Johannem
864 653 1125 712 Heresordiensem.

261 739 296 792 21
314 733 452 792 Decemb.
685 732 753 791 Joh.
768 732 1015 792 Bedlordiensem.

327 832 386 890 per.

134 976 199 1030 114.
221 972 285 1030 Jarn
301 970 581 1030 animadvertendum
597 971 674 1029 illam
690 969 880 1032 diversitatem
897 971 941 1029 vel
956 969 1204 1047 interpolationem
1220 989 1286 1047 pro·

92 1071 169 1136 dere,
184 1069 229 1127 vel
242 1088 292 1127 eos
314 1069 362 1142 qui
378 1086 561 1126 consecrasse
581 1068 738 1149 Parkerum
763 1066 904 1136 dicuntur,
928 1087 984 1126 nou
1006 1067 1095 1124 fuisse
1116 1069 1284 1145 episcopos,

93 1170 141 1241 qui
154 1187 267 1245 semper
281 1181 493 1226 consueverunt
505 1167 565 1225 suis
581 1166 668 1224 titulis
681 1166 711 1223 in
725 1165 797 1223 actis
811 1165 1031 1225 solemnioribus
1046 1166 1096 1222 uti.
1138 1165 1289 1239 Equidem

92 1266 233 1324 Masonus
261 1268 309 1338 qui
335 1265 528 1322 ordinationes
565 1283 624 1321 suae
652 1275 737 1322 sectae
765 1263 949 1321 vindicandas
977 1275 1152 1341 susceperat,
1186 1265 1287 1323 nullibi

91 1365 184 1442 potnit
198 1364 321 1440 reperire
336 1362 579 1420 consecrationem
592 1360 687 1417 Barloi
703 1360 732 1418 in
746 1361 870 1436 registro
889 1359 985 1433 aliquo
1007 1361 1202 1419 Ecclesiarum
1219 1362 1291 1419 rela-

94 1475 161 1528 tam,
179 1461 309 1534 quamvis
326 1478 360 1516 ea
374 1470 540 1535 tempestate
555 1471 583 1516 et
604 1458 746 1534 prioribus
767 1457 882 1515 saeculis
906 1477 1008 1534 magna
1031 1458 1213 1516 adhiberetur
1227 1459 1292 1518 dili·

92 1560 188 1637 gentia
204 1560 233 1616 in
248 1560 332 1616 rebus
347 1561 435 1634 gestis
448 1556 611 1633 hujusmodi
636 1556 801 1615 referendis.
845 1555 967 1615 Constat
979 1575 1016 1614 ex
1037 1558 1106 1614 actis
1121 1558 1174 1615 sub
1196 1557 1290 1616 Cran-

93 1652 249 1729 rnero’quae
265 1655 380 1731 profert,
396 1674 459 1712 eurn
476 1653 597 1710 electum
613 1671 676 1710 esse
691 1655 859 1730 episcopum
883 1655 1094 1731 Asaphensem,
1108 1652 1291 1732 designatum

93 1753 178 1813 etiarn
194 1754 414 1819 Menevensem,
440 1751 567 1808 Henrico
589 1750 672 1809 Vlll.
688 1764 834 1827 regnante,
857 1750 908 1808 sed
931 1770 996 1809 eum
1012 1772 1108 1811 revera
1126 1753 1293 1831 episcopale

94 1852 258 1927 suscepisse
287 1869 390 1908 munus
416 1850 622 1926 exprobrarunt
643 1849 683 1906 illi
712 1850 819 1926 passim
845 1851 934 1908 coaevi
957 1852 1133 1927 scriptores,¹
1155 1853 1233 1925 quod
1255 1872 1294 1911 ex

99 1950 172 2026 ipsis
184 1948 361 2006 Elizabethae
376 1947 515 2005 mandatis
530 1947 663 2023 colligere
678 1947 760 2005 licet:
783 1967 836 2005 nec
851 1949 927 2006 eninr
942 1948 997 2005 alia
1010 1948 1113 2006 idonea
1127 1947 1207 2006 datur
1223 1951 1295 2008 ratio

97 2065 148 2104 cur
163 2045 341 2103 Elizabethae
363 2045 450 2102 literae
479 2057 607 2120 petentes
632 2045 770 2120 episcopo
789 2045 929 2102 catholico
944 2044 1124 2103 Landavcnsi
1149 2047 1295 2122 imprimis

96 2144 209 2202 directa
227 2145 301 2201 siut:
324 2150 343 2178 ‘⁶
357 2142 527 2200 Elizabetha
541 2141 586 2199 De
599 2141 770 2217 igrariadtc.
814 2144 851 2202 R.
868 2142 903 2200 R.
920 2145 947 2202 in
964 2143 1081 2201 Christo
1097 2145 1223 2221 patribus
1239 2148 1299 2203 An·

96 2245 196 2302 thonio
222 2242 414 2306 Landavensi‚
439 2241 597 2299 Guilielmo
619 2243 733 2310 Barloo,
759 2242 901 2315 quondam
929 2244 1114 2315 Bathoniensi
1142 2245 1296 2322 episcopo,

96 2359 174 2398 nunc
205 2338 382 2397 cicestrensi
403 2337 515 2405 electo,
545 2339 670 2397 Johanni
695 2340 802 2397 Scoreo
831 2340 973 2412 quondam
1004 2340 1190 2409 Cieestrensi,
1220 2362 1300 2403 nunc

97 2433 314 2491 Herelordiensi
335 2433 435 2497 electo,
464 2433 568 2490 Miloni
592 2434 775 2492 Coverdallo‘
791 2434 933 2508 quondam
960 2436 1120 2494 Exoniensi
1143 2437 1296 2514 episcopo,

96 2530 223 2589 Johanui
238 2528 418 2606 suffraganeo
430 2529 638 2596 Bedlordiensi,
657 2530 736 2588 &c.’'
779 2531 911 2591 Profecti
928 2535 1022 2610 ipsum
1035 2532 1111 2607 quod
1126 2535 1230 2592 frustra
1245 2555 1297 2612 po·

98 2637 216 2685 suerunt
235 2627 361 2684 studium
376 2628 489 2685 sectarii
510 2641 541 2685 ut
564 2627 781 2686 Landavensern
803 2629 837 2686 ad
861 2631 944 2689 ritum
969 2631 1161 2709 peragendum
1176 2633 1295 2691 induce-

97 2736 171 2790 rent,
187 2722 323 2780 indicium
339 2723 413 2780 haud
428 2724 490 2781 leve
505 2737 549 2780 est
563 2734 679 2782 caeteros
694 2744 752 2782 non
768 2723 856 2783 luisse
871 2732 1085 2786 consecratos.n

142 2825 208 2878 115.
231 2820 341 2878 Demus
354 2835 445 2878 autem
459 2821 604 2885 Barlnum,
621 2842 636 2878 a
651 2840 708 2894 quo
730 2822 834 2898 pendet
848 2835 905 2881 tota
918 2825 987 2882 ritus
1004 2827 1058 2890 vis,
1080 2824 1168 2882 luisse
1183 2829 1297 2902 episco-

101 2936 181 2995 pum,
197 2928 225 2975 et
245 2916 404 2975 Parherurn
428 2937 622 2985 consecrasse,
648 2919 738 2992 liquet
759 2920 789 2977 in
804 2920 942 2978 mandatis
964 2921 1077 2979 dedisse
1092 2922 1246 2982 Elizabeth
1269 2941 1301 2984 ut

103 3025 122 3052 “
133 3016 218 3093 juxta
231 3014 350 3073 sormam
366 3027 534 3074 statutorum
557 3017 585 3074 in
607 3016 659 3074 hac
675 3029 752 3093 parte
773 3018 913 3074 editorum
929 3031 956 3075 et
972 3020 1150 3094 provisorum
1161 3017 1180 3044 '’
1197 3039 1300 3078 conse·

102 3115 190 3172 oratio
205 3114 296 3171 fieret.
338 3113 478 3171 Masonus
504 3113 559 3170 alte
581 3115 723 3190 praedicat,
741 3114 895 3173 Parherum
920 3116 993 3173 haud
1009 3130 1203 3175 consecratum
1216 3119 1304 3194 juxta

102 3207 1067 3289 Pontificalislionraniriturn,sed“perorationem,sanctiSpiritus
1078 3215 1302 3282 invocationem,

103 3327 239 3368 manuum
256 3307 481 3382 impositionem,
497 3325 529 3362 ac
544 3306 676 3382 religiosa
692 3310 841 3383 promissa,
857 3309 888 3366 in
902 3310 999 3366 habitu
1019 3311 1069 3383 qui
1091 3310 1258 3386 gravitatem
1274 3329 1305 3370 er

104 3405 303 3462 authoritatem
315 3402 597 3478 Archiepiscopalern
613 3402 734 3471 deceret,
749 3404 834 3482 (toga
847 3403 966 3472 scilicet,
982 3407 1022 3462 uti
1036 3407 1160 3483 explicat
1172 3407 1304 3487 Champ·

104 3500 209 3577 naeus,)
221 3501 359 3559 concione
371 3499 464 3556 habita
475 3501 508 3556 ab
517 3500 627 3557 erudito
640 3502 792 3580 Theologo
802 3502 837 3560 de
849 3522 965 3560 munere
977 3515 1005 3561 et
1013 3504 1147 3562 fidelitate
1160 3526 1175 3562 a
1187 3520 1304 3581 pastore

105 3602 184 3679 gregi
198 3618 252 3657 suo
266 3598 403 3656 debita.'’³
442 3599 554 3655 Rituale
569 3603 681 3676 quippe
695 3620 781 3676 puero
797 3602 941 3659 Eduardo
953 3602 1006 3660 VI.
1023 3617 1156 3680 regnante
1179 3592 1302 3674 editum,

107 3700 201 3778 primo
213 3696 389 3755 Elizabethre
404 3714 480 3752 anno
490 3696 552 3772 loge
568 3699 727 3756 restiturum
740 3716 792 3765 est,
808 3701 884 3772 quod
897 3702 965 3758 ritus
977 3700 1035 3758 scre
1045 3719 1145 3758 omnes
1161 3702 1190 3759 in
1202 3722 1305 3762 consc-

106 3798 232 3858 cratione
246 3794 374 3870 episcopi
386 3795 565 3870 prescriptos
575 3796 681 3862 omisit,
693 3797 755 3854 aliis
765 3798 933 3869 quibusdam
947 3797 1069 3855 inductis
1083 3812 1112 3855 ut
1126 3818 1213 3874 prava
1225 3803 1303 3876 prin-

107 3895 183 3972 cipia
197 3892 231 3950 de
247 3908 380 3966 suprema
394 3891 557 3946 auctoritate
573 3892 648 3967 regia
664 3893 692 3949 in
707 3894 790 3950 reb'us
805 3894 890 3950 etiam
900 3895 1099 3951 ecclesiasticis
1112 3897 1302 3956 sancirentur.

108 3989 277 4050 Mandatum
292 3987 402 4063 regium
414 4005 472 4059 quo
483 3986 682 4064 designabatur
694 3989 848 4065 episcopus
862 3991 916 4067 legi
927 3993 1077 4048 consuevit
1087 4010 1094 4059 ;
1105 3993 1303 4067 juramentum

108 4088 143 4147 de
158 4107 291 4164 suprema
305 4087 353 4145 illa
367 4087 529 4143 anctoritate
545 4087 727 4162 exigebatur:
751 4088 886 4164 deinceps
908 4090 1128 4164 interrogabatur
1142 4091 1250 4149 electus
1267 4095 1304 4152 de

109 4204 162 4242 sua
176 4186 324 4243 vocatione
339 4183 372 4242 ad
388 4183 595 4258 episcopatum,
606 4184 689 4259 jnxra
721 4184 829 4242 Christi
845 4187 1017 4243 voluntatem
1034 4201 1062 4245 et
1073 4186 1152 4263 regni
1166 4192 1317 4255 constitu·¹

109 4283 234 4341 tionem:
257 4281 292 4338 de
306 4282 515 4358 Scripturarum
530 4280 699 4338 sufficientia
714 4284 743 4339 in
755 4285 888 4341 omnibus
904 4303 965 4356 quae
981 4285 1015 4341 ad
1030 4285 1150 4344 salutem
1180 4303 1247 4347 sunt
1259 4308 1308 4347 ne·

276 4457 317 4521 (l)
336 4457 400 4506 Vide
409 4457 542 4507 Milnerum
555 4457 607 4506 loco
619 4457 700 4506 citato.

277 4543 320 4608 (2)
339 4544 414 4594 Plura
425 4544 515 4595 videsis
526 4545 592 4610 apud
603 4544 790 4624 Champnrcum.
802 4560 822 4594 c.
834 4546 884 4593 xiv.

276 4626 318 4694 (3)
339 4628 377 4678 De
386 4630 568 4680 consecratione
580 4630 748 4696 episcoporum
760 4630 877 4680 Ecclesiae
888 4630 1042 4693 Anglicanre.
1051 4648 1075 4696 p.
1090 4635 1146 4681 131.
