2798 5092
641 395 785 454 lNDEX.

526 651 782 711 'rRac'rATUs
804 651 887 710 XIX.

546 865 594 916 DE
613 865 700 918 VITA
719 864 872 917 FUTURA.

177 1071 217 1119 G.
238 1069 260 1121 1.
278 1069 315 1119 De
326 1068 473 1120 beatitudine
485 1076 576 1120 aetama
620 1090 1176 1109 ······
1258 1065 1309 1113 245

276 1158 290 1214 §
302 1154 321 1203 l.
339 1153 378 1204 Do
389 1153 478 1204 Gloria
489 1153 603 1216 gradibus
614 1177 1173 1195 ------
1257 1150 1308 1200 246

275 1240 420 1307 Propositio.
438 1240 524 1291 Sancti
536 1240 619 1290 Deum
632 1239 723 1301 vident,
734 1257 779 1306 pro
790 1240 932 1291 meritorum
943 1246 1026 1289 tamen
1036 1236 1174 1288 diversitate
1186 1236 1249 1287 nlius

437 1326 485 1376 alio
493 1327 624 1391 perfectius

274 1412 427 1479 objectiones
435 1414 564 1464 solvuntur
616 1438 1173 1458 ······
1257 1415 1308 1463 248

275 1500 333 1559 §ll
351 1499 570 1562 Dsgloriastatim
581 1506 751 1566 postmortem
835 1527 845 1537 ·
945 1527 955 1538 ·
1054 1527 1064 1539 ·
1134 1541 1139 1550 .
1163 1524 1173 1537 -
1257 1501 1307 1548 250

271 1587 413 1652 Propositio.
430 1586 528 1637 Animas
539 1595 679 1638 sanctorum
693 1587 761 1638 nulla
772 1589 870 1638 mocula
885 1586 1020 1651 inquinatae
1032 1587 1115 1638 statim
1126 1594 1182 1652 post
1191 1587 1241 1637 obi·

436 1670 625 1722 tumudDeum
636 1670 784 1723 intuendum
794 1672 955 1723 admittuntur
1053 1698 1063 1710 ·
1162 1697 1173 1709 ·
1255 1674 1304 1720 251

273 1753 428 1820 Objectionss
439 1755 568 1806 solvuntur
617 1781 1175 1798 ······
1256 1754 1306 1805 252

169 1836 208 1887 O.
225 1837 256 1887 ll.
273 1837 311 1889 Da
322 1840 465 1902 Purgatnrio
507 1865 1172 1883 ·······
1255 1841 1306 1890 255

271 1925 414 1990 Propositio.
423 1925 606 1988 'Purgatorium
617 1931 654 1974 cst
665 1925 691 1974 in
703 1941 752 1990 quo
761 1942 816 1990 quae
824 1927 964 1978 detinentur
974 1927 1061 1978 anime
1073 1927 1183 1977 fidelium
1191 1927 1241 1976 sul-

437 2009 528 2071 fragiis,
539 2008 696 2073 potissimum
707 2014 764 2057 verb
775 2009 858 2058 altaris
868 2008 996 2069 sacrificio,
1010 2010 1129 2073 juvantur
1162 2032 1172 2044 ·
1253 2008 1303 2056 258

271 2091 425 2158 Objectiones
436 2095 565 2144 solvuntur
614 2117 1172 2134 ······
1253 2092 1304 2140 283

268 2179 456 2230 Animadversio
502 2203 1171 2224 ·······
1253 2180 1304 2226 253

152 2262 188 2313 Ο.
207 2263 254 2313 ΠΙ.
270 2263 450 2331 Deimpiorum
461 2265 588 2332 suppliciis
612 2290 1169 2308 ······
1253 2267 1304 2314 270

269 2349 414 2416 Propositio.
432 2352 600 2417 Reproborum
619 2351 740 2418 supplicia
750 2358 840 2401 eterna
855 2367 955 2417 prorsus
971 2357 1037 2413 sunt,
1049 2350 1109 2401 odeo
1125 2357 1154 2401 ut
1164 2351 1240 2401 semel

430 2437 478 2487 Dei
492 2436 587 2503 judicio
598 2437 708 2488 damnati
719 2453 855 2503 numquam
867 2437 897 2487 ad
909 2438 1013 2488 salutem
1025 2437 1165 2503 perventuri
1174 2440 1226 2489 sint
1254 2441 1305 2488 270

267 2519 424 2586 Objectiones
440 2525 569 2575 solvuntur
612 2553 623 2565 ·
722 2550 732 2562 ·
830 2549 841 2563 ·
904 2540 907 2547 ·
941 2556 951 2568 ·
1049 2549 1061 2564 ·
1160 2551 1171 2564 ·

264 2605 453 2658 Animadversio
503 2634 513 2646 -

137 2695 170 2746 O.
190 2693 245 2746 IV.
263 2692 304 2743 Dc
313 2708 442 2768 corporum
453 2695 628 2745 resurrections

264 2777 411 2845 hmostio.
429 2778 540 2844 Corpora
551 2779 664 2830 omnium
675 2778 805 2829 bominum
816 2777 844 2828 in
855 2778 942 2829 mnndi
960 2779 1010 2830 fine
1021 2781 1238 2844 resuscitabuntur,

436 2867 565 2918 animabus
575 2867 665 2918 iterum
677 2865 795 2917 sociande
805 2880 874 2918 nexu
885 2867 1048 2918 indissolubili
1158 2892 1167 2904 ·
1252 2873 1303 2922 280

265 2950 425 3018 objectiones
436 2954 565 3004 solvuntur
608 2978 1164 2995 ······
1248 2960 1299 3010 283

254 3036 501 3089 ¹llnimadvsrsiones
870 3106 874 3111 ἢ
1248 3046 1300 3093 287
1358 3043 1360 3049 “

141 3131 177 3182 (J.
199 3126 243 3177 V.
262 3123 305 3174 De
316 3122 447 3173 Millennio
496 3144 1054 3164 ······
1145 3154 1164 3172 .·
1249 3128 1299 3180 288

261 3207 411 3274 Propositio.
429 3207 525 3258 christi
536 3224 640 3271 regnum
652 3224 710 3259 cum
722 3207 821 3258 Sanctis
831 3209 859 3260 in
876 3210 945 3261 terris
956 3227 999 3278 per
1010 3212 1078 3262 mille
1089 3228 1176 3274 anuos,
1187 3229 1234 3263 nec

417 3292 565 3358 ‘scripturis
576 3309 623 3344 nec
633 3293 763 3344 traditiom
774 3296 890 3360 probatur
936 3322 946 3335 -
1044 3322 1054 3335 ·
1087 3357 1090 3360 ¹
1155 3327 1165 3339 ·
1248 3302 1299 3349 289

262 3377 422 3443 Objscliones
1155 3404 1157 3408 v

116 3476 152 3526 c.
176 3468 237 3522 vl.
258 3465 303 3517 De
314 3465 530 3516 Prodestinatione

259 3551 410 3618 Propositio.
427 3551 573 3619 Reprobatio
590 3551 695 3618 positiva
706 3559 731 3602 et
747 3552 863 3617 formalis,
878 3572 929 3621 qua
938 3556 1031 3607 scilicet
1048 3556 1118 3622 impii
1135 3560 1233 3611 aetcrnis
1316 3538 1319 3543 Ι

427 3636 581 3688 destinantur
591 3639 725 3703 suppliciis,
736 3639 765 3691 fit
775 3648 871 3706 propter
882 3642 1012 3707 previsum
1022 3651 1150 3710 peccatum
1250 3649 1301 3697 207

254 3722 418 3789 objectiones
428 3725 558 3776 solvuntur
607 3751 1163 3774 ......
1245 3736 1296 3785 300

39 3859 41 3869 .
94 3823 130 3874 c.
152 3815 232 3870 vn.
253 3810 301 3862 Dc
312 3807 410 3859 Indicio
1245 3822 1296 3871 307

251 3895 406 3961 Propositio.
424 3896 539 3948 cbristus
550 3897 674 3950 Dominus
692 3899 819 3951 univorsos
835 3899 949 3952 homines
959 3902 987 3953 in
998 3903 1049 3954 fine
1065 3904 1152 3955 mnudi
1166 3904 1232 3971 judi.

422 3984 487 4036 cubit

252 4066 398 4120 Conclusio

246 4153 395 4221 Appendix
405 4155 424 4206 1.
436 4155 566 4207 Hnresum
577 4164 602 4206 et
613 4157 773 4210 schismatum
790 4159 900 4209 recensio
933 4187 943 4198 ·
1042 4191 1051 4201 -
1151 4191 1160 4202 -

244 4238 393 4306 Appendix
405 4241 435 4291 ll.
454 4241 623 4293 Conciliomm
636 4243 858 4294 OEcumenicorum
870 4246 957 4295 notitia
1040 4273 1050 4283 ·
1150 4274 1160 4284 -

242 4323 394 4391 Appendix
405 4326 449 4376 111.
467 4327 635 4378 Romanorum
647 4328 797 4379 Pontificum
805 4329 879 4379 serios
928 4356 937 4367 ·
1037 4357 1047 4367 ·
1149 4359 1159 4369 -
