2798 5092
338 332 394 397 ult
414 331 776 394 ottmrtattoruetts
795 331 1063 395 autemeam.
1258 334 1296 393 bl

587 1138 728 1200 CAPUT
748 1139 804 1199 lx.

276 1376 335 1430 DE
365 1376 770 1430 ORDINATIONIBUS
798 1376 1106 1429 ANGLICANIS.

132 1610 198 1665 113.
221 1605 315 1664 Plura
331 1604 393 1682 jam
409 1604 445 1663 de
459 1595 626 1683 hoglicdnis
648 1603 872 1664 ordinationibus
888 1605 1025 1674 diximus,
1049 1625 1113 1680 que
1138 1614 1232 1666 tamen
1247 1603 1296 1662 hic

98 1702 245 1763 recolenda
274 1712 351 1761 sunt.
393 1701 597 1761 Controversia
624 1703 781 1780 presertim
808 1703 883 1761 circa
897 1703 1142 1762 consecrationem
1164 1700 1300 1779 Matthaei

98 1800 222 1868 Parkeri,
237 1809 377 1866 versatur,
392 1799 451 1872 qui,
467 1798 549 1857 initio
562 1801 642 1877 regni
668 1799 831 1867 Elisabeth,
847 1799 986 1877 depositis
1008 1811 1036 1857 et
1056 1794 1185 1877 expulsis
1201 1782 1294 1857 a'suis

96 1887 206 1956 sedibus
220 1881 370 1974 episcopis
386 1895 556 1963 Catholicis,
572 1895 806 1972 archiepiscopus
822 1880 1038 1954 cantuariensis
1053 1896 1218 1974 designatus
1233 1905 1293 1962 est;

98 1995 189 2054 abillo
204 1995 285 2053 enim
300 1993 395 2052 ceteri
410 1993 460 2067 qui
482 1993 618 2070 deinceps
639 1991 723 2049 sedes
744 1991 925 2068 episcopales
947 2007 1122 2068 occuparunt
1136 1991 1296 2050 consecrati

97 2091 233 2151 dicuntur.
278 2091 429 2168 Negarunt
443 2090 559 2168 plurimi
580 2091 733 2166 scriptores
755 2087 889 2147 catholici
904 2087 1060 2148 Parherum
1076 2107 1211 2161 umquam
1229 2106 1297 2146 cou-
1378 2099 1387 2108 '

97 2200 244 2255 accratum,
260 2188 354 2246 irritos
375 2187 484 2265 quippe
499 2186 629 2245 dicebant
654 2187 781 2244 evasisse
806 2204 906 2245 omnes
929 2197 1047 2244 conatus
1069 2184 1104 2242 ad
1125 2184 1304 2262 episcopum

96 2286 215 2360 aliquem
231 2283 424 2343 inducendum
441 2295 471 2342 ut
485 2302 595 2341 sacrum
612 2294 759 2360 perageret
773 2283 867 2341 ritum.
909 2283 990 2341 Actis
1003 2281 1217 2353 Lambethianis
1230 2299 1294 2355 qure

97 2385 337 2443 consecrationem
354 2401 371 2439 a
387 2381 535 2441 Gulielmo
550 2379 667 2450 Barloo‚
682 2381 773 2439 electo
783 2381 921 2459 episcopo
936 2381 1108 2449 cestriensi,
1126 2384 1162 2440 17
1177 2380 1224 2439 die
1239 2379 1298 2438 De·

95 2481 212 2540 cembris
230 2483 316 2547 1559,
332 2480 421 2537 tribus
443 2478 504 2537 aliis
520 2477 722 2537 adsistentibus
738 2479 894 2555 episcopis,
911 2491 1057 2555 peractam
1073 2478 1210 2545 referunt,
1233 2476 1295 2537 nul·

95 2575 145 2636 lam
158 2577 244 2636 fidem
254 2577 351 2635 deberi
363 2574 583 2642 contendebant,
597 2586 695 2653 utpote
705 2595 768 2649 quae
778 2575 893 2635 nonnisi
904 2589 969 2653 post
982 2595 1072 2635 annos
1085 2576 1294 2654 quinquaginta

95 2674 122 2733 in
136 2675 262 2734 medium
277 2672 396 2731 adducta
410 2676 509 2730 sunt.¹·
542 2671 656 2732 Horum
672 2682 766 2731 tamen
781 2674 933 2731 authentiae
954 2671 1125 2749 suffragatus
1140 2683 1184 2729 est
1199 2671 1295 2730 novis·

96 2775 163 2833 sime
178 2773 313 2852 Lingard,
322 2772 449 2831 historiae
457 2772 568 2850 hugliae
581 2772 811 2849 elegantissimus
821 2773 961 2849 scriptor:
984 2773 1030 2830 cui
1042 2773 1070 2828 in
1083 2790 1113 2829 re
1124 2790 1209 2843 quam
1219 2772 1294 2848 ipse,

96 2872 132 2929 uti
147 2870 308 2930 verosimile
322 2883 390 2936 rest,
413 2881 523 2927 maturo
551 2868 703 2946 perpendit
718 2868 840 2946 judicio,
864 2869 997 2927 nolumus
1022 2869 1166 2947 refragari,
1185 2869 1219 2926 ad
1244 2887 1294 2927 eos

96 2985 179 3044 penes
193 2985 267 3040 quos
288 2977 355 3024 sunt
368 2950 594 3025 documentarei
606 2976 694 3042 gestae
709 2983 832 3023 examen
853 2965 1040 3024 remittentes.
1083 2964 1183 3022 Liceat
1198 2977 1292 3023 tamen

96 3063 183 3137 aliqua
204 3064 234 3121 in
261 3063 385 3121 medium
413 3063 538 3141 prolerre
560 3081 596 3120 ex
619 3070 735 3120 tractatu
756 3060 792 3120 de
814 3061 966 3120 vocatione
986 3060 1196 3121 ministrorum
1218 3081 1294 3120 enno

100 3165 168 3219 1618
196 3162 231 3219 ab
256 3161 382 3219 Antonio
409 3160 599 3238 Champnaeo,
617 3159 711 3237 hogio
736 3160 856 3238 origine,
881 3156 996 3218 doctore
1025 3154 1194 3227 sorbonico,
1216 3157 1294 3217 edito

99 3270 224 3317 mutuata.
267 3257 316 3315 Sic
331 3268 425 3315 autem
440 3276 471 3314 se
487 3256 572 3314 habet
591 3255 754 3333 registrum,
770 3270 864 3335 prout,
880 3268 946 3334 post
970 3249 1125 3316 Maeotium
1146 3270 1294 3317 conseera-

100 3354 177 3411 tionis
194 3353 348 3422 vindicem,
364 3354 448 3411 refert
462 3351 669 3428 Champnaeus.

252 3513 340 3570 huno
360 3515 446 3569 1559.
698 3510 889 3570 Guilielmum
905 3512 1041 3571 Barlcum

140 3635 146 3648 .
208 3591 338 3650 Matthaei
353 3591 474 3650 Parheri
694 3590 857 3649 Johaunem
875 3591 1013 3651 Scoreum

228 3670 313 3729 Cant.
328 3689 445 3729 consec.
694 3671 838 3729 Milonem
855 3671 1058 3729 (louerdallum

271 3755 306 3810 17
323 3750 394 3808 Dec.
694 3749 858 3808 Johenoem
874 3750 1148 3827 Hodgeltinsonum.

248 3849 299 3907 per
314 3861 396 3875 —
428 3867 432 3874 ·

100 4006 161 4067 ttae
171 4008 392 4067 consecrationis
405 4007 505 4065 relatio
516 4026 533 4064 a
547 4007 655 4064 ceteris
667 4007 801 4066 omuibus
813 4025 876 4080 quae
888 4005 990 4066 eodem
1005 4010 1125 4086 registro
1138 4003 1286 4065 continen-

99 4117 144 4174 tur,
159 4118 216 4165 turn
232 4124 295 4180 quae
309 4116 524 4183 precesserant,
541 4109 600 4164 tum
616 4125 679 4180 quae
701 4107 735 4164 ab
750 4106 823 4183 ipsis
844 4106 1012 4189 Anglicanis
1029 4107 1149 4184 peracte
1165 4101 1293 4161 referun-

97 4214 142 4270 tur,
156 4205 185 4263 in
198 4223 232 4263 eo
247 4203 398 4280 discrepet,
413 4203 489 4278 quod
504 4203 705 4281 episcoporum
720 4203 770 4277 qui
791 4203 1014 4263 consecrationis
1029 4220 1133 4260 munus
1148 4183 1293 4261 obierunt

98 4301 162 4360 tituli
175 4301 382 4370 desiderentur,
397 4302 561 4360 nominibus
576 4301 690 4358 familiae
703 4310 800 4359 contra
815 4320 923 4360 morem
936 4300 1061 4359 insertis.
1103 4296 1286 4376 Exemplum

98 4395 137 4456 dat
150 4399 212 4477 ipse
227 4399 370 4457 Masonus
384 4398 609 4457 consecrationis
624 4405 691 4474 post
706 4410 827 4472 quatuor
840 4397 902 4456 dies
924 4410 1053 4474 peracte.

323 4573 365 4639 (l)
385 4573 468 4624 Tract.
476 4573 507 4623 de
519 4571 586 4622 Eccl.
598 4589 618 4623 e.
629 4572 673 4623 xii.
684 4573 731 4623 voi.
743 4572 761 4624 i.
772 4588 797 4638 p.
808 4575 858 4621 222
870 4579 894 4622 ct
906 4573 965 4622 232.

165 4726 192 4783 V
258 4725 304 4785 lv
320 4658 446 4784 (2)6Vido
457 4657 569 4709 Milner’s
580 4658 639 4708 Eud
650 4661 679 4708 of
687 4657 862 4740 Controuersy‚
874 4656 956 4711 Letter
967 4671 1003 4708 xx

193 4744 242 4788 or..
307 4758 358 4784 ι·-
