2798 5092
96 339 135 396 Μ
353 334 424 395 -DE
446 334 692 395 ELECTIONE
715 332 1028 397 MINISTRORUM.

96 494 226 555 omnium
242 493 379 572 suffragio
393 503 422 552 et
437 493 547 573 judicio
568 494 653 553 luerit
666 492 877 553 examinata.”¹
916 492 1053 555 Plurima
1066 511 1131 568 quaa
1141 493 1296 553 occasione

96 591 272 650 electionum
289 591 464 667 publicarum
480 591 609 650 excitata
623 604 690 648 sunt
703 591 801 658 turbae,
816 591 846 648 in
860 609 947 649 causa
959 590 1073 649 suerunt
1085 609 1136 649 cur
1150 610 1186 649 ea
1198 591 1295 668 desig·

101 687 189 747 nandi
203 706 300 746 sacros
323 689 560 746 ministrosratio
574 687 707 745 derelicta
727 687 821 746 suerit.
863 688 965 754 Questi
980 697 1047 747 aunt
1067 698 1163 766 patres
1177 689 1295 747 concilii

98 785 285 845 Bituricensis
300 804 373 843 anno
391 785 516 845 laruda
532 784 705 844 electionum
720 785 880 845 libertates
900 784 989 843 turbis
1004 785 1161 862 impedita:
1185 795 1205 823 ‘⁶
1218 785 1298 844 Mul·

97 882 219 941 titudine
234 883 332 959 populi
348 901 399 958 per
413 882 569 955 iniquitatis
584 882 658 940 filios
679 882 791 940 concita
810 883 839 940 in
855 882 992 940 electores
1006 882 1145 958 impetum
1161 881 1297 950 iaciente,

95 980 256 1039 electiones
271 981 341 1056 ipsae
356 980 386 1037 in
401 979 544 1039 nonnullis
566 979 708 1038 Ecclesiis
721 979 916 1056 impediuntur
929 979 1094 1038 totaliter.’'³
1134 981 1295 1065 Canopicis

95 1076 236 1143 Ecclesia
257 1077 409 1152 cujuslibet
423 1075 603 1135 cathedralis
621 1076 670 1153 jus
691 1076 815 1153 eligendi
839 1077 993 1154 episcopos
1014 1077 1203 1136 decretalibus
1219 1077 1294 1136 Gre-

95 1175 168 1252 gorii
182 1173 238 1233 lX.
251 1174 385 1232 tributum
400 1183 452 1232 cst.
495 1174 722 1232 Patriarcbarum
737 1174 936 1242 Alexandrini,
948 1175 1131 1243 Antiocheni,
1144 1186 1173 1233 et
1187 1174 1295 1234 Hiero-

96 1272 263 1350 solymitaui
278 1273 351 1329 serie
366 1271 527 1339 deficiente,
542 1272 696 1347 episcopus
718 1271 877 1339 Romanus,
892 1273 940 1345 qui
958 1273 1007 1349 jus
1028 1290 1114 1330 suum
1136 1273 1166 1330 in
1181 1271 1297 1331 ordina·

97 1372 223 1430 tionibus
238 1371 311 1428 intra
325 1369 508 1428 occidentalis
523 1369 725 1446 patriarchatus
741 1369 846 1428 limites
867 1371 1023 1446 presertim
1039 1371 1199 1439 exercebat,
1216 1385 1246 1428 et
1266 1371 1298 1429 in

96 1467 324 1526 Patriarcbarum
352 1466 490 1524 electione
513 1463 716 1532 confirmanda,
740 1465 838 1523 debuit
860 1466 1024 1542 prospicere
1046 1466 1108 1525 aliis
1132 1485 1183 1543 per
1204 1475 1296 1525 totum

93 1566 190 1623 orbem
206 1564 347 1628 ecclesiis,
368 1565 394 1620 vi
409 1562 515 1620 summi
530 1562 575 1621 sui
596 1562 732 1627 muneris,
748 1572 776 1618 et
796 1561 987 1620 solicitudinis
1008 1563 1168 1639 pastoralis.
1211 1562 1297 1622 Hinc

95 1663 198 1721 facturn
215 1674 246 1719 ut
260 1673 386 1737 potestas
400 1661 463 1736 ejus
485 1662 538 1718 bac
559 1661 635 1718 inre
651 1660 741 1736 magis
761 1678 793 1719 se
814 1660 993 1736 explicuerit,
1009 1660 1207 1739 progrediente
1222 1670 1296 1721 tern-

96 1779 175 1838 pore.
217 1760 345 1820 Joannes
370 1759 468 1817 XXII.
486 1759 536 1836 jus
557 1758 725 1835 designandi
746 1759 901 1835 episcopos
922 1777 1023 1817 ornnes
1038 1760 1152 1819 Sanctae
1166 1758 1238 1818 Sedi
1253 1779 1297 1818 re·

94 1859 228 1917 servavit.
250 1857 284 1916 In
300 1856 546 1932 Metropolitanum
563 1856 759 1932 designatione
771 1874 822 1913 seu
837 1856 1052 1915 confirmatione
1062 1858 1091 1916 in
1103 1857 1293 1934 patriarchatu

94 1955 263 2016 occidentali
277 1973 391 2032 semper
404 1954 553 2012 consuevit
569 1954 618 2031 jus
640 1971 724 2011 suurn
745 1970 889 2021 exercere,
909 1953 992 2031 cujus
1013 1954 1138 2032 insignia
1159 1953 1297 2032 exempla

92 2053 231 2113 habentur
244 2053 274 2111 in
290 2051 505 2110 cantuariensis
526 2051 667 2129 Ecclesia
688 2051 867 2127 septuaginta
880 2050 939 2110 sere
954 2052 1134 2128 praesulibus,
1149 2071 1166 2109 a
1182 2051 1214 2109 S.
1230 2052 1292 2110 Au·

93 2151 218 2228 gustino,
234 2149 392 2226 Anglorum
407 2148 558 2224 Apostolo‚
573 2146 608 2204 ad
624 2158 736 2222 tempus
751 2165 842 2220 usque
859 2147 979 2206 Henrici
1000 2149 1094 2217 Vlll.,
1110 2148 1249 2226 deinceps
1264 2159 1295 2208 et

95 2251 204 2316 Mariae,
228 2267 349 2321 quorum
378 2247 473 2321 plnres
496 2255 564 2302 sunt
588 2265 604 2302 a
629 2245 758 2303 Summis
787 2246 975 2305 Pontificibus
1000 2247 1169 2316 consecrati,
1194 2249 1294 2307 coeteri

91 2347 191 2404 saltem
207 2343 324 2421 probati.
367 2342 475 2399 Eorum
491 2342 594 2399 seriem
610 2342 766 2402 novissime
781 2342 974 2402 exhibuerunt
994 2345 1156 2423 Anglicani,
1173 2364 1293 2404 succes·

91 2444 202 2503 sionem
224 2441 421 2519 Apostolicam
436 2440 490 2498 sibi
504 2439 606 2498 frustra
618 2438 806 2509 vindicantes,
821 2460 910 2515 quum
925 2443 1017 2502 serius
1032 2455 1132 2503 catena
1145 2443 1222 2522 apud
1237 2463 1291 2504 eos

91 2540 217 2601 desierit.
1007 2544 1008 2548 ’

132 2642 181 2697 98.
204 2636 275 2703 Qua
290 2636 319 2695 in
334 2634 476 2693 foederatis
492 2635 647 2712 provinciis
668 2654 744 2695 nunc
765 2638 875 2696 obtinet
893 2639 964 2697 ratio
984 2638 1156 2717 designandi
1178 2639 1294 2717 episco-

93 2755 157 2814 pos,
169 2745 223 2802 est,
238 2745 269 2791 ut
282 2733 316 2790 ab
331 2733 475 2810 episcopis
490 2732 623 2792 omnibus
638 2743 694 2791 tres
709 2735 944 2796 commendentur
954 2737 1126 2805 sacerdotes,
1140 2739 1292 2812 equibus,

92 2836 117 2892 ai
138 2834 177 2892 ita
197 2832 318 2889 Summo
342 2829 476 2888 Pontifici
501 2829 636 2897 videatur,
665 2828 829 2909 designetur
850 2834 1036 2912 episcopusss'
1070 2832 1244 2893 Sacerdotes
1264 2845 1294 2894 et

92 2931 139 2988 alii
153 2927 293 2988 inferioris
307 2926 414 2984 ordinis
435 2927 531 2984 clerici
543 2927 577 2984 ab
593 2926 737 3004 episcopis
759 2929 890 3006 singulis,
906 2941 990 3007 prout
1003 2931 1034 2990 in
1049 2929 1177 2989 Domino
1192 2930 1291 2992 visum

92 3028 186 3093 suerit,
201 3025 375 3092 ordinantur,
391 3035 419 3082 et
433 3024 468 3082 ad
483 3043 564 3082 sacra
577 3023 747 3102 deputantur
761 3046 889 3086 munera.

425 3183 467 3248 (1)
487 3183 535 3246 Ep.
547 3181 615 3232 lxvii.

424 3269 465 3336 (2)
483 3268 546 3319 Gan.
555 3268 571 3318 i.

421 3361 459 3421 (3)
477 3357 542 3408 Vide
553 3355 631 3409 (lonc.
642 3373 710 3424 prov.
721 3357 847 3409 Baltimor.
857 3359 884 3410 ii.
