2798 5092
393 377 395 381 ’
417 358 475 423 DE
495 357 789 421 BEATITUDINE
810 358 1009 423 AE'I'ERNR.
1255 368 1314 426 258

114 519 239 578 terra-l'’²
295 519 336 579 lis
361 537 533 598 responsum
558 529 604 577 est
630 518 838 597 expectandum
867 519 958 579 donec
986 539 1121 581 numerus
1151 534 1310 602 martyrum

85 692 92 696 -
113 617 273 694 impleatur.

151 718 197 772 19.
224 713 294 793 obj.
310 719 340 773 2.
361 715 517 792 Apostolus
532 715 568 774 de
582 715 688 773 sanctis
703 715 844 774 veteribus
859 714 990 789 loquens,
1005 716 1094 775 dicit:
1119 727 1138 756 “
1153 718 1195 779 Hi
1210 739 1311 781 omnes

106 813 272 872 testimonio
287 811 354 869 fidei
375 812 496 889 probati,
511 830 568 870 non
590 820 760 889 acceperuut
779 813 1050 889 repromissionem:
1076 814 1139 874 Deo
1156 835 1208 894 pro
1223 819 1307 878 uobis

108 909 211 968 melius
225 906 335 981 aliquid
349 906 516 984 providente
530 917 633 965 utnon
647 907 710 966 sine
725 906 808 966 uobis
822 909 1137 968 consummarentur.·‘²

146 1006 238 1084 Ree‘p.
269 1005 460 1064 Veteres-illi
485 1005 575 1064 saneti
600 1024 658 1063 non
686 1015 856 1083 acceperunt
879 1007 1031 1084 promissa,
1056 1008 1112 1067 nisi
1141 1008 1310 1070 adveniente

106 1104 237 1172 Christo,
252 1103 349 1176 quiea
362 1102 539 1179 implevit,et
552 1091 735 1162 coeli'adltum
750 1103 891 1180 patefecit.
934 1105 1003 1163 Sine
1018 1105 1100 1164 nobis
1115 1109 1310 1166 consummati

105 1219 166 1260 non
180 1210 257 1268 sunt,
273 1209 340 1257 aetas
355 1198 448 1259 silicet
459 1207 556 1256 nostra
570 1196 688 1258 habetur
703 1208 793 1258 totum
808 1199 877 1258 illud
892 1208 1035 1277 tempusa
1050 1201 1161 1260 Christi
1175 1201 1309 1263 adventu.

108 1299 196 1356 Mens
218 1295 352 1373 Apostoli
375 1304 453 1371 patet
473 1313 510 1352 ex
525 1305 582 1353 tota
596 1295 734 1371 epistola:
759 1305 778 1333 ‘⁶
790 1294 857 1355 Hoc
875 1297 1053 1373 algnificante
1069 1299 1176 1372 Spiritu
1192 1299 1309 1369 Sancto,

106 1394 234 1453 noudum
248 1392 421 1470 propalatam
432 1409 497 1450 esse
506 1400 668 1450 sanctorum
680 1393 766 1460 viam,
776 1393 869 1452 adbuc
881 1395 976 1471 priore
990 1395 1169 1454 tabernaculo
1183 1394 1307 1456 habente

108 1491 260 1552 statum.''³
300 1491 479 1549 “Habentes
501 1490 605 1565 itaque,
621 1492 730 1560 fratres,
751 1490 885 1553 fiduciam
907 1493 1073 1559 in‘introitu
1094 1505 1257 1555 sanctorum
1277 1495 1308 1555 iu

108 1592 249 1670 sanguine
264 1589 385 1656 Christi,
400 1596 485 1663 quam
501 1589 624 1647 initiavit
637 1589 720 1647 nobis
736 1589 856 1647 viam.”⁴

147 1693 196 1746 20.
223 1685 291 1765 Obj.
317 1690 347 1744 3.
370 1686 498 1744 Nonnisi
523 1686 553 1743 in
567 1685 614 1756 die
630 1685 734 1762 judieii
757 1685 897 1746 invitandi
922 1699 989 1746 sunt
1009 1688 1099 1747 sancti
1125 1688 1307 1767 inregnum:

113 1797 132 1824 ‘⁸
143 1786 259 1854 Venite,
273 1783 413 1843 benedicti
429 1784 521 1842 Patris
536 1783 604 1852 mei,
619 1774 764 1861 possidete
779 1795 909 1862 paratum
918 1785 999 1845 vobis
1014 1806 1133 1864 regnum
1145 1806 1162 1846 a
1172 1777 1310 1846 eonstitu-
1329 1827 1332 1833 -

115 1887 188 1944 tione
211 1881 356 1942 mundi.”⁶
398 1881 548 1941 Consonat
561 1881 704 1959 parabola,
719 1900 828 1941 merces
849 1883 927 1941 enim
941 1882 1035 1942 soluta
1055 1883 1157 1943 dicitur
1171 1886 1306 1944 omuibus

110 1982 196 2040 simul
206 1979 260 2040 sub
277 1964 454 2057 vesperem.⁸
709 2043 712 2047 ,
1012 2060 1014 2063 ¹

147 2079 237 2156 Reap.
260 2077 393 2136 Invitatio
414 2076 464 2135 illa
483 2076 618 2136 omnibus
633 2076 731 2136 electis
752 2077 840 2136 simul
854 2077 901 2151 fit,
912 2076 1024 2156 judicio
1039 2087 1164 2155 peracto,
1186 2097 1308 2153 quorum

101 2184 202 2233 tamen
217 2182 359 2247 quotquot
373 2164 437 2230 ente
452 2172 538 2231 finem
554 2172 654 2233 mundi
663 2173 774 2250 justitia
789 2173 906 2251 perlecti
918 2174 1045 2233 obierant
1053 2175 1115 2252 jam
1127 2175 1192 2234 coeli
1201 2175 1306 2253 gaudia

101 2269 315 2348 possederautr
338 2287 403 2328 narn
428 2267 514 2327 domo
536 2279 645 2328 terrena
666 2280 756 2328 morte
776 2269 877 2338 diruta,
894 2269 1048 2329 induuntur
1071 2270 1180 2329 cmlesti
1205 2272 1306 2349 gloria.

98 2369 241 2429 Profecto
251 2380 280 2428 et
291 2377 455 2446 peccatores
465 2376 532 2425 tunc
544 2368 680 2445 inignem
692 2378 829 2428 eternum
840 2368 1009 2428 amandandi
1019 2378 1096 2437 sunt,
1110 2388 1195 2443 quem
1210 2380 1306 2430 tamen

97 2483 157 2525 eos
172 2476 241 2544 post
254 2473 375 2523 mortem
395 2462 492 2521 statim
513 2463 649 2540 experiri,
665 2462 783 2523 Christo
798 2463 928 2533 docente,
939 2469 1082 2538 novimus,
1096 2467 1178 2526 dives
1199 2468 1308 2545 quippe

99 2563 139 2623 iu
159 2565 254 2624 locum
278 2571 484 2621 tormentorum
504 2580 574 2621 mox
588 2561 721 2632 decessit,
736 2563 766 2623 in
782 2563 899 2624 flamma
919 2567 1099 2628 cruciandus.
1141 2562 1324 2629 Dicendum⁴

93 2661 191 2742 igitur
206 2661 356 2721 Christum
371 2661 497 2720 voluisse
518 2662 644 2739 supremi
661 2661 765 2740 judicii
786 2675 815 2721 et
834 2675 945 2721 aetemae
966 2664 1117 2726 hominum
1131 2667 1305 2728 conditionis

97 2779 255 2842 exponere
268 2760 442 2835 equitatem,
456 2759 524 2832 quin
539 2758 574 2817 de
590 2759 677 2835 priori
691 2759 848 2817 animarum
859 2769 933 2818 statu
954 2771 1021 2842 tune
1033 2762 1206 2838 loqueretur.

146 2862 197 2917 21.
224 2855 291 2936 obj.
307 2860 336 2915 3.
358 2855 391 2915 S.
406 2855 577 2927 Ambrosius
592 2855 678 2913 dicit:
701 2855 879 2932 “Scriptura
900 2856 1059 2932 habitacula
1074 2860 1122 2919 illa
1142 2861 1301 2922 animarum

100 2955 500 3035 promptuarianoncupavit:
516 2973 579 3028 quoe
589 2973 739 3014 occurrens
753 2942 876 3028 querelas
885 2955 1027 3023 humanm,
1038 2976 1074 3016 eo
1085 2958 1161 3031 quod
1172 2960 1245 3037 justi
1256 2961 1306 3034 qui

99 3062 317 3130 praecesserunt
330 3049 478 3136 videantur
498 3069 590 3125 usque
604 3050 639 3109 ad
655 3050 758 3128 judicii
773 3051 860 3122 diem,
873 3070 924 3129 per
938 3052 1093 3130 plurImum
1112 3046 1222 3113 scilicet
1236 3066 1307 3114 tem-

102 3153 198 3227 poris,
213 3151 309 3210 debita
322 3150 378 3208 sibi
391 3149 619 3208 remuneratione
641 3148 773 3219 fraudari,
789 3151 954 3210 mirabiliter
965 3150 1004 3209 ait
1018 3170 1130 3210 ooronae
1146 3170 1210 3210 esse
1225 3153 1305 3211 sirni-

103 3247 166 3310 lem
182 3250 263 3310 illum
281 3243 486 3328 judicii'diem,
503 3249 532 3306 in
553 3267 610 3322 quo
632 3248 706 3307 sicut
725 3267 784 3308 non
804 3251 1026 3309 novissimorum
1044 3249 1169 3328 tarditas,
1191 3252 1233 3309 sic
1248 3270 1303 3310 uec

99 3348 235 3423 priorum
259 3346 405 3410 velocitas.
448 3343 572 3405 Corouae
598 3345 676 3405 enim
699 3345 761 3404 dies
787 3356 953 3425 expectatur
974 3348 1009 3405 ab
1024 3348 1168 3417 omnibus,
1183 3356 1216 3406 ut
1229 3349 1304 3407 intra

105 3462 176 3507 eum
189 3445 266 3515 dem
282 3454 311 3505 et
325 3434 394 3503 victi
408 3445 585 3512 erubescant,
601 3454 630 3502 et
649 3443 771 3503 victores
787 3445 909 3523 palmam
926 3444 1119 3523 adipiscantur
1133 3445 1306 3505 victoriae.’'⁷

105 3540 249 3605 Letidam
264 3544 422 3603 animarum
437 3552 598 3602 sanctarum
613 3561 649 3601 ex
664 3560 717 3619 spe
731 3552 898 3620 conceptam
915 3542 1080 3602 describens
1092 3542 1180 3602 dicit:
1204 3554 1224 3582 ‘⁸
1235 3545 1306 3604 inci-

112 3641 192 3722 piunt
211 3640 372 3718 intelligere
387 3640 514 3714 requiem
529 3659 621 3707 suam,
643 3650 672 3698 et
685 3640 806 3699 futuram
822 3639 868 3698 stri
888 3639 1007 3716 gloriam
1030 3640 1196 3718 previdere,
1211 3648 1305 3717 eaque

114 3752 145 3794 se
165 3737 361 3798 consolatione
386 3738 554 3807 mulcentes,
573 3738 602 3797 in
628 3737 797 3796 habitaculis
823 3737 895 3806 suis,
909 3755 975 3796 cum
989 3757 1093 3816 magna
1105 3740 1305 3815 tranquillitate

59 3858 62 3867 ·
124 3837 305 3909 requiescent,
319 3836 430 3914 stipate
451 3837 592 3915 presidiis
607 3835 821 3914 angelorum.’'⁸

150 3933 233 4016 Hesp.
255 3934 428 4012 Apocryphi
442 3936 534 4010 quarti
547 3935 612 3994 libri
626 3935 728 3995 Esdrae
742 3954 778 3995 eo
792 3935 848 3995 loci
862 3934 1033 3995 Ambrosius
1049 3943 1166 3996 secutus
1180 3943 1225 3994 est
1239 3952 1304 3992 auc

403 4094 443 4160 (l)
461 4093 539 4159 Apoo
550 4093 583 4146 vl.
602 4096 641 4144 10.

405 4169 689 4247 mfflmm‘

409 4266 452 4333 (3)
473 4266 567 4316 Ibidem
578 4266 612 4316 ix.
624 4267 648 4316 8.

406 4352 449 4418 (4)
468 4351 560 4402 Ibidem
572 4368 596 4402 x.
611 4353 651 4400 19.

408 4435 451 4502 (5)
471 4437 540 4487 Matt.
553 4453 611 4487 xxv.
624 4438 666 4486 34.

316 4518 320 4523 ’
407 4522 450 4589 (θ)
470 4523 562 4574 Ibidem
573 4540 616 4575 xx.
627 4527 652 4575 8.

408 4607 451 4674 (7)
472 4607 503 4657 L.
514 4607 545 4657 de
556 4610 620 4659 bono
632 4607 724 4660 mortis·
734 4623 756 4658 o.
764 4623 790 4658 x.

407 4693 450 4759 (8)
469 4691 562 4743 Ibidem
572 4708 594 4745 c.
605 4694 639 4746 xi.

183 4755 259 4822 Ion.
277 4754 417 4818 lit-22
