2798 5092
585 347 810 414 APPENDIX.
1234 356 1296 417 est

142 511 209 569 147.
232 506 407 567 Graeceius
422 507 489 576 vl..
504 518 586 568 autea
600 508 754 568 Gratianus
775 508 879 578 dictus,
895 513 1038 588 persuasit
1057 511 1179 586 utrique,
1195 529 1297 575 nume,
1385 579 1388 586 Α

101 614 160 663 rata
174 605 306 680 pecunia,
321 614 352 663 ut
370 605 534 681 pontificatu
557 604 670 665 cederet
689 605 720 665 in
742 605 805 684 ejus
824 606 962 676 favorem,
978 608 1030 668 sed
1050 609 1081 669 in
1101 606 1216 686 synodo
1238 607 1293 669 Su·

103 701 202 765 triensi
212 721 287 761 anno
300 706 378 762 1040
391 721 424 761 55
438 721 554 762 munere
566 702 720 762 abdicavit:
736 704 852 781 agnovit
863 703 974 765 scilicet
985 715 1044 768 “se
1053 724 1111 767 non
1120 724 1207 784 posse
1214 706 1296 784 juste

100 799 238 860 honorem
255 802 322 860 tanti
336 799 488 860 sacerdotii
502 799 707 869 administrare,
722 803 957 880 sesemetipsum
979 803 1191 882 pontificalibus
1212 802 1295 863 indu·¹

99 898 203 957 mentis
218 897 330 959 exuit.’'
372 898 405 957 ln
428 916 527 957 surum
552 898 647 958 locum
672 898 780 957 electus
805 909 849 959 est
872 899 1041 978 Suidgerus,
1062 901 1178 963 natione
1203 901 1295 969 Saxo,

99 995 255 1071 episcopus
270 995 501 1072 Bambergensis,
517 994 566 1068 qui
581 994 719 1054 Clemens
734 994 773 1053 ll.
789 994 926 1073 deinceps
940 1010 985 1056 est
998 1007 1128 1057 vocatus.

141 1097 208 1151 148.
231 1093 377 1153 Curuus
402 1092 440 1151 ll.
465 1094 498 1150 ab
513 1092 587 1152 anno
611 1096 688 1154 1040
701 1092 748 1153 015
771 1094 869 1158 Ν51511
889 1095 1010 1155 Domini
1031 1095 1067 1155 ad
1088 1095 1201 1156 tertium
1224 1095 1293 1157 Idus

99 1187 233 1252 Octobris
248 1191 315 1249 anni
328 1189 475 1263 sequentis
489 1190 623 1266 preclare
637 1191 712 1249 rexit
725 1190 899 1251 Ecclesiam.
942 1191 1074 1253 Ooncilia
1088 1193 1241 1253 celebravit
1255 1191 1292 1259 50

98 1285 296 1362 extirpandam
310 1286 473 1354 simoniam,
488 1285 539 1345 sed
552 1299 641 1345 morte
655 1288 789 1364 abreptus
803 1298 901 1351 sancta
914 1290 1035 1349 consilia
1046 1308 1104 1349 nou
1118 1289 1211 1366 potuit
1224 1307 1294 1349 exe«

99 1385 208 1445 cutioni
221 1383 404 1447 demandare,
445 1384 552 1446 Sedena
572 1397 720 1447 vacantem
734 1387 839 1447 invasit
858 1387 1032 1451 Benedictus
1055 1388 1110 1449 IX.
1125 1398 1155 1447 et
1169 1398 1295 1466 perocto

103 1501 220 1545 menses
235 1484 336 1542 tenuit.
959 1496 968 1501 ’

143 1582 209 1637 140.
233 1579 373 1641 05111555
388 1578 439 1649 ΙΙ.,
454 1579 766 1659 55155015155Ρ5555,
782 1581 1296 1663 0051551515551555555,5115555511

102 1675 149 1737 die
166 1680 202 1736 17
217 1676 289 1736 Julii
307 1680 394 1746 1048,
409 1677 460 1738 550
475 1679 575 1757 viginti
589 1678 651 1737 dies
667 1688 776 1738 tantum
790 1680 862 1741 vixit
873 1681 903 1741 in
919 1682 1096 1758 5551105515.

141 1778 208 1832 150.
231 1775 263 1833 S.
279 1774 344 1834 Leo
368 1775 423 1835 lx.
448 1787 531 1835 antea
553 1777 662 1847 Bruno,
684 1777 840 1855 episcopus
864 1778 1059 1847 Tullensis,2
1080 1780 1230 1841 Februarii
1247 1780 1294 1839 015

101 1874 179 1934 1094
192 1871 299 1930 5155155
314 1871 506 1948 551505511155
517 1873 701 1948 515555111515
710 1873 839 1934 illustris.
862 1875 937 1935 vita
947 1878 1121 1945 austeritate,
1133 1877 1295 1936 beneficen-

98 1969 137 2027 tia
152 1969 182 2030 in
197 1987 347 2045 pauperes,
358 1979 388 2026 et
400 1969 534 2028 omnibus
548 1969 650 2046 optimi
664 1969 809 2047 pontificis
822 1969 936 2031 dotibus
951 1970 1070 2031 effulsit.
1100 1970 1136 2033 ln
1150 1973 1295 2035 Normanr

98 2083 152 2126 nos
168 2067 198 2124 in
208 2066 313 2143 Apulia
327 2065 482 2125 insolenter
496 2085 528 2124 se
542 2077 674 2143 gerentes
688 2065 770 2127 duxit
782 2068 951 2137 exercitum,
963 2065 1015 2127 550
1026 2068 1135 2129 infelici
1145 2084 1294 2137 successu,

97 2183 164 2224 nam
180 2163 271 2223 victus
286 2173 444 2241 captusque
458 2178 522 2223 est:
539 2165 596 2241 ipsi
605 2174 700 2241 tamen
713 2165 837 2226 victores
847 2184 913 2225 sese
924 2166 1117 2244 subjecerunt,
1130 2168 1203 2235 111115
1215 2184 1295 2225 reve·

97 2263 196 2325 155115
210 2282 278 2340 erga
290 2281 399 2324 sacram
418 2263 595 2344 majestatem
616 2263 733 2324 indicio.
775 2264 856 2330 Obiit
875 2283 951 2325 anno
970 2269 1047 2332 1054
1060 2265 1141 2325 0150
1162 2265 1272 2343 Aprilis
1288 2286 1296 2334 ;

98 2371 166 2437 post
178 2361 287 2419 obitum
302 2359 446 2419 miraculis
461 2359 565 2421 clerus.

141 2459 209 2516 151.
232 2450 414 2523 1115551111..
430 2466 513 2517 antea
527 2455 727 2525 Gebebsrdus,
739 2457 909 2521 Aiststensis
920 2460 1162 2538 551555551,5551
1172 2459 1239 2521 anni
1252 2461 1296 2520 in·

97 2551 246 2615 terrallum
260 2553 400 2613 successit
412 2552 459 2611 die
483 2556 518 2613 13
541 2552 649 2629 Aprilis
669 2557 757 2617 1055.
797 2553 991 2617 Adnaerarin
1010 2555 1178 2634 Berengarii
1198 2556 1295 2632 profli-

96 2650 220 2730 gandam
234 2651 371 2711 nonnulla
384 2650 537 2713 celebravit
550 2651 681 2711 eoncilia.
723 2651 805 2713 Obiit
817 2664 933 2712 sanctus
955 2653 1087 2732 pontifex
1100 2649 1147 2714 die
1160 2657 1200 2713 28
1221 2654 1240 2713 J
1240 2653 1295 2725 ulii

101 2753 189 2808 1057.
666 2769 669 2774 ·

116 2839 119 2843 ’
139 2848 205 2905 152.
228 2843 734 2922 8551111555Χ..55155.155155115
755 2820 929 2913 Fridsricus,
951 2843 1144 2924 Letharingus
1166 2847 1294 2915 natione,

97 2942 204 3002 electus
218 2947 294 3001 5512
318 2944 442 3020 Augusti
461 2942 508 3003 die
533 2946 619 3005 1057.
660 2942 806 3020 Flagravit
819 2940 887 3020 0051
907 2953 937 3000 51
951 2942 1111 3022 disciplinae
1132 2945 1240 3015 studio,
1262 2955 1293 3005 51

89 3041 193 3120 plures
209 3040 272 3099 tulit
285 3040 363 3116 leges
378 3040 583 3107 sanctissimas,
598 3058 655 3113 qua
668 3039 764 3099 clerici
779 3040 990 3100 incontinentes
1004 3041 1206 3119 plecterentur.
1236 3041 1294 3103 Re·

96 3136 151 3196 fert
163 3139 196 3196 S.
213 3137 313 3196 Petrus
329 3136 473 3205 Damiani,
488 3138 522 3195 ab
537 3138 602 3213 ipso
616 3146 727 3199 creatus
740 3136 902 3207 cardinalis,
917 3138 1118 3216 presbyterum
1133 3139 1183 3213 qui
1204 3139 1293 3216 hujus

96 3235 242 3312 555110515
257 3236 377 3295 decretis
393 3236 484 3304 noluit
494 3253 559 3294 sese
571 3235 723 3313 subjicere,
735 3236 983 3313 repentinamorte
994 3235 1084 3296 fuisse
1098 3241 1294 3313 percussum.⁹
1339 3244 1341 3253 ’

96 3330 177 3391 Obiit
200 3344 315 3392 sanctus
338 3333 467 3409 pontifex
489 3333 596 3392 01529
621 3333 721 3392 Martii
748 3337 835 3402 1058,
851 3333 1053 3408 miraculisque
1078 3343 1145 3413 post
1169 3345 1292 3397 mortem

99 3430 210 3489 claruit.
803 3439 805 3441 ·

140 3531 207 3586 153.
229 3526 382 3586 Nicotaus
397 3526 448 3595 11,
459 3537 540 3587 autea
551 3527 707 3596 Gerendus,
716 3532 755 3586 28
771 3526 941 3601 Decembris
953 3532 1029 3588 1058
1039 3530 1147 3589 5155155
1160 3540 1214 3590 551.
1244 3530 1294 3590 Jo-

99 3641 188 3684 annes
204 3623 332 3682 Mincius
347 3624 502 3700 episcopus
520 3623 687 3682 Velitrensis
702 3623 839 3683 insedem
854 3624 1053 3701 Apostolicem
1064 3625 1191 3686 intrusus
1205 3625 1296 3685 fuerat

96 3723 125 3781 vi
140 3723 280 3803 statiuis,
301 3721 449 3781 Benedicti
464 3722 503 3781 X.
518 3734 667 3799 assumpto
681 3722 818 3790 nominer
833 3722 884 3780 sed
899 3723 930 3782 in
942 3722 1066 3784 concilio
1087 3722 1221 3785 Romano
1237 3729 1294 3784 113

96 3822 310 3899 episcoporum,
326 3816 403 3894 quod
418 3820 518 3880 habuit
531 3821 560 3879 N
563 3821 670 3879 icolaus
681 3839 756 3879 anno
767 3821 911 3894 sequenti,
923 3820 1073 3881 damnatus
1087 3823 1186 3881 cessit.
1207 3823 1295 3883 Plura

94 3919 163 3980 fecit
176 3921 290 3996 egregie
305 3933 365 3979 turn
379 3918 414 3977 ad
437 3920 523 3979 fidem
539 3920 636 3979 550115
661 3919 829 3996 Berengarii
852 3919 986 3983 haeresim
1010 3920 1156 3988 tuendam,
1173 3931 1233 3980 tum
1256 3922 1293 3979 50
1319 3924 1322 3970 Γ

97 4036 192 4077 mores
203 4016 370 4077 clericorum
381 4016 587 4076 emendandos.
604 4017 817 4076 Oontiuentiam
828 4017 1295 4095 515015115515155551511511111
1318 4014 1322 4075 ἓ

97 4115 247 4189 “nequis
263 4114 457 4173 concubinarii
479 4115 639 4190 presbyteri
654 4126 702 4173 aut
722 4113 966 4175 subintroductam
980 4115 1129 4175 mulierem
1150 4116 1294 4187 habentis,
1318 4104 1320 4157 Ϊ

97 4211 222 4271 Missam
237 4210 378 4271 audiret.”
420 4211 499 4270 Obiit
513 4230 588 4270 anno
611 4215 698 4278 1001,
719 4229 809 4285 quum
829 4211 860 4285 iu
875 4212 1043 4290 pontificatu
1065 4211 1188 4273 vixisset
1202 4231 1295 4273 annos
1316 4204 1320 4295 ξ

98 4310 182 4377 duos,
191 4328 310 4391 ,5155555
324 4327 387 4377 sex,
403 4307 465 4368 dies
483 4309 585 4387 viginti
599 4309 738 4383 quinque.
974 4308 975 4312 ’
1318 4310 1320 4315 ’

141 4411 208 4466 154.
230 4407 263 4466 S.
277 4409 465 4465 Auuxsnoun
474 4404 514 4464 Π.
530 4415 612 4465 antea
622 4406 778 4465 Anselmus
790 4404 826 4467 05
837 4406 975 4484 Badagio,
987 4406 1142 4485 episcopus
1153 4407 1296 4482 Lucensis

103 4514 169 4580 post
183 4514 240 4563 tres
254 4520 370 4561 menses
383 4502 533 4561 successit.
576 4501 667 4561 Sedes
688 4501 830 4562 invaserat
844 4501 989 4563 Oadolaus
1011 4502 1205 4575 Palavicinus,
1219 4505 1298 4585 epis-
1390 4548 1392 4553 -

329 4679 372 4746 (l)
392 4677 423 4730 L.
435 4678 469 4730 ir.
480 4694 518 4746 ep.
529 4679 564 4731 111
575 4679 607 4730 50
618 4677 783 4735 cunibertum
794 4680 936 4749 episcopum
944 4679 1133 4735 Taurinenssrn.
