<?xml version="1.0" encoding="UTF-8"?>
<!DOCTYPE html PUBLIC "-//W3C//DTD XHTML 1.0 Transitional//EN"
    "http://www.w3.org/TR/xhtml1/DTD/xhtml1-transitional.dtd">
<html xmlns="http://www.w3.org/1999/xhtml" xml:lang="en" lang="en">
 <head>
  <title>
</title>
<meta http-equiv="Content-Type" content="text/html;charset=utf-8" />
  <meta name='ocr-system' content='tesseract 3.04.00' />
  <meta name='ocr-capabilities' content='ocr_page ocr_carea ocr_par ocr_line ocrx_word'/>
</head>
<body>
  <div class='ocr_page' id='page_1' title='image "./theologidogmati02kenrgoog_0175.png"; bbox 0 0 2798 5092; ppageno 0'>
   <div class='ocr_carea' id='block_1_1' title="bbox 102 334 1068 402">
    <p class='ocr_par' dir='ltr' id='par_1_1' title="bbox 102 334 1068 402">
     <span class='ocr_line' id='line_1_1' title="bbox 102 334 1068 402; baseline -0.003 -3"><span class='ocrx_word' id='word_1_1' title='bbox 102 344 157 401; x_wconf 79' lang='grc'>177</span> <span class='ocrx_word' id='word_1_2' title='bbox 314 340 371 402; x_wconf 86' lang='lat' dir='ltr'>DE</span> <span class='ocrx_word' id='word_1_3' title='bbox 392 334 653 399; x_wconf 82' lang='lat' dir='ltr'><strong>EFFEOTIBUS</strong></span> <span class='ocrx_word' id='word_1_4' title='bbox 675 334 1068 397; x_wconf 79' lang='lat' dir='ltr'><strong>SACRAMENTORUM.</strong></span> 
     </span>
    </p>
   </div>
   <div class='ocr_carea' id='block_1_2' title="bbox 92 493 1291 1629">
    <p class='ocr_par' dir='ltr' id='par_1_2' title="bbox 98 493 1291 964">
     <span class='ocr_line' id='line_1_2' title="bbox 99 493 1291 574; baseline -0.003 -19"><span class='ocrx_word' id='word_1_5' title='bbox 99 499 131 555; x_wconf 87' lang='lat' dir='ltr'>S.</span> <span class='ocrx_word' id='word_1_6' title='bbox 153 497 305 557; x_wconf 75' lang='lat' dir='ltr'>Grumum</span> <span class='ocrx_word' id='word_1_7' title='bbox 336 499 639 558; x_wconf 80' lang='lat' dir='ltr'>Hmnosouumuauus</span> <span class='ocrx_word' id='word_1_8' title='bbox 667 497 823 573; x_wconf 84' lang='lat' dir='ltr'>“Spiritus</span> <span class='ocrx_word' id='word_1_9' title='bbox 847 496 967 556; x_wconf 87' lang='lat' dir='ltr'>Sanctus</span> <span class='ocrx_word' id='word_1_10' title='bbox 992 505 1121 574; x_wconf 89' lang='lat' dir='ltr'>tempore</span> <span class='ocrx_word' id='word_1_11' title='bbox 1149 493 1291 572; x_wconf 84' lang='lat' dir='ltr'>baptismi</span> 
     </span>
     <span class='ocr_line' id='line_1_3' title="bbox 99 592 1291 673; baseline -0.003 -21"><span class='ocrx_word' id='word_1_12' title='bbox 99 593 223 652; x_wconf 88' lang='lat' dir='ltr'>animam</span> <span class='ocrx_word' id='word_1_13' title='bbox 246 604 321 654; x_wconf 86' lang='lat' dir='ltr'>tuam</span> <span class='ocrx_word' id='word_1_14' title='bbox 344 593 517 673; x_wconf 87' lang='lat' dir='ltr'>obsignat.’&#39;1</span> <span class='ocrx_word' id='word_1_15' title='bbox 537 594 630 653; x_wconf 91' lang='lat' dir='ltr'>Vocat</span> <span class='ocrx_word' id='word_1_16' title='bbox 644 595 817 671; x_wconf 89' lang='lat' dir='ltr'>baptismum</span> <span class='ocrx_word' id='word_1_17' title='bbox 833 604 853 630; x_wconf 80' lang='lat'>‘⁸</span> <span class='ocrx_word' id='word_1_18' title='bbox 864 593 1048 671; x_wconf 74' lang='lat' dir='ltr'><strong>signaculum</strong></span> <span class='ocrx_word' id='word_1_19' title='bbox 1063 605 1196 651; x_wconf 88' lang='lat' dir='ltr'>sanctum</span> <span class='ocrx_word' id='word_1_20' title='bbox 1211 602 1241 650; x_wconf 94' lang='lat' dir='ltr'>et</span> <span class='ocrx_word' id='word_1_21' title='bbox 1253 592 1291 649; x_wconf 90' lang='lat' dir='ltr'>in·</span> 
     </span>
     <span class='ocr_line' id='line_1_4' title="bbox 98 689 1291 769; baseline -0.004 -18"><span class='ocrx_word' id='word_1_22' title='bbox 98 690 296 751; x_wconf 78' lang='lat' dir='ltr'>indelebile.”⁸</span> <span class='ocrx_word' id='word_1_23' title='bbox 335 694 367 752; x_wconf 86' lang='lat' dir='ltr'>S.</span> <span class='ocrx_word' id='word_1_24' title='bbox 382 694 560 757; x_wconf 69' lang='lat' dir='ltr'>Auruncum,</span> <span class='ocrx_word' id='word_1_25' title='bbox 581 691 678 749; x_wconf 88' lang='lat' dir='ltr'>“Etsi</span> <span class='ocrx_word' id='word_1_26' title='bbox 700 692 796 768; x_wconf 88' lang='lat' dir='ltr'>specie</span> <span class='ocrx_word' id='word_1_27' title='bbox 821 692 967 769; x_wconf 83' lang='lat' dir='ltr'>signemur</span> <span class='ocrx_word' id='word_1_28' title='bbox 981 692 1012 749; x_wconf 90' lang='lat' dir='ltr'>in</span> <span class='ocrx_word' id='word_1_29' title='bbox 1026 708 1158 767; x_wconf 86' lang='lat' dir='ltr'>corpore,</span> <span class='ocrx_word' id='word_1_30' title='bbox 1175 689 1291 747; x_wconf 83' lang='lat' dir='ltr'>veritate</span> 
     </span>
     <span class='ocr_line' id='line_1_5' title="bbox 98 786 1291 866; baseline -0.002 -20"><span class='ocrx_word' id='word_1_31' title='bbox 98 798 193 846; x_wconf 83' lang='lat' dir='ltr'>tamen</span> <span class='ocrx_word' id='word_1_32' title='bbox 214 789 359 866; x_wconf 75' lang='lat' dir='ltr'>signamur</span> <span class='ocrx_word' id='word_1_33' title='bbox 382 790 412 847; x_wconf 93' lang='lat' dir='ltr'>in</span> <span class='ocrx_word' id='word_1_34' title='bbox 436 788 530 848; x_wconf 88' lang='lat' dir='ltr'>corde</span> <span class='ocrx_word' id='word_1_35' title='bbox 533 789 564 823; x_wconf 80' lang='lat'>”⁸</span> <span class='ocrx_word' id='word_1_36' title='bbox 603 789 669 847; x_wconf 83' lang='lat' dir='ltr'>Alia</span> <span class='ocrx_word' id='word_1_37' title='bbox 683 790 843 848; x_wconf 86' lang='lat' dir='ltr'>testimonia</span> <span class='ocrx_word' id='word_1_38' title='bbox 857 787 987 847; x_wconf 75' lang='lat' dir='ltr'><strong>dedimus</strong></span> <span class='ocrx_word' id='word_1_39' title='bbox 1011 787 1079 846; x_wconf 93' lang='lat' dir='ltr'>dum</span> <span class='ocrx_word' id='word_1_40' title='bbox 1095 786 1131 845; x_wconf 92' lang='lat' dir='ltr'>de</span> <span class='ocrx_word' id='word_1_41' title='bbox 1155 787 1291 863; x_wconf 84' lang='lat' dir='ltr'>baptismi</span> 
     </span>
     <span class='ocr_line' id='line_1_6' title="bbox 99 885 606 964; baseline 0.002 -21"><span class='ocrx_word' id='word_1_42' title='bbox 99 885 255 943; x_wconf 80' lang='lat' dir='ltr'>charactere</span> <span class='ocrx_word' id='word_1_43' title='bbox 272 888 418 964; x_wconf 81' lang='lat' dir='ltr'>speciatim</span> <span class='ocrx_word' id='word_1_44' title='bbox 434 905 591 963; x_wconf 88' lang='lat' dir='ltr'>ageremus</span> <span class='ocrx_word' id='word_1_45' title='bbox 594 891 606 922; x_wconf 83' lang='lat'><strong>⁴</strong></span> 
     </span>
    </p>

    <p class='ocr_par' dir='ltr' id='par_1_3' title="bbox 92 981 1291 1629">
     <span class='ocr_line' id='line_1_7' title="bbox 136 981 1291 1064; baseline -0.002 -22"><span class='ocrx_word' id='word_1_46' title='bbox 136 988 183 1042; x_wconf 99' lang='grc'>63.</span> <span class='ocrx_word' id='word_1_47' title='bbox 204 981 342 1044; x_wconf 85' lang='lat' dir='ltr'><strong>Probatur</strong></span> <span class='ocrx_word' id='word_1_48' title='bbox 353 987 437 1045; x_wconf 84' lang='lat' dir='ltr'>etiam</span> <span class='ocrx_word' id='word_1_49' title='bbox 452 1005 489 1044; x_wconf 86' lang='lat' dir='ltr'>ex</span> <span class='ocrx_word' id='word_1_50' title='bbox 502 996 636 1064; x_wconf 85' lang='lat' dir='ltr'>perpetua</span> <span class='ocrx_word' id='word_1_51' title='bbox 650 985 789 1049; x_wconf 82' lang='lat' dir='ltr'>Ecclesiae</span> <span class='ocrx_word' id='word_1_52' title='bbox 805 984 1021 1052; x_wconf 86' lang='lat' dir='ltr'>consuetudine,</span> <span class='ocrx_word' id='word_1_53' title='bbox 1033 984 1118 1061; x_wconf 83' lang='lat' dir='ltr'>juxta</span> <span class='ocrx_word' id='word_1_54' title='bbox 1134 1000 1225 1056; x_wconf 88' lang='lat' dir='ltr'>quam</span> <span class='ocrx_word' id='word_1_55' title='bbox 1241 983 1291 1041; x_wconf 91' lang='lat' dir='ltr'>tria</span> 
     </span>
     <span class='ocr_line' id='line_1_8' title="bbox 98 1079 1291 1158; baseline -0.003 -19"><span class='ocrx_word' id='word_1_56' title='bbox 98 1082 150 1139; x_wconf 92' lang='lat' dir='ltr'>illa</span> <span class='ocrx_word' id='word_1_57' title='bbox 164 1091 339 1139; x_wconf 88' lang='lat' dir='ltr'>sacramenta</span> <span class='ocrx_word' id='word_1_58' title='bbox 352 1082 441 1140; x_wconf 90' lang='lat' dir='ltr'>semel</span> <span class='ocrx_word' id='word_1_59' title='bbox 457 1081 547 1141; x_wconf 85' lang='lat' dir='ltr'>valide</span> <span class='ocrx_word' id='word_1_60' title='bbox 562 1091 694 1158; x_wconf 88' lang='lat' dir='ltr'>suscepta</span> <span class='ocrx_word' id='word_1_61' title='bbox 708 1101 853 1156; x_wconf 90' lang='lat' dir='ltr'>nunquam</span> <span class='ocrx_word' id='word_1_62' title='bbox 869 1083 969 1140; x_wconf 89' lang='lat' dir='ltr'>iterum</span> <span class='ocrx_word' id='word_1_63' title='bbox 982 1080 1186 1147; x_wconf 87' lang='lat' dir='ltr'>conseruntur,</span> <span class='ocrx_word' id='word_1_64' title='bbox 1211 1079 1291 1157; x_wconf 80' lang='lat' dir='ltr'>qu&#39;us</span> 
     </span>
     <span class='ocr_line' id='line_1_9' title="bbox 97 1175 1291 1257; baseline -0.001 -22"><span class='ocrx_word' id='word_1_65' title='bbox 97 1179 138 1235; x_wconf 87' lang='lat' dir='ltr'>rei</span> <span class='ocrx_word' id='word_1_66' title='bbox 152 1179 223 1235; x_wconf 89' lang='lat' dir='ltr'>ratio</span> <span class='ocrx_word' id='word_1_67' title='bbox 238 1177 383 1237; x_wconf 89' lang='lat' dir='ltr'>sufficiens</span> <span class='ocrx_word' id='word_1_68' title='bbox 405 1178 464 1236; x_wconf 89' lang='lat' dir='ltr'>dari</span> <span class='ocrx_word' id='word_1_69' title='bbox 486 1179 594 1252; x_wconf 89' lang='lat' dir='ltr'>nequit,</span> <span class='ocrx_word' id='word_1_70' title='bbox 609 1188 709 1257; x_wconf 85' lang='lat' dir='ltr'>praeter</span> <span class='ocrx_word' id='word_1_71' title='bbox 724 1197 785 1237; x_wconf 91' lang='lat' dir='ltr'>eam</span> <span class='ocrx_word' id='word_1_72' title='bbox 801 1198 886 1252; x_wconf 89' lang='lat' dir='ltr'>quam</span> <span class='ocrx_word' id='word_1_73' title='bbox 908 1179 972 1256; x_wconf 91' lang='lat' dir='ltr'>ipsa</span> <span class='ocrx_word' id='word_1_74' title='bbox 992 1176 1124 1254; x_wconf 85' lang='lat' dir='ltr'>agnoscit</span> <span class='ocrx_word' id='word_1_75' title='bbox 1144 1175 1291 1244; x_wconf 82' lang='lat' dir='ltr'>Ecclesia,</span> 
     </span>
     <span class='ocr_line' id='line_1_10' title="bbox 95 1273 1291 1353; baseline -0.001 -22"><span class='ocrx_word' id='word_1_76' title='bbox 95 1293 198 1352; x_wconf 89' lang='lat' dir='ltr'>nempe</span> <span class='ocrx_word' id='word_1_77' title='bbox 213 1277 280 1347; x_wconf 90' lang='lat' dir='ltr'>quia</span> <span class='ocrx_word' id='word_1_78' title='bbox 293 1273 443 1333; x_wconf 90' lang='lat' dir='ltr'>indelebile</span> <span class='ocrx_word' id='word_1_79' title='bbox 457 1276 572 1353; x_wconf 84' lang='lat' dir='ltr'>signum</span> <span class='ocrx_word' id='word_1_80' title='bbox 593 1278 694 1334; x_wconf 82' lang='lat' dir='ltr'>anirnae</span> <span class='ocrx_word' id='word_1_81' title='bbox 715 1276 890 1353; x_wconf 90' lang='lat' dir='ltr'>imprimunt.</span> <span class='ocrx_word' id='word_1_82' title='bbox 933 1275 1008 1333; x_wconf 90' lang='lat' dir='ltr'>Vide</span> <span class='ocrx_word' id='word_1_83' title='bbox 1029 1273 1065 1332; x_wconf 94' lang='lat' dir='ltr'>de</span> <span class='ocrx_word' id='word_1_84' title='bbox 1086 1273 1243 1349; x_wconf 87' lang='lat' dir='ltr'>Baptismo</span> <span class='ocrx_word' id='word_1_85' title='bbox 1264 1283 1291 1330; x_wconf 90' lang='lat' dir='ltr'>et</span> 
     </span>
     <span class='ocr_line' id='line_1_11' title="bbox 94 1370 1291 1450; baseline -0.001 -21"><span class='ocrx_word' id='word_1_86' title='bbox 94 1371 269 1430; x_wconf 89' lang='lat' dir='ltr'>ordinatione</span> <span class='ocrx_word' id='word_1_87' title='bbox 284 1390 341 1430; x_wconf 91' lang='lat' dir='ltr'>non</span> <span class='ocrx_word' id='word_1_88' title='bbox 356 1372 489 1432; x_wconf 72' lang='lat' dir='ltr'>iterandis</span> <span class='ocrx_word' id='word_1_89' title='bbox 504 1372 667 1431; x_wconf 81' lang='lat' dir='ltr'>Concilium</span> <span class='ocrx_word' id='word_1_90' title='bbox 684 1372 909 1450; x_wconf 77' lang='lat' dir='ltr'>carthaginense</span> <span class='ocrx_word' id='word_1_91' title='bbox 925 1373 995 1432; x_wconf 84' lang='lat' dir='ltr'>lll.⁵</span> <span class='ocrx_word' id='word_1_92' title='bbox 1007 1371 1043 1429; x_wconf 93' lang='lat' dir='ltr'>de</span> <span class='ocrx_word' id='word_1_93' title='bbox 1060 1370 1291 1430; x_wconf 80' lang='lat' dir='ltr'>Confirmatione</span> 
     </span>
     <span class='ocr_line' id='line_1_12' title="bbox 94 1468 1291 1552; baseline -0.002 -21"><span class='ocrx_word' id='word_1_94' title='bbox 94 1474 126 1531; x_wconf 85' lang='lat' dir='ltr'>S.</span> <span class='ocrx_word' id='word_1_95' title='bbox 142 1473 358 1552; x_wconf 76' lang='lat' dir='ltr'>Augustintrm,⁸</span> <span class='ocrx_word' id='word_1_96' title='bbox 379 1474 410 1532; x_wconf 88' lang='lat' dir='ltr'>S.</span> <span class='ocrx_word' id='word_1_97' title='bbox 423 1474 594 1549; x_wconf 86' lang='lat' dir='ltr'>Gregorium</span> <span class='ocrx_word' id='word_1_98' title='bbox 609 1472 665 1532; x_wconf 76' lang='lat' dir='ltr'>ll.l</span> <span class='ocrx_word' id='word_1_99' title='bbox 678 1473 831 1531; x_wconf 89' lang='lat' dir='ltr'>concilium</span> <span class='ocrx_word' id='word_1_100' title='bbox 842 1473 1015 1531; x_wconf 90' lang='lat' dir='ltr'>Toletanum</span> <span class='ocrx_word' id='word_1_101' title='bbox 1029 1468 1113 1529; x_wconf 90' lang='lat' dir='ltr'>Vlll.</span> <span class='ocrx_word' id='word_1_102' title='bbox 1131 1488 1209 1528; x_wconf 88' lang='lat' dir='ltr'>annu</span> <span class='ocrx_word' id='word_1_103' title='bbox 1224 1473 1291 1539; x_wconf 80' lang='grc'><strong>653,</strong></span> 
     </span>
     <span class='ocr_line' id='line_1_13' title="bbox 92 1565 1271 1629; baseline -0.001 -3"><span class='ocrx_word' id='word_1_104' title='bbox 92 1581 120 1626; x_wconf 92' lang='grc'>11</span> <span class='ocrx_word' id='word_1_105' title='bbox 133 1569 325 1628; x_wconf 85' lang='lat' dir='ltr'>Cabiloncuse</span> <span class='ocrx_word' id='word_1_106' title='bbox 339 1569 378 1629; x_wconf 91' lang='lat' dir='ltr'>II.</span> <span class='ocrx_word' id='word_1_107' title='bbox 395 1586 469 1629; x_wconf 88' lang='lat' dir='ltr'>auno</span> <span class='ocrx_word' id='word_1_108' title='bbox 484 1573 552 1627; x_wconf 86' lang='lat'><strong>813.</strong></span> <span class='ocrx_word' id='word_1_109' title='bbox 594 1569 668 1627; x_wconf 88' lang='lat' dir='ltr'>Vide</span> <span class='ocrx_word' id='word_1_110' title='bbox 683 1570 769 1628; x_wconf 86' lang='lat' dir='ltr'>etiam</span> <span class='ocrx_word' id='word_1_111' title='bbox 784 1570 981 1628; x_wconf 88' lang='lat' dir='ltr'>Florentinum</span> <span class='ocrx_word' id='word_1_112' title='bbox 997 1579 1025 1625; x_wconf 90' lang='lat' dir='ltr'>et</span> <span class='ocrx_word' id='word_1_113' title='bbox 1046 1565 1271 1626; x_wconf 85' lang='lat' dir='ltr'>Tridentinum.</span> 
     </span>
    </p>
   </div>
   <div class='ocr_carea' id='block_1_3' title="bbox 479 1801 891 1843">
    <p class='ocr_par' dir='ltr' id='par_1_4' title="bbox 479 1801 891 1843">
     <span class='ocr_line' id='line_1_14' title="bbox 479 1801 891 1843; baseline -0.005 0"><span class='ocrx_word' id='word_1_114' title='bbox 479 1801 684 1843; x_wconf 34' lang='lat' dir='ltr'>*omucrlortles</span> <span class='ocrx_word' id='word_1_115' title='bbox 705 1801 891 1841; x_wconf 72' lang='lat' dir='ltr'>souvurtuutt.</span> 
     </span>
    </p>
   </div>
   <div class='ocr_carea' id='block_1_4' title="bbox 78 1941 1291 3768">
    <p class='ocr_par' dir='ltr' id='par_1_5' title="bbox 78 1941 1291 2601">
     <span class='ocr_line' id='line_1_15' title="bbox 132 1941 1291 2024; baseline -0.005 -18"><span class='ocrx_word' id='word_1_116' title='bbox 132 1951 180 2006; x_wconf 80' lang='grc'>64.</span> <span class='ocrx_word' id='word_1_117' title='bbox 206 1945 273 2024; x_wconf 76' lang='lat' dir='ltr'>obj.</span> <span class='ocrx_word' id='word_1_118' title='bbox 290 1950 316 2003; x_wconf 94' lang='grc'>1.</span> <span class='ocrx_word' id='word_1_119' title='bbox 357 1945 388 2003; x_wconf 88' lang='grc'>8.</span> <span class='ocrx_word' id='word_1_120' title='bbox 402 1943 579 2022; x_wconf 79' lang='lat' dir='ltr'>Augustinus</span> <span class='ocrx_word' id='word_1_121' title='bbox 591 1943 717 2020; x_wconf 88' lang='lat' dir='ltr'>loquitur</span> <span class='ocrx_word' id='word_1_122' title='bbox 730 1950 840 2002; x_wconf 91' lang='lat' dir='ltr'>tantum</span> <span class='ocrx_word' id='word_1_123' title='bbox 853 1942 889 2001; x_wconf 90' lang='lat' dir='ltr'>de</span> <span class='ocrx_word' id='word_1_124' title='bbox 904 1941 1065 2003; x_wconf 83' lang='lat' dir='ltr'>charactere</span> <span class='ocrx_word' id='word_1_125' title='bbox 1079 1943 1210 2001; x_wconf 83' lang='lat' dir='ltr'>exterius</span> <span class='ocrx_word' id='word_1_126' title='bbox 1226 1961 1291 2021; x_wconf 82' lang='lat' dir='ltr'>cog·</span> 
     </span>
     <span class='ocr_line' id='line_1_16' title="bbox 91 2039 1291 2120; baseline -0.005 -14"><span class='ocrx_word' id='word_1_127' title='bbox 91 2048 161 2115; x_wconf 90' lang='lat' dir='ltr'>nito,</span> <span class='ocrx_word' id='word_1_128' title='bbox 176 2046 285 2105; x_wconf 85' lang='lat' dir='ltr'>scilicet</span> <span class='ocrx_word' id='word_1_129' title='bbox 295 2043 330 2102; x_wconf 92' lang='lat' dir='ltr'>de</span> <span class='ocrx_word' id='word_1_130' title='bbox 344 2043 451 2103; x_wconf 90' lang='lat' dir='ltr'>iudicio</span> <span class='ocrx_word' id='word_1_131' title='bbox 466 2045 518 2102; x_wconf 90' lang='lat' dir='ltr'>rite</span> <span class='ocrx_word' id='word_1_132' title='bbox 531 2043 659 2120; x_wconf 90' lang='lat' dir='ltr'>suscepti</span> <span class='ocrx_word' id='word_1_133' title='bbox 672 2042 826 2119; x_wconf 86' lang='lat' dir='ltr'>baptismi:</span> <span class='ocrx_word' id='word_1_134' title='bbox 850 2052 869 2079; x_wconf 79' lang='lat'>‘⁸</span> <span class='ocrx_word' id='word_1_135' title='bbox 883 2040 1008 2100; x_wconf 83' lang='lat' dir='ltr'>Attendo</span> <span class='ocrx_word' id='word_1_136' title='bbox 1022 2039 1110 2099; x_wconf 85' lang='lat' dir='ltr'>fidem</span> <span class='ocrx_word' id='word_1_137' title='bbox 1126 2042 1158 2100; x_wconf 94' lang='lat' dir='ltr'>in</span> <span class='ocrx_word' id='word_1_138' title='bbox 1173 2044 1291 2101; x_wconf 90' lang='lat' dir='ltr'>nomine</span> 
     </span>
     <span class='ocr_line' id='line_1_17' title="bbox 92 2136 1291 2217; baseline -0.003 -17"><span class='ocrx_word' id='word_1_139' title='bbox 92 2143 197 2210; x_wconf 85' lang='lat' dir='ltr'>Patria,</span> <span class='ocrx_word' id='word_1_140' title='bbox 211 2151 240 2200; x_wconf 92' lang='lat' dir='ltr'>et</span> <span class='ocrx_word' id='word_1_141' title='bbox 252 2140 320 2200; x_wconf 90' lang='lat' dir='ltr'>Filii</span> <span class='ocrx_word' id='word_1_142' title='bbox 343 2151 372 2198; x_wconf 93' lang='lat' dir='ltr'>et</span> <span class='ocrx_word' id='word_1_143' title='bbox 391 2140 516 2217; x_wconf 85' lang='lat' dir='ltr'>Spiritus</span> <span class='ocrx_word' id='word_1_144' title='bbox 539 2139 647 2197; x_wconf 87' lang='lat' dir='ltr'>Sancti.</span> <span class='ocrx_word' id='word_1_145' title='bbox 689 2137 746 2196; x_wconf 85' lang='lat' dir='ltr'>late</span> <span class='ocrx_word' id='word_1_146' title='bbox 768 2147 812 2195; x_wconf 88' lang='lat' dir='ltr'>est</span> <span class='ocrx_word' id='word_1_147' title='bbox 826 2137 970 2195; x_wconf 83' lang='lat' dir='ltr'>character</span> <span class='ocrx_word' id='word_1_148' title='bbox 984 2136 1171 2214; x_wconf 87' lang='lat' dir='ltr'>Imperatoris</span> <span class='ocrx_word' id='word_1_149' title='bbox 1188 2136 1291 2197; x_wconf 62' lang='grc' dir='ltr'>111113ἐ</span> 
     </span>
     <span class='ocr_line' id='line_1_18' title="bbox 92 2233 1291 2312; baseline -0.002 -15"><span class='ocrx_word' id='word_1_150' title='bbox 92 2238 155 2298; x_wconf 90' lang='lat' dir='ltr'>Iruo</span> <span class='ocrx_word' id='word_1_151' title='bbox 169 2258 227 2298; x_wconf 92' lang='lat' dir='ltr'>non</span> <span class='ocrx_word' id='word_1_152' title='bbox 242 2239 297 2297; x_wconf 89' lang='lat' dir='ltr'>alio</span> <span class='ocrx_word' id='word_1_153' title='bbox 311 2256 397 2295; x_wconf 88' lang='lat' dir='ltr'>sensu</span> <span class='ocrx_word' id='word_1_154' title='bbox 412 2236 602 2295; x_wconf 81' lang='lat' dir='ltr'>characterem</span> <span class='ocrx_word' id='word_1_155' title='bbox 618 2234 728 2292; x_wconf 80' lang='lat' dir='ltr'>Christi</span> <span class='ocrx_word' id='word_1_156' title='bbox 742 2235 774 2292; x_wconf 93' lang='lat' dir='ltr'>iu</span> <span class='ocrx_word' id='word_1_157' title='bbox 788 2233 880 2292; x_wconf 87' lang='lat' dir='ltr'>valide</span> <span class='ocrx_word' id='word_1_158' title='bbox 893 2234 1039 2312; x_wconf 85' lang='lat' dir='ltr'>baptizato</span> <span class='ocrx_word' id='word_1_159' title='bbox 1053 2235 1188 2303; x_wconf 85' lang='lat' dir='ltr'>admittit,</span> <span class='ocrx_word' id='word_1_160' title='bbox 1205 2255 1291 2310; x_wconf 88' lang='lat' dir='ltr'>quam</span> 
     </span>
     <span class='ocr_line' id='line_1_19' title="bbox 78 2311 1290 2412; baseline 0 -19"><span class='ocrx_word' id='word_1_161' title='bbox 78 2311 283 2395; x_wconf 55' lang='lat' dir='ltr'>&#39;characterem</span> <span class='ocrx_word' id='word_1_162' title='bbox 295 2334 401 2394; x_wconf 87' lang='lat' dir='ltr'>Donati</span> <span class='ocrx_word' id='word_1_163' title='bbox 412 2335 442 2394; x_wconf 92' lang='lat' dir='ltr'>in</span> <span class='ocrx_word' id='word_1_164' title='bbox 453 2333 559 2392; x_wconf 90' lang='lat' dir='ltr'>Donati</span> <span class='ocrx_word' id='word_1_165' title='bbox 571 2333 767 2402; x_wconf 85' lang='lat' dir='ltr'>sectatoribus,</span> <span class='ocrx_word' id='word_1_166' title='bbox 777 2332 802 2390; x_wconf 87' lang='lat' dir='ltr'>si</span> <span class='ocrx_word' id='word_1_167' title='bbox 813 2334 844 2390; x_wconf 91' lang='lat' dir='ltr'>in</span> <span class='ocrx_word' id='word_1_168' title='bbox 855 2332 945 2409; x_wconf 91' lang='lat' dir='ltr'>ipsius</span> <span class='ocrx_word' id='word_1_169' title='bbox 959 2332 1076 2390; x_wconf 88' lang='lat' dir='ltr'>nornine</span> <span class='ocrx_word' id='word_1_170' title='bbox 1088 2332 1213 2393; x_wconf 85' lang='lat' dir='ltr'>luissent</span> <span class='ocrx_word' id='word_1_171' title='bbox 1222 2335 1290 2412; x_wconf 91' lang='lat' dir='ltr'>bap·</span> 
     </span>
     <span class='ocr_line' id='line_1_20' title="bbox 90 2418 1290 2507; baseline 0 -19"><span class='ocrx_word' id='word_1_172' title='bbox 90 2433 187 2490; x_wconf 86' lang='lat' dir='ltr'>tizati:</span> <span class='ocrx_word' id='word_1_173' title='bbox 211 2418 318 2489; x_wconf 87' lang='lat' dir='ltr'>“Nam</span> <span class='ocrx_word' id='word_1_174' title='bbox 343 2431 368 2488; x_wconf 91' lang='lat' dir='ltr'>si</span> <span class='ocrx_word' id='word_1_175' title='bbox 392 2430 522 2488; x_wconf 85' lang='lat' dir='ltr'>Donatus</span> <span class='ocrx_word' id='word_1_176' title='bbox 537 2429 649 2503; x_wconf 88' lang='lat' dir='ltr'>quando</span> <span class='ocrx_word' id='word_1_177' title='bbox 664 2428 790 2487; x_wconf 86' lang='lat' dir='ltr'>schisma</span> <span class='ocrx_word' id='word_1_178' title='bbox 803 2428 879 2497; x_wconf 83' lang='lat' dir='ltr'>iecit,</span> <span class='ocrx_word' id='word_1_179' title='bbox 895 2430 925 2487; x_wconf 94' lang='lat' dir='ltr'>in</span> <span class='ocrx_word' id='word_1_180' title='bbox 943 2429 1059 2487; x_wconf 90' lang='lat' dir='ltr'>nomine</span> <span class='ocrx_word' id='word_1_181' title='bbox 1074 2429 1185 2488; x_wconf 91' lang='lat' dir='ltr'>Donati</span> <span class='ocrx_word' id='word_1_182' title='bbox 1200 2430 1290 2507; x_wconf 89' lang='lat' dir='ltr'>bapti·</span> 
     </span>
     <span class='ocr_line' id='line_1_21' title="bbox 90 2523 731 2601; baseline -0.002 -18"><span class='ocrx_word' id='word_1_183' title='bbox 90 2539 177 2594; x_wconf 88' lang='lat' dir='ltr'>zaret,</span> <span class='ocrx_word' id='word_1_184' title='bbox 193 2526 344 2585; x_wconf 83' lang='lat' dir='ltr'>desertoris</span> <span class='ocrx_word' id='word_1_185' title='bbox 358 2525 550 2583; x_wconf 88' lang='lat' dir='ltr'>characterem</span> <span class='ocrx_word' id='word_1_186' title='bbox 566 2523 731 2601; x_wconf 89' lang='lat' dir='ltr'>infigeret.”</span> 
     </span>
    </p>

    <p class='ocr_par' dir='ltr' id='par_1_6' title="bbox 89 2606 1291 3768">
     <span class='ocr_line' id='line_1_22' title="bbox 131 2606 1289 2703; baseline 0 -21"><span class='ocrx_word' id='word_1_187' title='bbox 131 2606 220 2703; x_wconf 82' lang='lat' dir='ltr'>Reap.</span> <span class='ocrx_word' id='word_1_188' title='bbox 241 2623 419 2700; x_wconf 79' lang='lat' dir='ltr'>Augustinus</span> <span class='ocrx_word' id='word_1_189' title='bbox 433 2632 508 2681; x_wconf 87' lang='lat' dir='ltr'>certe</span> <span class='ocrx_word' id='word_1_190' title='bbox 522 2622 647 2695; x_wconf 87' lang='lat' dir='ltr'>loquitur</span> <span class='ocrx_word' id='word_1_191' title='bbox 661 2620 696 2679; x_wconf 91' lang='lat' dir='ltr'>de</span> <span class='ocrx_word' id='word_1_192' title='bbox 711 2621 872 2679; x_wconf 87' lang='lat' dir='ltr'>charactere</span> <span class='ocrx_word' id='word_1_193' title='bbox 887 2622 916 2680; x_wconf 93' lang='lat' dir='ltr'>in</span> <span class='ocrx_word' id='word_1_194' title='bbox 939 2623 1034 2681; x_wconf 89' lang='lat' dir='ltr'>anima</span> <span class='ocrx_word' id='word_1_195' title='bbox 1056 2623 1214 2700; x_wconf 86' lang='lat' dir='ltr'>impresso,</span> <span class='ocrx_word' id='word_1_196' title='bbox 1237 2625 1289 2698; x_wconf 88' lang='lat' dir='ltr'>qui</span> 
     </span>
     <span class='ocr_line' id='line_1_23' title="bbox 90 2717 1287 2797; baseline 0.001 -19"><span class='ocrx_word' id='word_1_197' title='bbox 90 2721 232 2797; x_wconf 87' lang='lat' dir='ltr'>baptismo</span> <span class='ocrx_word' id='word_1_198' title='bbox 246 2719 371 2778; x_wconf 88' lang='lat' dir='ltr'>iterando</span> <span class='ocrx_word' id='word_1_199' title='bbox 385 2719 486 2785; x_wconf 84' lang='lat' dir='ltr'>obstat,</span> <span class='ocrx_word' id='word_1_200' title='bbox 501 2720 542 2777; x_wconf 89' lang='lat' dir='ltr'>uti</span> <span class='ocrx_word' id='word_1_201' title='bbox 567 2737 605 2777; x_wconf 88' lang='lat' dir='ltr'>ex</span> <span class='ocrx_word' id='word_1_202' title='bbox 629 2730 686 2777; x_wconf 88' lang='lat' dir='ltr'>tota</span> <span class='ocrx_word' id='word_1_203' title='bbox 710 2738 775 2778; x_wconf 91' lang='lat' dir='ltr'>cum</span> <span class='ocrx_word' id='word_1_204' title='bbox 797 2717 956 2777; x_wconf 89' lang='lat' dir='ltr'>Donatistis</span> <span class='ocrx_word' id='word_1_205' title='bbox 977 2719 1172 2796; x_wconf 88' lang='lat' dir='ltr'>disputatione</span> <span class='ocrx_word' id='word_1_206' title='bbox 1186 2721 1287 2794; x_wconf 88' lang='lat' dir='ltr'>liquet.</span> 
     </span>
     <span class='ocr_line' id='line_1_24' title="bbox 92 2816 1290 2894; baseline 0.001 -18"><span class='ocrx_word' id='word_1_207' title='bbox 92 2819 189 2877; x_wconf 90' lang='lat' dir='ltr'>Utitur</span> <span class='ocrx_word' id='word_1_208' title='bbox 202 2829 295 2876; x_wconf 92' lang='lat' dir='ltr'>autem</span> <span class='ocrx_word' id='word_1_209' title='bbox 310 2817 417 2877; x_wconf 91' lang='lat' dir='ltr'>indicio</span> <span class='ocrx_word' id='word_1_210' title='bbox 432 2817 483 2876; x_wconf 91' lang='lat' dir='ltr'>illo</span> <span class='ocrx_word' id='word_1_211' title='bbox 497 2827 615 2876; x_wconf 84' lang='lat' dir='ltr'>externo</span> <span class='ocrx_word' id='word_1_212' title='bbox 630 2816 824 2894; x_wconf 84' lang='lat' dir='ltr'>cognoscendi</span> <span class='ocrx_word' id='word_1_213' title='bbox 839 2827 933 2875; x_wconf 90' lang='lat' dir='ltr'>utrum</span> <span class='ocrx_word' id='word_1_214' title='bbox 945 2836 1043 2875; x_wconf 89' lang='lat' dir='ltr'>revera</span> <span class='ocrx_word' id='word_1_215' title='bbox 1055 2818 1205 2894; x_wconf 87' lang='lat' dir='ltr'>spirituale</span> <span class='ocrx_word' id='word_1_216' title='bbox 1219 2817 1290 2877; x_wconf 88' lang='lat' dir='ltr'>illud</span> 
     </span>
     <span class='ocr_line' id='line_1_25' title="bbox 89 2912 1288 2990; baseline 0.001 -20"><span class='ocrx_word' id='word_1_217' title='bbox 89 2915 203 2990; x_wconf 90' lang='lat' dir='ltr'>signum</span> <span class='ocrx_word' id='word_1_218' title='bbox 218 2913 301 2971; x_wconf 88' lang='lat' dir='ltr'>suerit</span> <span class='ocrx_word' id='word_1_219' title='bbox 312 2915 412 2972; x_wconf 84' lang='lat' dir='ltr'>animae</span> <span class='ocrx_word' id='word_1_220' title='bbox 432 2915 615 2990; x_wconf 91' lang='lat' dir='ltr'>impressum,</span> <span class='ocrx_word' id='word_1_221' title='bbox 627 2932 715 2987; x_wconf 90' lang='lat' dir='ltr'>quum</span> <span class='ocrx_word' id='word_1_222' title='bbox 731 2914 807 2971; x_wconf 90' lang='lat' dir='ltr'>enim</span> <span class='ocrx_word' id='word_1_223' title='bbox 825 2913 920 2971; x_wconf 89' lang='lat' dir='ltr'>anima</span> <span class='ocrx_word' id='word_1_224' title='bbox 934 2912 1028 2971; x_wconf 89' lang='lat' dir='ltr'>oculis</span> <span class='ocrx_word' id='word_1_225' title='bbox 1042 2930 1100 2971; x_wconf 90' lang='lat' dir='ltr'>non</span> <span class='ocrx_word' id='word_1_226' title='bbox 1115 2924 1223 2990; x_wconf 88' lang='lat' dir='ltr'>pateat,</span> <span class='ocrx_word' id='word_1_227' title='bbox 1238 2932 1288 2971; x_wconf 86' lang='lat' dir='ltr'>ex·</span> 
     </span>
     <span class='ocr_line' id='line_1_26' title="bbox 91 3008 1288 3088; baseline 0.003 -20"><span class='ocrx_word' id='word_1_228' title='bbox 91 3012 178 3069; x_wconf 92' lang='lat' dir='ltr'>ternis</span> <span class='ocrx_word' id='word_1_229' title='bbox 194 3011 307 3069; x_wconf 91' lang='lat' dir='ltr'>indiciis</span> <span class='ocrx_word' id='word_1_230' title='bbox 322 3031 384 3085; x_wconf 86' lang='lat' dir='ltr'>quae</span> <span class='ocrx_word' id='word_1_231' title='bbox 399 3013 425 3070; x_wconf 94' lang='lat' dir='ltr'>ei</span> <span class='ocrx_word' id='word_1_232' title='bbox 441 3012 538 3070; x_wconf 90' lang='lat' dir='ltr'>insunt</span> <span class='ocrx_word' id='word_1_233' title='bbox 551 3010 699 3088; x_wconf 85' lang='lat' dir='ltr'>explorare</span> <span class='ocrx_word' id='word_1_234' title='bbox 722 3020 843 3087; x_wconf 75' lang='lat' dir='ltr'>oportet</span> <span class='ocrx_word' id='word_1_235' title='bbox 884 3008 955 3067; x_wconf 93' lang='lat' dir='ltr'>ldeo</span> <span class='ocrx_word' id='word_1_236' title='bbox 980 3010 1173 3087; x_wconf 84' lang='lat' dir='ltr'>investigabat</span> <span class='ocrx_word' id='word_1_237' title='bbox 1192 3022 1288 3071; x_wconf 87' lang='lat' dir='ltr'>utrum</span> 
     </span>
     <span class='ocr_line' id='line_1_27' title="bbox 89 3105 1289 3184; baseline -0.002 -18"><span class='ocrx_word' id='word_1_238' title='bbox 89 3110 119 3165; x_wconf 90' lang='lat' dir='ltr'>in</span> <span class='ocrx_word' id='word_1_239' title='bbox 134 3108 250 3166; x_wconf 85' lang='lat' dir='ltr'>nomine</span> <span class='ocrx_word' id='word_1_240' title='bbox 265 3108 414 3166; x_wconf 87' lang='lat' dir='ltr'>Trinitatis</span> <span class='ocrx_word' id='word_1_241' title='bbox 428 3107 550 3166; x_wconf 80' lang='lat' dir='ltr'>luissent</span> <span class='ocrx_word' id='word_1_242' title='bbox 562 3107 708 3184; x_wconf 89' lang='lat' dir='ltr'>baptizati,</span> <span class='ocrx_word' id='word_1_243' title='bbox 723 3116 752 3164; x_wconf 93' lang='lat' dir='ltr'>et</span> <span class='ocrx_word' id='word_1_244' title='bbox 772 3125 802 3164; x_wconf 93' lang='lat' dir='ltr'>re</span> <span class='ocrx_word' id='word_1_245' title='bbox 823 3116 969 3183; x_wconf 87' lang='lat' dir='ltr'>comperta</span> <span class='ocrx_word' id='word_1_246' title='bbox 989 3124 1041 3183; x_wconf 92' lang='lat' dir='ltr'>pro</span> <span class='ocrx_word' id='word_1_247' title='bbox 1063 3117 1141 3164; x_wconf 91' lang='lat' dir='ltr'>certo</span> <span class='ocrx_word' id='word_1_248' title='bbox 1163 3105 1289 3166; x_wconf 86' lang='lat' dir='ltr'>habebat</span> 
     </span>
     <span class='ocr_line' id='line_1_28' title="bbox 89 3202 1284 3280; baseline 0.001 -17"><span class='ocrx_word' id='word_1_249' title='bbox 89 3206 279 3263; x_wconf 86' lang='lat' dir='ltr'>characterem</span> <span class='ocrx_word' id='word_1_250' title='bbox 294 3205 382 3262; x_wconf 85' lang='lat' dir='ltr'>luisse</span> <span class='ocrx_word' id='word_1_251' title='bbox 399 3205 582 3280; x_wconf 89' lang='lat' dir='ltr'>impressum.</span> <span class='ocrx_word' id='word_1_252' title='bbox 624 3203 688 3260; x_wconf 85' lang='lat' dir='ltr'>Nec</span> <span class='ocrx_word' id='word_1_253' title='bbox 703 3203 775 3261; x_wconf 88' lang='lat' dir='ltr'>inter</span> <span class='ocrx_word' id='word_1_254' title='bbox 795 3203 986 3261; x_wconf 85' lang='lat' dir='ltr'>characterem</span> <span class='ocrx_word' id='word_1_255' title='bbox 1000 3202 1082 3261; x_wconf 88' lang='lat' dir='ltr'>illurn</span> <span class='ocrx_word' id='word_1_256' title='bbox 1104 3212 1133 3261; x_wconf 90' lang='lat' dir='ltr'>et</span> <span class='ocrx_word' id='word_1_257' title='bbox 1154 3203 1246 3263; x_wconf 89' lang='lat' dir='ltr'>alium</span> <span class='ocrx_word' id='word_1_258' title='bbox 1268 3224 1284 3263; x_wconf 88' lang='lat' dir='ltr'>a</span> 
     </span>
     <span class='ocr_line' id='line_1_29' title="bbox 90 3298 1290 3378; baseline -0.001 -17"><span class='ocrx_word' id='word_1_259' title='bbox 90 3301 205 3361; x_wconf 90' lang='lat' dir='ltr'>Donato</span> <span class='ocrx_word' id='word_1_260' title='bbox 218 3300 440 3378; x_wconf 88' lang='lat' dir='ltr'>imprimendum</span> <span class='ocrx_word' id='word_1_261' title='bbox 454 3300 694 3375; x_wconf 88' lang='lat' dir='ltr'>comparationem</span> <span class='ocrx_word' id='word_1_262' title='bbox 716 3299 846 3366; x_wconf 89' lang='lat' dir='ltr'>instituit,</span> <span class='ocrx_word' id='word_1_263' title='bbox 861 3298 933 3358; x_wconf 88' lang='lat' dir='ltr'>adeo</span> <span class='ocrx_word' id='word_1_264' title='bbox 956 3310 987 3358; x_wconf 91' lang='lat' dir='ltr'>ut</span> <span class='ocrx_word' id='word_1_265' title='bbox 1006 3319 1095 3359; x_wconf 91' lang='lat' dir='ltr'>unum</span> <span class='ocrx_word' id='word_1_266' title='bbox 1117 3301 1290 3360; x_wconf 78' lang='grc'><strong>1111111111-</strong></span> 
     </span>
     <span class='ocr_line' id='line_1_30' title="bbox 90 3396 1290 3482; baseline 0.002 -26"><span class='ocrx_word' id='word_1_267' title='bbox 90 3413 168 3470; x_wconf 88' lang='lat' dir='ltr'>quet,</span> <span class='ocrx_word' id='word_1_268' title='bbox 181 3399 257 3472; x_wconf 90' lang='lat' dir='ltr'>quod</span> <span class='ocrx_word' id='word_1_269' title='bbox 272 3399 393 3475; x_wconf 91' lang='lat' dir='ltr'>impium</span> <span class='ocrx_word' id='word_1_270' title='bbox 407 3407 436 3456; x_wconf 94' lang='lat' dir='ltr'>et</span> <span class='ocrx_word' id='word_1_271' title='bbox 450 3396 603 3457; x_wconf 86' lang='lat' dir='ltr'>absurdum</span> <span class='ocrx_word' id='word_1_272' title='bbox 617 3397 709 3464; x_wconf 85' lang='lat' dir='ltr'>soret;</span> <span class='ocrx_word' id='word_1_273' title='bbox 731 3396 782 3454; x_wconf 88' lang='lat' dir='ltr'>sed</span> <span class='ocrx_word' id='word_1_274' title='bbox 797 3406 905 3456; x_wconf 89' lang='lat' dir='ltr'>tantum</span> <span class='ocrx_word' id='word_1_275' title='bbox 921 3407 952 3456; x_wconf 90' lang='lat' dir='ltr'>ut</span> <span class='ocrx_word' id='word_1_276' title='bbox 965 3397 1096 3456; x_wconf 89' lang='lat' dir='ltr'>ostendat</span> <span class='ocrx_word' id='word_1_277' title='bbox 1110 3398 1208 3456; x_wconf 83' lang='lat' dir='ltr'>valere</span> <span class='ocrx_word' id='word_1_278' title='bbox 1220 3400 1290 3482; x_wconf 89' lang='lat' dir='ltr'>bap·</span> 
     </span>
     <span class='ocr_line' id='line_1_31' title="bbox 92 3495 1288 3576; baseline 0.006 -25"><span class='ocrx_word' id='word_1_279' title='bbox 92 3497 207 3555; x_wconf 85' lang='lat' dir='ltr'>rismum</span> <span class='ocrx_word' id='word_1_280' title='bbox 222 3518 239 3555; x_wconf 90' lang='lat' dir='ltr'>a</span> <span class='ocrx_word' id='word_1_281' title='bbox 252 3496 368 3556; x_wconf 87' lang='lat' dir='ltr'>Donato</span> <span class='ocrx_word' id='word_1_282' title='bbox 387 3495 531 3564; x_wconf 89' lang='lat' dir='ltr'>collatum,</span> <span class='ocrx_word' id='word_1_283' title='bbox 547 3495 744 3554; x_wconf 88' lang='lat' dir='ltr'>animadvertit</span> <span class='ocrx_word' id='word_1_284' title='bbox 765 3513 830 3553; x_wconf 89' lang='lat' dir='ltr'>eum</span> <span class='ocrx_word' id='word_1_285' title='bbox 855 3497 885 3555; x_wconf 91' lang='lat' dir='ltr'>in</span> <span class='ocrx_word' id='word_1_286' title='bbox 901 3495 960 3554; x_wconf 65' lang='lat' dir='ltr'>&#39;suo</span> <span class='ocrx_word' id='word_1_287' title='bbox 981 3497 1099 3554; x_wconf 91' lang='lat' dir='ltr'>nomine</span> <span class='ocrx_word' id='word_1_288' title='bbox 1120 3514 1179 3555; x_wconf 89' lang='lat' dir='ltr'>non</span> <span class='ocrx_word' id='word_1_289' title='bbox 1194 3499 1288 3576; x_wconf 90' lang='lat' dir='ltr'>bapti·</span> 
     </span>
     <span class='ocr_line' id='line_1_32' title="bbox 93 3588 1291 3670; baseline 0.003 -19"><span class='ocrx_word' id='word_1_290' title='bbox 93 3610 185 3659; x_wconf 87' lang='lat' dir='ltr'>zasse,</span> <span class='ocrx_word' id='word_1_291' title='bbox 200 3592 321 3667; x_wconf 90' lang='lat' dir='ltr'>ideoque</span> <span class='ocrx_word' id='word_1_292' title='bbox 342 3588 400 3652; x_wconf 84' lang='lat' dir='ltr'>non</span> <span class='ocrx_word' id='word_1_293' title='bbox 414 3612 498 3653; x_wconf 87' lang='lat' dir='ltr'>suurn</span> <span class='ocrx_word' id='word_1_294' title='bbox 513 3592 562 3653; x_wconf 87' lang='lat' dir='ltr'>sed</span> <span class='ocrx_word' id='word_1_295' title='bbox 578 3591 687 3652; x_wconf 81' lang='lat' dir='ltr'>Christi</span> <span class='ocrx_word' id='word_1_296' title='bbox 701 3593 891 3652; x_wconf 88' lang='lat' dir='ltr'>characterem</span> <span class='ocrx_word' id='word_1_297' title='bbox 907 3593 1101 3670; x_wconf 87' lang='lat' dir='ltr'>impressisse.</span> <span class='ocrx_word' id='word_1_298' title='bbox 1144 3594 1178 3652; x_wconf 85' lang='lat' dir='ltr'>Si</span> <span class='ocrx_word' id='word_1_299' title='bbox 1195 3606 1291 3655; x_wconf 87' lang='lat' dir='ltr'>autem</span> 
     </span>
     <span class='ocr_line' id='line_1_33' title="bbox 90 3688 1291 3768; baseline 0.006 -22"><span class='ocrx_word' id='word_1_300' title='bbox 90 3707 144 3768; x_wconf 83' lang='lat' dir='ltr'>prr</span> <span class='ocrx_word' id='word_1_301' title='bbox 156 3688 345 3767; x_wconf 77' lang='lat' dir='ltr'>impossibile,</span> <span class='ocrx_word' id='word_1_302' title='bbox 360 3700 391 3750; x_wconf 90' lang='lat' dir='ltr'>ut</span> <span class='ocrx_word' id='word_1_303' title='bbox 405 3691 482 3750; x_wconf 87' lang='lat' dir='ltr'>aiunt</span> <span class='ocrx_word' id='word_1_304' title='bbox 495 3710 548 3750; x_wconf 87' lang='lat' dir='ltr'>suo</span> <span class='ocrx_word' id='word_1_305' title='bbox 561 3691 678 3751; x_wconf 84' lang='lat' dir='ltr'>nomine</span> <span class='ocrx_word' id='word_1_306' title='bbox 692 3691 841 3768; x_wconf 90' lang='lat' dir='ltr'>baptizans</span> <span class='ocrx_word' id='word_1_307' title='bbox 857 3711 940 3751; x_wconf 84' lang='lat' dir='ltr'>suum</span> <span class='ocrx_word' id='word_1_308' title='bbox 962 3690 1162 3768; x_wconf 82' lang='lat' dir='ltr'>impressisset</span> <span class='ocrx_word' id='word_1_309' title='bbox 1175 3692 1291 3753; x_wconf 86' lang='lat' dir='ltr'>charae·</span> 
     </span>
    </p>
   </div>
   <div class='ocr_carea' id='block_1_5' title="bbox 497 4014 1034 4589">
    <p class='ocr_par' dir='ltr' id='par_1_7' title="bbox 550 4014 725 4064">
     <span class='ocr_line' id='line_1_34' title="bbox 550 4014 725 4064; baseline -0.006 0"><span class='ocrx_word' id='word_1_310' title='bbox 550 4014 638 4064; x_wconf 79' lang='lat' dir='ltr'>Prei&#39;</span> <span class='ocrx_word' id='word_1_311' title='bbox 631 4030 658 4064; x_wconf 89' lang='lat' dir='ltr'>m</span> <span class='ocrx_word' id='word_1_312' title='bbox 669 4015 725 4064; x_wconf 83' lang='lat' dir='ltr'>Cat.</span> 
     </span>
    </p>

    <p class='ocr_par' dir='ltr' id='par_1_8' title="bbox 549 4098 835 4165">
     <span class='ocr_line' id='line_1_35' title="bbox 549 4098 835 4165; baseline -0.003 -16"><span class='ocrx_word' id='word_1_313' title='bbox 549 4098 583 4150; x_wconf 87' lang='lat' dir='ltr'>L.</span> <span class='ocrx_word' id='word_1_314' title='bbox 593 4100 606 4148; x_wconf 91' lang='lat'>1</span> <span class='ocrx_word' id='word_1_315' title='bbox 619 4099 649 4150; x_wconf 87' lang='lat' dir='ltr'>de</span> <span class='ocrx_word' id='word_1_316' title='bbox 660 4099 725 4165; x_wconf 81' lang='lat' dir='ltr'>Spir.</span> <span class='ocrx_word' id='word_1_317' title='bbox 736 4115 756 4150; x_wconf 88' lang='lat' dir='ltr'>s.</span> <span class='ocrx_word' id='word_1_318' title='bbox 770 4114 792 4148; x_wconf 83' lang='lat' dir='ltr'>c.</span> <span class='ocrx_word' id='word_1_319' title='bbox 803 4098 835 4148; x_wconf 81' lang='grc'>11</span> 
     </span>
    </p>

    <p class='ocr_par' dir='ltr' id='par_1_9' title="bbox 549 4183 940 4250">
     <span class='ocr_line' id='line_1_36' title="bbox 549 4183 940 4250; baseline -0.005 -16"><span class='ocrx_word' id='word_1_320' title='bbox 549 4183 630 4235; x_wconf 71' lang='grc'><strong>’11111</strong></span> <span class='ocrx_word' id='word_1_321' title='bbox 640 4185 671 4234; x_wconf 88' lang='lat' dir='ltr'>de</span> <span class='ocrx_word' id='word_1_322' title='bbox 681 4184 751 4250; x_wconf 87' lang='lat' dir='ltr'>Bapt.</span> <span class='ocrx_word' id='word_1_323' title='bbox 763 4200 785 4234; x_wconf 94' lang='lat' dir='ltr'>c.</span> <span class='ocrx_word' id='word_1_324' title='bbox 794 4183 834 4234; x_wconf 80' lang='grc'>111</span> <span class='ocrx_word' id='word_1_325' title='bbox 846 4199 871 4235; x_wconf 88' lang='lat' dir='ltr'>n.</span> <span class='ocrx_word' id='word_1_326' title='bbox 885 4185 940 4235; x_wconf 85' lang='grc'><strong>187.</strong></span> 
     </span>
    </p>

    <p class='ocr_par' dir='ltr' id='par_1_10' title="bbox 550 4271 728 4336">
     <span class='ocr_line' id='line_1_37' title="bbox 550 4271 728 4336; baseline 0 -15"><span class='ocrx_word' id='word_1_327' title='bbox 550 4271 612 4336; x_wconf 81' lang='lat' dir='ltr'>Gap.</span> <span class='ocrx_word' id='word_1_328' title='bbox 623 4271 728 4321; x_wconf 81' lang='lat' dir='ltr'>xxxviii.</span> 
     </span>
    </p>

    <p class='ocr_par' dir='ltr' id='par_1_11' title="bbox 497 4349 1034 4505">
     <span class='ocr_line' id='line_1_38' title="bbox 497 4349 1034 4419; baseline -0.012 -15.401"><span class='ocrx_word' id='word_1_329' title='bbox 497 4354 575 4404; x_wconf 88' lang='lat' dir='ltr'>6.L</span> <span class='ocrx_word' id='word_1_330' title='bbox 588 4354 622 4404; x_wconf 92' lang='lat' dir='ltr'>ll.</span> <span class='ocrx_word' id='word_1_331' title='bbox 633 4355 663 4404; x_wconf 88' lang='lat' dir='ltr'>de</span> <span class='ocrx_word' id='word_1_332' title='bbox 673 4355 748 4419; x_wconf 82' lang='lat' dir='ltr'>Bapt.</span> <span class='ocrx_word' id='word_1_333' title='bbox 756 4361 840 4405; x_wconf 87' lang='lat' dir='ltr'>contra</span> <span class='ocrx_word' id='word_1_334' title='bbox 851 4354 941 4405; x_wconf 86' lang='lat' dir='ltr'>Donat.</span> <span class='ocrx_word' id='word_1_335' title='bbox 953 4367 974 4402; x_wconf 90' lang='lat' dir='ltr'>c.</span> <span class='ocrx_word' id='word_1_336' title='bbox 985 4349 1034 4400; x_wconf 86' lang='lat' dir='ltr'>xiv.</span> 
     </span>
     <span class='ocr_line' id='line_1_39' title="bbox 498 4439 821 4505; baseline 0 -16"><span class='ocrx_word' id='word_1_337' title='bbox 498 4439 592 4505; x_wconf 81' lang='lat' dir='ltr'>7Ep.</span> <span class='ocrx_word' id='word_1_338' title='bbox 601 4439 653 4489; x_wconf 86' lang='lat' dir='ltr'>xiii.</span> <span class='ocrx_word' id='word_1_339' title='bbox 665 4439 696 4489; x_wconf 81' lang='lat' dir='ltr'>ud</span> <span class='ocrx_word' id='word_1_340' title='bbox 708 4439 821 4489; x_wconf 83' lang='lat' dir='ltr'>Bonifac.</span> 
     </span>
    </p>

    <p class='ocr_par' dir='ltr' id='par_1_12' title="bbox 499 4521 871 4589">
     <span class='ocr_line' id='line_1_40' title="bbox 499 4521 871 4589; baseline 0.003 -16.144"><span class='ocrx_word' id='word_1_341' title='bbox 499 4525 622 4574; x_wconf 86' lang='grc'><strong>8811111.</strong></span> <span class='ocrx_word' id='word_1_342' title='bbox 636 4523 666 4573; x_wconf 83' lang='lat' dir='ltr'>sd</span> <span class='ocrx_word' id='word_1_343' title='bbox 674 4525 770 4589; x_wconf 89' lang='lat' dir='ltr'>plebem</span> <span class='ocrx_word' id='word_1_344' title='bbox 781 4521 871 4574; x_wconf 75' lang='lat' dir='ltr'>casn.</span> 
     </span>
    </p>
   </div>
   <div class='ocr_carea' id='block_1_6' title="bbox 0 0 1404 5092">
    <p class='ocr_par' dir='ltr' id='par_1_13' title="bbox 0 0 1404 5092">
     <span class='ocr_line' id='line_1_41' title="bbox 0 0 1404 5092; baseline 0 2"><span class='ocrx_word' id='word_1_345' title='bbox 0 0 1404 5092; x_wconf 95' lang='lat' dir='ltr'> </span> 
     </span>
    </p>
   </div>
  </div>
 </body>
</html>
