2798 5092
624 408 769 468 INDEX.

255 569 279 626 §-
290 565 310 617 1.
328 563 366 615 De
377 564 504 615 celibatu·
514 565 660 630 antiquitate
705 593 1159 606 ·····
1258 570 1290 616 71

255 650 399 716 Propositio.
416 650 562 715 Numquam
571 652 640 702 licuit
655 653 749 703 clericis
759 653 802 717 qui
814 652 888 703 sacria
899 652 1025 704 ordinibus
1036 652 1147 716 insigniti
1158 659 1227 702 erant

420 736 604 788 matrimonium
615 737 677 788 inire
707 765 1156 782 ·····
1258 742 1293 786 72

256 821 412 888 Objectioncs
424 823 555 874 solvuntur
603 850 614 862 ·
699 824 724 862 '-
823 850 833 863 ·
889 822 893 827 ’
932 851 942 864 -
1039 850 1050 865 ·
1149 850 1160 862 ·
1259 826 1294 872 73

206 900 216 915 ’
257 908 445 959 Animadversio
490 935 1159 950 ·······
1260 910 1295 957 76

257 995 402 1061 Propositio.
436 995 573 1045 Goelibetus
579 997 619 1045 lex
631 1011 681 1060 qua
691 996 766 1045 sacris
777 996 903 1046 ordinibus
914 995 1026 1058 insigniti
1036 995 1229 1058 adstringuntur,

420 1083 530 1149 conjugii
541 1098 590 1133 usu
605 1082 734 1133 interdicto
745 1083 821 1133 etiam
831 1083 862 1133 iis
873 1084 916 1149 qui
928 1084 1050 1134 duxerant
1060 1090 1117 1134 ante
1128 1083 1224 1133 ordina·

422 1167 514 1217 tionem
526 1183 626 1227 uxores,
637 1167 807 1232 antiquissima
817 1176 855 1219 est
932 1195 942 1209 ·
1044 1191 1053 1208 ·
1150 1200 1160 1212 .
1259 1168 1294 1215 76

258 1252 378 1304 Probatur
388 1253 409 1303 1.
421 1253 571 1304 Pontificum
582 1253 724 1304 auctoritate
823 1281 833 1293 ·
933 1280 943 1294 ·
1044 1286 1053 1298 .
1150 1279 1161 1293 ·
1260 1254 1294 1300 76

257 1338 377 1390 Probatur
388 1340 423 1391 ll.
439 1339 608 1389 Conciliorum
618 1339 722 1389 decretis
820 1366 831 1379 ·
931 1369 941 1383 ·
1041 1365 1051 1379 ·
1151 1364 1161 1377 ·
1260 1340 1295 1387 77

173 1432 176 1445 “
262 1425 382 1477 Probatur
391 1425 436 1476 Ill.
454 1427 555 1476 Petrum
567 1426 713 1476 testimoniis
824 1453 834 1465 ·
934 1453 944 1466 -
1044 1453 1054 1466 ·
1152 1451 1162 1463 ·
1261 1427 1295 1473 78

263 1512 421 1578 Objectioues
433 1513 563 1562 solvuntur
604 1535 1159 1552 ······
1260 1512 1295 1558 78

258 1600 281 1656 ς.
293 1595 325 1645 11.
342 1595 381 1645 De
392 1596 518 1646 coelibatus
528 1594 674 1646 excellentia
712 1619 1161 1634 ·····
1260 1594 1296 1641 84

258 1680 402 1745 Propositio.
435 1680 527 1730 Melius
537 1687 575 1730 est
586 1694 615 1729 ac
625 1678 720 1729 beatius
737 1694 835 1729 manere
858 1679 885 1730 in
902 1678 1049 1741 virginitate,
1066 1694 1141 1743 quam
1155 1676 1229 1744 jungi

422 1765 578 1815 matrimonio
601 1789 1160 1806 ......
1260 1763 1294 1810 85

259 1849 416 1916 objectiones
427 1852 556 1901 solvuntur
604 1873 1162 1890 ······
1261 1850 1296 1895 87

223 1937 248 1994 ς,
259 1933 305 1984 Ill.
323 1933 362 1983 De
373 1934 499 1985 cmlibatns
510 1934 683 1985 convenientia
711 1958 1161 1973 ·····
1260 1933 1294 1980 89

259 2021 404 2087 Propositio.
438 2021 656 2072 Sanctissimae
674 2022 801 2072 coelibatus
822 2021 952 2088 disciplina
973 2027 999 2071 et
1014 2020 1088 2070 sacris
1105 2018 1230 2069 ordinibus

423 2108 531 2158 maxime
542 2107 692 2157 conveniens
710 2130 1160 2148 ·····
1260 2104 1295 2150 89

259 2190 416 2256 objectiones
427 2192 558 2241 olvuntur
602 2212 1161 2230 ······
1261 2189 1296 2234 92

126 2274 245 2326 mxlll.
262 2274 302 2324 De
311 2275 445 2326 Mulierum
457 2276 610 2327 ordinatione

261 2358 406 2423 Propoeitio.
440 2359 559 2410 Mulieres
576 2360 660 2409 divino
667 2359 898 2425 jureexcluduntur
914 2360 945 2409 ab
964 2358 1090 2410 ordinibus
1106 2359 1190 2419 morie,
1201 2365 1226 2408 et

423 2446 493 2495 omni
509 2446 571 2496 sacri
582 2446 710 2497 ministerii
720 2463 823 2497 munere
932 2472 943 2484 ·
1041 2472 1053 2484 ·
1151 2471 1161 2483 ·
1262 2447 1297 2493 95

261 2528 417 2595 objectiones
428 2531 557 2582 solvuntur
606 2557 1163 2574 ......

126 2614 150 2665 G
167 2616 239 2668 XIV.
257 2616 296 2666 De
309 2615 477 2666 Ordinationis
488 2616 613 2668 effectibus

514 2887 770 2948 TRACTATUS
792 2890 875 2948 XVI.

538 3060 585 3111 DE
606 3059 844 3110 MATRIMONIO.

179 3208 210 3261 Ο.
222 3204 243 3258 l.
261 3206 300 3258 De
310 3205 438 3256 honestate
449 3206 598 3256 matrimonii

262 3291 406 3357 Propositio.
440 3291 628 3342 Matrimonium
639 3297 676 3341 sat
683 3292 714 3342 de
725 3291 854 3342 solicitum
865 3298 890 3343 et
903 3290 1035 3343 honestum

263 3375 420 3442 Objeotionee
431 3376 560 3426 solvuntur
607 3402 1165 3418 ······
1249 3380 1300 3427 103

164 3462 195 3512 Ο.
211 3463 244 3514 11.
261 3462 300 3513 De
312 3461 469 3510 Sacramenta
496 3486 507 3499 ·
607 3494 617 3506 .
714 3488 725 3500 ·
825 3486 836 3499 ·
847 3512 851 3517 ,
935 3487 946 3500 ·
1045 3488 1056 3503 -
1153 3489 1164 3503 -
1250 3468 1300 3517 106

262 3545 407 3614 Propositio.
441 3545 628 3619 Matrimonium
639 3553 677 3596 eet
687 3562 743 3596 vere
754 3552 780 3597 et
789 3546 886 3612 proprie
897 3562 967 3598 nove
978 3548 1040 3612 legia
1052 3557 1232 3602 sememontum

425 3632 551 3684 aOhristo
562 3634 703 3686 institutum
713 3659 1163 3679 ·····
1249 3641 1299 3689 100

263 3719 421 3786 Objectiones
432 3720 562 3771 solvuntur
602 3747 1165 3765 ······
1249 3725 1298 3774 108

151 3805 241 3858 (nm.
261 3805 464 3857 DeSacramenti
474 3806 568 3858 ratione
606 3833 1164 3850 ······
1249 3813 1297 3860 111

147 3892 179 3944 0.
196 3893 242 3945 IV.
260 3892 455 3944 Deconsensu·
494 3921 507 3949 ,-
607 3920 1167 3937 ······
1249 3897 1299 3946 114

158 3978 189 4030 0.
206 3980 240 4030 V.
257 3978 296 4030 De
306 3977 401 4029 unitate
412 3978 562 4029 matrimonii
606 4007 1164 4021 ······
1248 3984 1299 4034 117

148 4065 179 4115 0.
190 4065 235 4118 Vl.
252 4064 292 4115 De
300 4063 400 4113 vinculo
411 4063 562 4113 matrimonii
605 4089 1165 4108 ······
1249 4069 1300 4117 120

261 4153 286 4210 ς.
296 4148 316 4198 1.
333 4147 372 4197 De
382 4148 408 4198 vi
419 4148 513 4199 vinculi
1249 4154 1299 4202 120

260 4233 406 4300 Propositio.
440 4235 626 4285 Matrimonium
637 4241 837 4285 consummatum
848 4233 959 4285 fidelium
977 4237 1048 4287 nulla
1063 4252 1181 4302 umquam
1201 4238 1231 4288 de

426 4334 508 4381 causa,
519 4336 552 4371 ne
563 4320 675 4371 adulterii
686 4319 794 4384 quidem,
805 4319 905 4369 dissolvi
916 4327 997 4385 potest
1006 4322 1087 4386 quoad
1098 4322 1225 4373 vinculum
1250 4325 1298 4371 121

261 4402 419 4469 objectiones
429 4405 560 4457 solvuntur
559 4430 1164 4466 ·······
1250 4410 1300 4456 123

262 4488 451 4541 Animadversio
496 4516 1164 4531 ·······
1250 4495 1299 4542 126

262 4579 287 4636 ς.
298 4575 335 4627 11.
369 4577 408 4627 De
424 4579 546 4630 solutione
555 4578 648 4628 vinculi

263 4665 287 4722 ς.
299 4661 346 4712 Ill.
373 4661 411 4714 De
422 4663 526 4714 divortio
537 4664 601 4713 thori

147 4740 178 4793 0·
190 4742 250 4798 Vll.
267 4745 307 4797 De
317 4747 502 4815 inpedimentis
512 4746 662 4799 matrimonii
716 4770 1164 4786 ·····
