<?xml version="1.0" encoding="UTF-8"?>
<!DOCTYPE html PUBLIC "-//W3C//DTD XHTML 1.0 Transitional//EN"
    "http://www.w3.org/TR/xhtml1/DTD/xhtml1-transitional.dtd">
<html xmlns="http://www.w3.org/1999/xhtml" xml:lang="en" lang="en">
 <head>
  <title>
</title>
<meta http-equiv="Content-Type" content="text/html;charset=utf-8" />
  <meta name='ocr-system' content='tesseract 3.04.00' />
  <meta name='ocr-capabilities' content='ocr_page ocr_carea ocr_par ocr_line ocrx_word'/>
</head>
<body>
  <div class='ocr_page' id='page_1' title='image "./theologidogmati02kenrgoog_0029.png"; bbox 0 0 2798 5092; ppageno 0'>
   <div class='ocr_carea' id='block_1_1' title="bbox 91 343 854 407">
    <p class='ocr_par' dir='ltr' id='par_1_1' title="bbox 91 343 854 407">
     <span class='ocr_line' id='line_1_1' title="bbox 91 343 854 407; baseline 0 0"><span class='ocrx_word' id='word_1_1' title='bbox 91 350 132 407; x_wconf 77' lang='grc'><strong>33</strong></span> <span class='ocrx_word' id='word_1_2' title='bbox 497 344 553 405; x_wconf 82' lang='lat' dir='ltr'><strong>Du</strong></span> <span class='ocrx_word' id='word_1_3' title='bbox 575 343 854 407; x_wconf 68' lang='lat' dir='ltr'><strong>sacuuuorlo.</strong></span> 
     </span>
    </p>
   </div>
   <div class='ocr_carea' id='block_1_2' title="bbox 26 502 1359 3782">
    <p class='ocr_par' dir='ltr' id='par_1_2' title="bbox 92 502 1295 1166">
     <span class='ocr_line' id='line_1_2' title="bbox 93 502 1292 585; baseline 0.001 -20"><span class='ocrx_word' id='word_1_4' title='bbox 93 514 150 565; x_wconf 87' lang='lat' dir='ltr'><strong>tate</strong></span> <span class='ocrx_word' id='word_1_5' title='bbox 162 503 325 584; x_wconf 80' lang='lat' dir='ltr'><strong>preditum,</strong></span> <span class='ocrx_word' id='word_1_6' title='bbox 339 522 376 563; x_wconf 85' lang='lat' dir='ltr'><strong>ex</strong></span> <span class='ocrx_word' id='word_1_7' title='bbox 391 502 518 562; x_wconf 87' lang='lat' dir='ltr'><strong>adductis</strong></span> <span class='ocrx_word' id='word_1_8' title='bbox 534 502 644 563; x_wconf 80' lang='lat' dir='ltr'><strong>Christi</strong></span> <span class='ocrx_word' id='word_1_9' title='bbox 658 504 778 564; x_wconf 88' lang='lat' dir='ltr'>Domini</span> <span class='ocrx_word' id='word_1_10' title='bbox 791 504 887 564; x_wconf 82' lang='lat' dir='ltr'><strong>verbis</strong></span> <span class='ocrx_word' id='word_1_11' title='bbox 909 515 1030 565; x_wconf 86' lang='lat' dir='ltr'><strong>constat.</strong></span> <span class='ocrx_word' id='word_1_12' title='bbox 1073 506 1181 566; x_wconf 79' lang='lat' dir='ltr'><strong>Merito</strong></span> <span class='ocrx_word' id='word_1_13' title='bbox 1205 507 1292 585; x_wconf 88' lang='lat' dir='ltr'><strong>igitur</strong></span> 
     </span>
     <span class='ocr_line' id='line_1_3' title="bbox 94 599 1291 680; baseline 0.001 -19"><span class='ocrx_word' id='word_1_14' title='bbox 94 601 203 662; x_wconf 89' lang='lat' dir='ltr'><strong>Paulus</strong></span> <span class='ocrx_word' id='word_1_15' title='bbox 217 619 249 660; x_wconf 89' lang='lat' dir='ltr'><strong>se</strong></span> <span class='ocrx_word' id='word_1_16' title='bbox 264 618 391 675; x_wconf 89' lang='lat' dir='ltr'><strong>suosque</strong></span> <span class='ocrx_word' id='word_1_17' title='bbox 406 600 530 679; x_wconf 86' lang='lat' dir='ltr'><strong>collegas</strong></span> <span class='ocrx_word' id='word_1_18' title='bbox 543 599 651 659; x_wconf 85' lang='lat' dir='ltr'><strong>Christi</strong></span> <span class='ocrx_word' id='word_1_19' title='bbox 663 601 809 660; x_wconf 90' lang='lat' dir='ltr'><strong>ministros</strong></span> <span class='ocrx_word' id='word_1_20' title='bbox 823 610 852 660; x_wconf 86' lang='lat' dir='ltr'><strong>et</strong></span> <span class='ocrx_word' id='word_1_21' title='bbox 863 601 1074 678; x_wconf 85' lang='lat' dir='ltr'><strong>dispensatores</strong></span> <span class='ocrx_word' id='word_1_22' title='bbox 1088 603 1291 680; x_wconf 78' lang='lat' dir='ltr'><strong>mysteriorum</strong></span> 
     </span>
     <span class='ocr_line' id='line_1_4' title="bbox 93 697 1295 777; baseline 0.001 -20"><span class='ocrx_word' id='word_1_23' title='bbox 93 697 258 757; x_wconf 79' lang='lat' dir='ltr'><strong>divinorum</strong></span> <span class='ocrx_word' id='word_1_24' title='bbox 272 698 421 766; x_wconf 82' lang='lat' dir='ltr'><strong>exhibuit3</strong></span> <span class='ocrx_word' id='word_1_25' title='bbox 444 708 596 776; x_wconf 86' lang='lat' dir='ltr'><strong>postquam</strong></span> <span class='ocrx_word' id='word_1_26' title='bbox 618 699 741 757; x_wconf 91' lang='lat' dir='ltr'><strong>enimin</strong></span> <span class='ocrx_word' id='word_1_27' title='bbox 761 697 853 757; x_wconf 89' lang='lat' dir='ltr'><strong>studia</strong></span> <span class='ocrx_word' id='word_1_28' title='bbox 872 716 971 757; x_wconf 89' lang='lat' dir='ltr'><strong>eorum</strong></span> <span class='ocrx_word' id='word_1_29' title='bbox 987 699 1036 773; x_wconf 90' lang='lat' dir='ltr'><strong>qui</strong></span> <span class='ocrx_word' id='word_1_30' title='bbox 1057 717 1099 768; x_wconf 87' lang='lat' dir='ltr'><strong>se,</strong></span> <span class='ocrx_word' id='word_1_31' title='bbox 1114 701 1230 777; x_wconf 77' lang='lat' dir='ltr'>Apollo,</span> <span class='ocrx_word' id='word_1_32' title='bbox 1246 708 1295 759; x_wconf 86' lang='lat' dir='ltr'><strong>aut</strong></span> 
     </span>
     <span class='ocr_line' id='line_1_5' title="bbox 95 794 1294 874; baseline 0.001 -20"><span class='ocrx_word' id='word_1_33' title='bbox 95 794 199 873; x_wconf 80' lang='lat' dir='ltr'>Cepha</span> <span class='ocrx_word' id='word_1_34' title='bbox 211 795 563 874; x_wconf 85' lang='lat' dir='ltr'><strong>magistrisgloriabautur,</strong></span> <span class='ocrx_word' id='word_1_35' title='bbox 574 796 702 854; x_wconf 85' lang='lat' dir='ltr'><strong>invectus</strong></span> <span class='ocrx_word' id='word_1_36' title='bbox 717 795 828 864; x_wconf 89' lang='lat' dir='ltr'><strong>fuisset,</strong></span> <span class='ocrx_word' id='word_1_37' title='bbox 843 813 960 854; x_wconf 90' lang='lat' dir='ltr'><strong>omnem</strong></span> <span class='ocrx_word' id='word_1_38' title='bbox 972 795 1137 874; x_wconf 89' lang='lat' dir='ltr'><strong>hujusmodi</strong></span> <span class='ocrx_word' id='word_1_39' title='bbox 1149 796 1294 856; x_wconf 89' lang='lat' dir='ltr'><strong>consider·</strong></span> 
     </span>
     <span class='ocr_line' id='line_1_6' title="bbox 92 892 1293 970; baseline 0.001 -17"><span class='ocrx_word' id='word_1_40' title='bbox 92 895 227 962; x_wconf 86' lang='lat' dir='ltr'><strong>ationem,</strong></span> <span class='ocrx_word' id='word_1_41' title='bbox 242 911 305 967; x_wconf 83' lang='lat' dir='ltr'><strong>quae</strong></span> <span class='ocrx_word' id='word_1_42' title='bbox 320 892 450 970; x_wconf 90' lang='lat' dir='ltr'><strong>singulos</strong></span> <span class='ocrx_word' id='word_1_43' title='bbox 465 893 645 970; x_wconf 75' lang='lat' dir='ltr'>respiciebat,</span> <span class='ocrx_word' id='word_1_44' title='bbox 660 893 753 952; x_wconf 85' lang='lat' dir='ltr'><strong>altiori</strong></span> <span class='ocrx_word' id='word_1_45' title='bbox 777 893 929 951; x_wconf 90' lang='lat' dir='ltr'><strong>ministerii</strong></span> <span class='ocrx_word' id='word_1_46' title='bbox 945 894 1047 953; x_wconf 89' lang='lat' dir='ltr'><strong>rationi</strong></span> <span class='ocrx_word' id='word_1_47' title='bbox 1062 894 1164 953; x_wconf 81' lang='lat' dir='ltr'><strong>cedere</strong></span> <span class='ocrx_word' id='word_1_48' title='bbox 1188 894 1293 954; x_wconf 90' lang='lat' dir='ltr'><strong>debere</strong></span> 
     </span>
     <span class='ocr_line' id='line_1_7' title="bbox 98 988 1293 1069; baseline 0 -19"><span class='ocrx_word' id='word_1_49' title='bbox 98 991 226 1050; x_wconf 87' lang='lat' dir='ltr'><strong>monuit:</strong></span> <span class='ocrx_word' id='word_1_50' title='bbox 250 989 331 1048; x_wconf 86' lang='lat' dir='ltr'><strong>“Sic</strong></span> <span class='ocrx_word' id='word_1_51' title='bbox 345 1008 398 1049; x_wconf 89' lang='lat' dir='ltr'><strong>nos</strong></span> <span class='ocrx_word' id='word_1_52' title='bbox 421 989 568 1049; x_wconf 85' lang='lat' dir='ltr'><strong>existimet</strong></span> <span class='ocrx_word' id='word_1_53' title='bbox 590 989 679 1048; x_wconf 90' lang='lat' dir='ltr'><strong>homo</strong></span> <span class='ocrx_word' id='word_1_54' title='bbox 692 1001 723 1048; x_wconf 92' lang='lat' dir='ltr'><strong>ut</strong></span> <span class='ocrx_word' id='word_1_55' title='bbox 738 990 883 1050; x_wconf 88' lang='lat' dir='ltr'><strong>ministros</strong></span> <span class='ocrx_word' id='word_1_56' title='bbox 899 988 1020 1060; x_wconf 83' lang='lat' dir='ltr'><strong>Christi,</strong></span> <span class='ocrx_word' id='word_1_57' title='bbox 1038 1004 1067 1049; x_wconf 92' lang='lat' dir='ltr'><strong>et</strong></span> <span class='ocrx_word' id='word_1_58' title='bbox 1079 991 1293 1069; x_wconf 77' lang='lat' dir='ltr'><strong>dispensatores</strong></span> 
     </span>
     <span class='ocr_line' id='line_1_8' title="bbox 93 1085 413 1166; baseline -0.009 -18"><span class='ocrx_word' id='word_1_59' title='bbox 93 1089 295 1166; x_wconf 74' lang='lat' dir='ltr'><strong>mysteriorum</strong></span> <span class='ocrx_word' id='word_1_60' title='bbox 311 1085 413 1145; x_wconf 84' lang='lat' dir='ltr'><strong>Dei.’&#39;¹</strong></span> 
     </span>
    </p>

    <p class='ocr_par' dir='ltr' id='par_1_3' title="bbox 132 1181 577 1244">
     <span class='ocr_line' id='line_1_9' title="bbox 132 1181 577 1244; baseline -0.004 1"><span class='ocrx_word' id='word_1_61' title='bbox 132 1184 285 1244; x_wconf 81' lang='lat' dir='ltr'><strong>Probatur</strong></span> <span class='ocrx_word' id='word_1_62' title='bbox 298 1181 342 1242; x_wconf 88' lang='lat' dir='ltr'><strong>II.</strong></span> <span class='ocrx_word' id='word_1_63' title='bbox 358 1202 395 1243; x_wconf 77' lang='lat' dir='ltr'><strong>em</strong></span> <span class='ocrx_word' id='word_1_64' title='bbox 407 1183 577 1243; x_wconf 78' lang='lat' dir='ltr'><strong>traditione.</strong></span> 
     </span>
    </p>

    <p class='ocr_par' dir='ltr' id='par_1_4' title="bbox 92 1280 1296 1751">
     <span class='ocr_line' id='line_1_10' title="bbox 132 1280 1295 1360; baseline 0.001 -19"><span class='ocrx_word' id='word_1_65' title='bbox 132 1285 181 1341; x_wconf 80' lang='lat'><strong>29.</strong></span> <span class='ocrx_word' id='word_1_66' title='bbox 204 1282 341 1356; x_wconf 77' lang='lat' dir='ltr'><strong>Totque</strong></span> <span class='ocrx_word' id='word_1_67' title='bbox 362 1282 547 1360; x_wconf 83' lang='lat' dir='ltr'><strong>allegavimus</strong></span> <span class='ocrx_word' id='word_1_68' title='bbox 562 1292 676 1359; x_wconf 88' lang='lat' dir='ltr'><strong>patrum</strong></span> <span class='ocrx_word' id='word_1_69' title='bbox 688 1280 851 1340; x_wconf 87' lang='lat' dir='ltr'><strong>testimonia</strong></span> <span class='ocrx_word' id='word_1_70' title='bbox 874 1280 943 1340; x_wconf 91' lang='lat' dir='ltr'><strong>dum</strong></span> <span class='ocrx_word' id='word_1_71' title='bbox 959 1280 995 1340; x_wconf 91' lang='lat' dir='ltr'><strong>de</strong></span> <span class='ocrx_word' id='word_1_72' title='bbox 1017 1283 1194 1342; x_wconf 79' lang='lat' dir='ltr'><strong>eucharistiae</strong></span> <span class='ocrx_word' id='word_1_73' title='bbox 1209 1285 1295 1342; x_wconf 89' lang='lat' dir='ltr'><strong>sacri·</strong></span> 
     </span>
     <span class='ocr_line' id='line_1_11' title="bbox 92 1379 1295 1458; baseline 0.001 -17"><span class='ocrx_word' id='word_1_74' title='bbox 92 1382 171 1450; x_wconf 87' lang='lat' dir='ltr'><strong>ficio,</strong></span> <span class='ocrx_word' id='word_1_75' title='bbox 182 1390 211 1440; x_wconf 92' lang='lat' dir='ltr'><strong>et</strong></span> <span class='ocrx_word' id='word_1_76' title='bbox 222 1390 362 1458; x_wconf 83' lang='lat' dir='ltr'><strong>potestate</strong></span> <span class='ocrx_word' id='word_1_77' title='bbox 376 1380 537 1439; x_wconf 90' lang='lat' dir='ltr'><strong>remittendi</strong></span> <span class='ocrx_word' id='word_1_78' title='bbox 552 1391 668 1457; x_wconf 88' lang='lat' dir='ltr'><strong>peccata</strong></span> <span class='ocrx_word' id='word_1_79' title='bbox 689 1391 829 1458; x_wconf 86' lang='lat' dir='ltr'><strong>ageretur,</strong></span> <span class='ocrx_word' id='word_1_80' title='bbox 844 1379 998 1439; x_wconf 90' lang='lat' dir='ltr'><strong>ostendunt</strong></span> <span class='ocrx_word' id='word_1_81' title='bbox 1017 1381 1208 1441; x_wconf 87' lang='lat' dir='ltr'><strong>sacerdotium</strong></span> <span class='ocrx_word' id='word_1_82' title='bbox 1229 1401 1295 1442; x_wconf 85' lang='lat' dir='ltr'><strong>esse</strong></span> 
     </span>
     <span class='ocr_line' id='line_1_12' title="bbox 92 1474 1295 1554; baseline -0.002 -16"><span class='ocrx_word' id='word_1_83' title='bbox 92 1479 206 1538; x_wconf 84' lang='lat' dir='ltr'><strong>visibile</strong></span> <span class='ocrx_word' id='word_1_84' title='bbox 220 1488 250 1536; x_wconf 91' lang='lat' dir='ltr'><strong>et</strong></span> <span class='ocrx_word' id='word_1_85' title='bbox 262 1488 424 1544; x_wconf 85' lang='lat' dir='ltr'><strong>externum,</strong></span> <span class='ocrx_word' id='word_1_86' title='bbox 440 1489 559 1551; x_wconf 89' lang='lat' dir='ltr'><strong>utraque</strong></span> <span class='ocrx_word' id='word_1_87' title='bbox 574 1487 713 1554; x_wconf 87' lang='lat' dir='ltr'><strong>potestate</strong></span> <span class='ocrx_word' id='word_1_88' title='bbox 726 1476 872 1536; x_wconf 89' lang='lat' dir='ltr'><strong>donatum.</strong></span> <span class='ocrx_word' id='word_1_89' title='bbox 915 1474 1028 1536; x_wconf 71' lang='lat' dir='ltr'><strong>Cetera</strong></span> <span class='ocrx_word' id='word_1_90' title='bbox 1038 1479 1135 1537; x_wconf 87' lang='lat' dir='ltr'><strong>omnia</strong></span> <span class='ocrx_word' id='word_1_91' title='bbox 1146 1480 1295 1538; x_wconf 86' lang='lat' dir='ltr'><strong>vetustatis</strong></span> 
     </span>
     <span class='ocr_line' id='line_1_13' title="bbox 93 1567 1296 1655; baseline -0.001 -18"><span class='ocrx_word' id='word_1_92' title='bbox 93 1577 254 1637; x_wconf 80' lang='lat' dir='ltr'><strong>christianae</strong></span> <span class='ocrx_word' id='word_1_93' title='bbox 283 1588 468 1635; x_wconf 87' lang='lat' dir='ltr'><strong>monumenta</strong></span> <span class='ocrx_word' id='word_1_94' title='bbox 497 1575 527 1634; x_wconf 87' lang='lat' dir='ltr'><strong>id</strong></span> <span class='ocrx_word' id='word_1_95' title='bbox 550 1567 650 1653; x_wconf 78' lang='lat' dir='ltr'><strong>plane&#39;</strong></span> <span class='ocrx_word' id='word_1_96' title='bbox 664 1576 830 1634; x_wconf 90' lang='lat' dir='ltr'><strong>conficiunt.</strong></span> <span class='ocrx_word' id='word_1_97' title='bbox 874 1575 974 1635; x_wconf 90' lang='lat' dir='ltr'><strong>Unum</strong></span> <span class='ocrx_word' id='word_1_98' title='bbox 997 1569 1042 1637; x_wconf 84' lang='lat' dir='ltr'><strong>vel</strong></span> <span class='ocrx_word' id='word_1_99' title='bbox 1063 1575 1182 1636; x_wconf 82' lang='lat' dir='ltr'><strong>alterum</strong></span> <span class='ocrx_word' id='word_1_100' title='bbox 1207 1579 1296 1655; x_wconf 88' lang='lat' dir='ltr'><strong>patris</strong></span> 
     </span>
     <span class='ocr_line' id='line_1_14' title="bbox 96 1672 652 1751; baseline -0.005 -19"><span class='ocrx_word' id='word_1_101' title='bbox 96 1672 192 1734; x_wconf 86' lang='lat' dir='ltr'><strong>locum</strong></span> <span class='ocrx_word' id='word_1_102' title='bbox 208 1673 375 1751; x_wconf 86' lang='lat' dir='ltr'><strong>speciminis</strong></span> <span class='ocrx_word' id='word_1_103' title='bbox 391 1672 480 1731; x_wconf 88' lang='lat' dir='ltr'><strong>instar</strong></span> <span class='ocrx_word' id='word_1_104' title='bbox 494 1672 652 1730; x_wconf 84' lang='lat' dir='ltr'><strong>referimus.</strong></span> 
     </span>
    </p>

    <p class='ocr_par' dir='ltr' id='par_1_5' title="bbox 95 1762 1359 2220">
     <span class='ocr_line' id='line_1_15' title="bbox 136 1762 1359 1838; baseline 0.002 -8"><span class='ocrx_word' id='word_1_105' title='bbox 136 1775 186 1830; x_wconf 85' lang='grc'><strong>30.</strong></span> <span class='ocrx_word' id='word_1_106' title='bbox 203 1771 354 1830; x_wconf 75' lang='lat' dir='ltr'><strong>Euarestus</strong></span> <span class='ocrx_word' id='word_1_107' title='bbox 372 1788 437 1828; x_wconf 89' lang='lat' dir='ltr'><strong>cum</strong></span> <span class='ocrx_word' id='word_1_108' title='bbox 449 1770 537 1828; x_wconf 86' lang='lat' dir='ltr'><strong>veteri</strong></span> <span class='ocrx_word' id='word_1_109' title='bbox 551 1768 710 1828; x_wconf 89' lang='lat' dir='ltr'><strong>sacerdotio</strong></span> <span class='ocrx_word' id='word_1_110' title='bbox 725 1769 908 1828; x_wconf 89' lang='lat' dir='ltr'><strong>christianum</strong></span> <span class='ocrx_word' id='word_1_111' title='bbox 924 1769 1043 1838; x_wconf 80' lang='lat' dir='ltr'><strong>confert,</strong></span> <span class='ocrx_word' id='word_1_112' title='bbox 1053 1770 1087 1828; x_wconf 89' lang='lat' dir='ltr'><strong>de</strong></span> <span class='ocrx_word' id='word_1_113' title='bbox 1102 1772 1298 1833; x_wconf 88' lang='lat' dir='ltr'><strong>sacerdotibus</strong></span> <span class='ocrx_word' id='word_1_114' title='bbox 1355 1762 1359 1771; x_wconf 70' lang='grc'><strong>’</strong></span> 
     </span>
     <span class='ocr_line' id='line_1_16' title="bbox 96 1868 1296 1950; baseline 0.002 -21"><span class='ocrx_word' id='word_1_115' title='bbox 96 1869 258 1945; x_wconf 74' lang='lat' dir='ltr'><strong>christianis</strong></span> <span class='ocrx_word' id='word_1_116' title='bbox 272 1868 389 1928; x_wconf 87' lang='lat' dir='ltr'><strong>diceus:</strong></span> <span class='ocrx_word' id='word_1_117' title='bbox 413 1878 433 1906; x_wconf 76' lang='lat'><strong>‘⁴</strong></span> <span class='ocrx_word' id='word_1_118' title='bbox 445 1868 480 1926; x_wconf 87' lang='lat' dir='ltr'><strong>ad</strong></span> <span class='ocrx_word' id='word_1_119' title='bbox 494 1869 579 1946; x_wconf 90' lang='lat' dir='ltr'><strong>longe</strong></span> <span class='ocrx_word' id='word_1_120' title='bbox 594 1869 773 1944; x_wconf 80' lang='lat' dir='ltr'><strong>prestantius</strong></span> <span class='ocrx_word' id='word_1_121' title='bbox 794 1868 965 1927; x_wconf 88' lang='lat' dir='ltr'><strong>sacrificium</strong></span> <span class='ocrx_word' id='word_1_122' title='bbox 981 1878 1010 1927; x_wconf 90' lang='lat' dir='ltr'><strong>et</strong></span> <span class='ocrx_word' id='word_1_123' title='bbox 1023 1887 1128 1928; x_wconf 90' lang='lat' dir='ltr'><strong>munus</strong></span> <span class='ocrx_word' id='word_1_124' title='bbox 1144 1873 1296 1950; x_wconf 84' lang='lat' dir='ltr'><strong>assumpti,</strong></span> 
     </span>
     <span class='ocr_line' id='line_1_17' title="bbox 96 1964 1299 2044; baseline 0.003 -19"><span class='ocrx_word' id='word_1_125' title='bbox 96 1984 182 2042; x_wconf 87' lang='lat' dir='ltr'><strong>quam</strong></span> <span class='ocrx_word' id='word_1_126' title='bbox 208 1964 277 2025; x_wconf 90' lang='lat' dir='ltr'><strong>illud</strong></span> <span class='ocrx_word' id='word_1_127' title='bbox 292 1966 440 2040; x_wconf 87' lang='lat' dir='ltr'><strong>antiquum</strong></span> <span class='ocrx_word' id='word_1_128' title='bbox 462 1965 556 2033; x_wconf 86' lang='lat' dir='ltr'><strong>fuerit,</strong></span> <span class='ocrx_word' id='word_1_129' title='bbox 571 1983 629 2024; x_wconf 90' lang='lat' dir='ltr'><strong>non</strong></span> <span class='ocrx_word' id='word_1_130' title='bbox 651 1966 774 2043; x_wconf 89' lang='lat' dir='ltr'><strong>amplius</strong></span> <span class='ocrx_word' id='word_1_131' title='bbox 794 1965 836 2024; x_wconf 86' lang='lat' dir='ltr'><strong>las</strong></span> <span class='ocrx_word' id='word_1_132' title='bbox 851 1983 915 2024; x_wconf 88' lang='lat' dir='ltr'><strong>esse</strong></span> <span class='ocrx_word' id='word_1_133' title='bbox 931 1976 1074 2043; x_wconf 91' lang='lat' dir='ltr'><strong>putamus,</strong></span> <span class='ocrx_word' id='word_1_134' title='bbox 1098 1968 1128 2025; x_wconf 91' lang='lat' dir='ltr'><strong>in</strong></span> <span class='ocrx_word' id='word_1_135' title='bbox 1142 1969 1235 2044; x_wconf 91' lang='lat' dir='ltr'><strong>prima</strong></span> <span class='ocrx_word' id='word_1_136' title='bbox 1249 1970 1299 2029; x_wconf 84' lang='lat' dir='ltr'><strong>illu</strong></span> 
     </span>
     <span class='ocr_line' id='line_1_18' title="bbox 95 2061 1299 2141; baseline 0.002 -20"><span class='ocrx_word' id='word_1_137' title='bbox 95 2073 124 2122; x_wconf 92' lang='lat' dir='ltr'><strong>et</strong></span> <span class='ocrx_word' id='word_1_138' title='bbox 138 2063 251 2122; x_wconf 90' lang='lat' dir='ltr'><strong>infirma</strong></span> <span class='ocrx_word' id='word_1_139' title='bbox 264 2062 406 2121; x_wconf 80' lang='lat' dir='ltr'><strong>elemento</strong></span> <span class='ocrx_word' id='word_1_140' title='bbox 419 2062 555 2130; x_wconf 89' lang='lat' dir='ltr'><strong>recidere,</strong></span> <span class='ocrx_word' id='word_1_141' title='bbox 571 2062 653 2139; x_wconf 89' lang='lat' dir='ltr'><strong>signa</strong></span> <span class='ocrx_word' id='word_1_142' title='bbox 667 2061 799 2135; x_wconf 81' lang='lat' dir='ltr'><strong>quaedam</strong></span> <span class='ocrx_word' id='word_1_143' title='bbox 812 2071 841 2120; x_wconf 93' lang='lat' dir='ltr'><strong>et</strong></span> <span class='ocrx_word' id='word_1_144' title='bbox 855 2061 1006 2140; x_wconf 79' lang='lat' dir='ltr'><strong>imagines,</strong></span> <span class='ocrx_word' id='word_1_145' title='bbox 1020 2080 1078 2122; x_wconf 91' lang='lat' dir='ltr'><strong>non</strong></span> <span class='ocrx_word' id='word_1_146' title='bbox 1087 2063 1182 2141; x_wconf 87' lang='lat' dir='ltr'><strong>ipsam</strong></span> <span class='ocrx_word' id='word_1_147' title='bbox 1197 2066 1299 2124; x_wconf 86' lang='lat' dir='ltr'><strong>verita·</strong></span> 
     </span>
     <span class='ocr_line' id='line_1_19' title="bbox 95 2159 390 2220; baseline -0.007 0"><span class='ocrx_word' id='word_1_148' title='bbox 95 2170 153 2220; x_wconf 89' lang='lat' dir='ltr'><strong>tem</strong></span> <span class='ocrx_word' id='word_1_149' title='bbox 168 2159 390 2219; x_wconf 84' lang='lat' dir='ltr'><strong>continentia.”¹¹</strong></span> 
     </span>
    </p>

    <p class='ocr_par' dir='ltr' id='par_1_6' title="bbox 97 2253 1298 2608">
     <span class='ocr_line' id='line_1_20' title="bbox 135 2253 1298 2338; baseline 0.002 -21"><span class='ocrx_word' id='word_1_150' title='bbox 135 2261 186 2318; x_wconf 90' lang='grc'><strong>31.</strong></span> <span class='ocrx_word' id='word_1_151' title='bbox 208 2257 241 2315; x_wconf 88' lang='lat' dir='ltr'><strong>S.</strong></span> <span class='ocrx_word' id='word_1_152' title='bbox 257 2257 476 2315; x_wconf 80' lang='lat' dir='ltr'><strong>Gnunurrrrus:</strong></span> <span class='ocrx_word' id='word_1_153' title='bbox 500 2254 677 2313; x_wconf 84' lang='lat' dir='ltr'><strong>“Dominus</strong></span> <span class='ocrx_word' id='word_1_154' title='bbox 692 2253 841 2332; x_wconf 84' lang='lat' dir='ltr'><strong>discipulis</strong></span> <span class='ocrx_word' id='word_1_155' title='bbox 864 2253 996 2313; x_wconf 88' lang='lat' dir='ltr'><strong>fidelibus</strong></span> <span class='ocrx_word' id='word_1_156' title='bbox 1011 2255 1135 2326; x_wconf 89' lang='lat' dir='ltr'><strong>mandat,</strong></span> <span class='ocrx_word' id='word_1_157' title='bbox 1151 2277 1225 2332; x_wconf 90' lang='lat' dir='ltr'><strong>qnos</strong></span> <span class='ocrx_word' id='word_1_158' title='bbox 1241 2261 1298 2338; x_wconf 93' lang='lat' dir='ltr'><strong>pri·</strong></span> 
     </span>
     <span class='ocr_line' id='line_1_21' title="bbox 98 2344 1297 2431; baseline 0.001 -17"><span class='ocrx_word' id='word_1_159' title='bbox 98 2373 162 2415; x_wconf 90' lang='lat' dir='ltr'><strong>mos</strong></span> <span class='ocrx_word' id='word_1_160' title='bbox 178 2344 318 2412; x_wconf 77' lang='lat' dir='ltr'><strong>Ecclesiae</strong></span> <span class='ocrx_word' id='word_1_161' title='bbox 334 2370 393 2411; x_wconf 84' lang='lat' dir='ltr'><strong>suoe</strong></span> <span class='ocrx_word' id='word_1_162' title='bbox 409 2351 556 2410; x_wconf 90' lang='lat' dir='ltr'><strong>constituit</strong></span> <span class='ocrx_word' id='word_1_163' title='bbox 577 2349 751 2420; x_wconf 87' lang='lat' dir='ltr'><strong>sacerdotes,</strong></span> <span class='ocrx_word' id='word_1_164' title='bbox 778 2363 808 2410; x_wconf 92' lang='lat' dir='ltr'><strong>ut</strong></span> <span class='ocrx_word' id='word_1_165' title='bbox 829 2350 1022 2411; x_wconf 89' lang='lat' dir='ltr'><strong>indesinenter</strong></span> <span class='ocrx_word' id='word_1_166' title='bbox 1036 2354 1090 2412; x_wconf 91' lang='lat' dir='ltr'><strong>ista</strong></span> <span class='ocrx_word' id='word_1_167' title='bbox 1104 2354 1169 2412; x_wconf 84' lang='lat' dir='ltr'><strong>vitae</strong></span> <span class='ocrx_word' id='word_1_168' title='bbox 1184 2368 1297 2431; x_wconf 73' lang='lat' dir='ltr'><strong>aeterum</strong></span> 
     </span>
     <span class='ocr_line' id='line_1_22' title="bbox 97 2450 1296 2533; baseline 0.003 -21"><span class='ocrx_word' id='word_1_169' title='bbox 97 2451 236 2528; x_wconf 88' lang='lat' dir='ltr'><strong>mysteria</strong></span> <span class='ocrx_word' id='word_1_170' title='bbox 259 2459 435 2518; x_wconf 87' lang='lat' dir='ltr'><strong>exercerent,</strong></span> <span class='ocrx_word' id='word_1_171' title='bbox 457 2468 522 2524; x_wconf 87' lang='lat' dir='ltr'><strong>quae</strong></span> <span class='ocrx_word' id='word_1_172' title='bbox 536 2468 655 2509; x_wconf 89' lang='lat' dir='ltr'><strong>necesse</strong></span> <span class='ocrx_word' id='word_1_173' title='bbox 670 2461 715 2508; x_wconf 89' lang='lat' dir='ltr'><strong>est</strong></span> <span class='ocrx_word' id='word_1_174' title='bbox 735 2470 752 2508; x_wconf 89' lang='lat' dir='ltr'><strong>a</strong></span> <span class='ocrx_word' id='word_1_175' title='bbox 766 2451 877 2509; x_wconf 90' lang='lat' dir='ltr'><strong>cunctis</strong></span> <span class='ocrx_word' id='word_1_176' title='bbox 891 2450 1086 2511; x_wconf 87' lang='lat' dir='ltr'><strong>sacerdotibus</strong></span> <span class='ocrx_word' id='word_1_177' title='bbox 1101 2454 1296 2533; x_wconf 88' lang='lat' dir='ltr'><strong>persingulas</strong></span> 
     </span>
     <span class='ocr_line' id='line_1_23' title="bbox 97 2545 636 2608; baseline -0.013 0"><span class='ocrx_word' id='word_1_178' title='bbox 97 2550 184 2608; x_wconf 88' lang='lat' dir='ltr'><strong>totius</strong></span> <span class='ocrx_word' id='word_1_179' title='bbox 198 2547 276 2607; x_wconf 87' lang='lat' dir='ltr'><strong>orbis</strong></span> <span class='ocrx_word' id='word_1_180' title='bbox 290 2545 438 2605; x_wconf 81' lang='lat' dir='ltr'><strong>Ecclesiae</strong></span> <span class='ocrx_word' id='word_1_181' title='bbox 453 2545 636 2604; x_wconf 78' lang='lat' dir='ltr'><strong>celebrari.’‘⁸</strong></span> 
     </span>
    </p>

    <p class='ocr_par' dir='ltr' id='par_1_7' title="bbox 26 2641 1302 3492">
     <span class='ocr_line' id='line_1_24' title="bbox 138 2641 1298 2724; baseline 0.007 -21"><span class='ocrx_word' id='word_1_182' title='bbox 138 2650 187 2704; x_wconf 81' lang='grc'><strong>32.</strong></span> <span class='ocrx_word' id='word_1_183' title='bbox 209 2645 241 2703; x_wconf 80' lang='lat' dir='ltr'><strong>S.</strong></span> <span class='ocrx_word' id='word_1_184' title='bbox 253 2644 429 2702; x_wconf 80' lang='lat' dir='ltr'><strong>Gsuaonrus</strong></span> <span class='ocrx_word' id='word_1_185' title='bbox 443 2643 601 2702; x_wconf 78' lang='lat' dir='ltr'><strong>Nussarrus</strong></span> <span class='ocrx_word' id='word_1_186' title='bbox 615 2643 730 2703; x_wconf 80' lang='lat' dir='ltr'><strong>scribit:</strong></span> <span class='ocrx_word' id='word_1_187' title='bbox 746 2641 859 2702; x_wconf 83' lang='lat' dir='ltr'><strong>Eadem</strong></span> <span class='ocrx_word' id='word_1_188' title='bbox 870 2644 946 2704; x_wconf 85' lang='lat' dir='ltr'><strong>verbi</strong></span> <span class='ocrx_word' id='word_1_189' title='bbox 960 2643 1102 2724; x_wconf 74' lang='lat' dir='ltr'><strong>(Christi)</strong></span> <span class='ocrx_word' id='word_1_190' title='bbox 1112 2645 1156 2704; x_wconf 85' lang='lat' dir='ltr'><strong>ris</strong></span> <span class='ocrx_word' id='word_1_191' title='bbox 1168 2649 1298 2711; x_wconf 89' lang='lat' dir='ltr'><strong>sacerdo·</strong></span> 
     </span>
     <span class='ocr_line' id='line_1_25' title="bbox 98 2739 1299 2818; baseline 0.004 -18"><span class='ocrx_word' id='word_1_192' title='bbox 98 2754 157 2800; x_wconf 91' lang='lat' dir='ltr'><strong>tem</strong></span> <span class='ocrx_word' id='word_1_193' title='bbox 177 2751 329 2818; x_wconf 89' lang='lat' dir='ltr'><strong>augustum</strong></span> <span class='ocrx_word' id='word_1_194' title='bbox 344 2759 377 2796; x_wconf 90' lang='lat' dir='ltr'><strong>ac</strong></span> <span class='ocrx_word' id='word_1_195' title='bbox 392 2739 588 2798; x_wconf 88' lang='lat' dir='ltr'><strong>honorandum</strong></span> <span class='ocrx_word' id='word_1_196' title='bbox 610 2740 686 2809; x_wconf 82' lang='lat' dir='ltr'><strong>iacit,</strong></span> <span class='ocrx_word' id='word_1_197' title='bbox 705 2740 828 2799; x_wconf 88' lang='lat' dir='ltr'><strong>novitate</strong></span> <span class='ocrx_word' id='word_1_198' title='bbox 843 2741 1051 2801; x_wconf 90' lang='lat' dir='ltr'><strong>benedictionis</strong></span> <span class='ocrx_word' id='word_1_199' title='bbox 1064 2762 1081 2800; x_wconf 86' lang='lat' dir='ltr'><strong>a</strong></span> <span class='ocrx_word' id='word_1_200' title='bbox 1094 2747 1299 2805; x_wconf 88' lang='lat' dir='ltr'><strong>communitate</strong></span> 
     </span>
     <span class='ocr_line' id='line_1_26' title="bbox 99 2835 1298 2916; baseline 0.007 -22"><span class='ocrx_word' id='word_1_201' title='bbox 99 2838 178 2916; x_wconf 81' lang='lat' dir='ltr'><strong>vulgi</strong></span> <span class='ocrx_word' id='word_1_202' title='bbox 187 2847 378 2914; x_wconf 88' lang='lat' dir='ltr'><strong>segregatum.</strong></span> <span class='ocrx_word' id='word_1_203' title='bbox 401 2835 498 2903; x_wconf 85' lang='lat' dir='ltr'><strong>Quum</strong></span> <span class='ocrx_word' id='word_1_204' title='bbox 510 2837 586 2895; x_wconf 91' lang='lat' dir='ltr'><strong>enim</strong></span> <span class='ocrx_word' id='word_1_205' title='bbox 598 2837 660 2895; x_wconf 91' lang='lat' dir='ltr'><strong>heri</strong></span> <span class='ocrx_word' id='word_1_206' title='bbox 672 2856 705 2895; x_wconf 87' lang='lat' dir='ltr'><strong>ac</strong></span> <span class='ocrx_word' id='word_1_207' title='bbox 715 2845 842 2914; x_wconf 88' lang='lat' dir='ltr'><strong>tempore</strong></span> <span class='ocrx_word' id='word_1_208' title='bbox 853 2837 994 2914; x_wconf 90' lang='lat' dir='ltr'><strong>superiori</strong></span> <span class='ocrx_word' id='word_1_209' title='bbox 1006 2857 1106 2897; x_wconf 89' lang='lat' dir='ltr'><strong>unuse</strong></span> <span class='ocrx_word' id='word_1_210' title='bbox 1117 2840 1298 2902; x_wconf 91' lang='lat' dir='ltr'><strong>multitudiue</strong></span> 
     </span>
     <span class='ocr_line' id='line_1_27' title="bbox 101 2932 1301 3015; baseline 0.004 -20"><span class='ocrx_word' id='word_1_211' title='bbox 101 2956 135 2996; x_wconf 86' lang='lat' dir='ltr'><strong>ac</strong></span> <span class='ocrx_word' id='word_1_212' title='bbox 144 2934 230 3014; x_wconf 91' lang='lat' dir='ltr'><strong>plebe</strong></span> <span class='ocrx_word' id='word_1_213' title='bbox 241 2944 328 3003; x_wconf 86' lang='lat' dir='ltr'><strong>esset,</strong></span> <span class='ocrx_word' id='word_1_214' title='bbox 340 2944 457 3011; x_wconf 87' lang='lat' dir='ltr'><strong>repente</strong></span> <span class='ocrx_word' id='word_1_215' title='bbox 466 2932 591 2993; x_wconf 89' lang='lat' dir='ltr'><strong>redditur</strong></span> <span class='ocrx_word' id='word_1_216' title='bbox 601 2944 767 3012; x_wconf 78' lang='lat' dir='ltr'><strong>preceptor,</strong></span> <span class='ocrx_word' id='word_1_217' title='bbox 780 2953 897 3013; x_wconf 75' lang='lat' dir='ltr'><strong>preses,</strong></span> <span class='ocrx_word' id='word_1_218' title='bbox 907 2934 1005 2994; x_wconf 90' lang='lat' dir='ltr'><strong>doctor</strong></span> <span class='ocrx_word' id='word_1_219' title='bbox 1015 2937 1139 3014; x_wconf 89' lang='lat' dir='ltr'><strong>pietatis,</strong></span> <span class='ocrx_word' id='word_1_220' title='bbox 1149 2942 1301 3015; x_wconf 89' lang='lat' dir='ltr'><strong>mysterio·</strong></span> 
     </span>
     <span class='ocr_line' id='line_1_28' title="bbox 98 3031 1300 3112; baseline 0.003 -19"><span class='ocrx_word' id='word_1_221' title='bbox 98 3051 162 3092; x_wconf 89' lang='lat' dir='ltr'><strong>rum</strong></span> <span class='ocrx_word' id='word_1_222' title='bbox 172 3032 317 3090; x_wconf 90' lang='lat' dir='ltr'><strong>latentium</strong></span> <span class='ocrx_word' id='word_1_223' title='bbox 331 3031 452 3108; x_wconf 82' lang='lat' dir='ltr'><strong>presul:</strong></span> <span class='ocrx_word' id='word_1_224' title='bbox 465 3048 556 3105; x_wconf 84' lang='lat' dir='ltr'><strong>esque</strong></span> <span class='ocrx_word' id='word_1_225' title='bbox 567 3034 736 3110; x_wconf 86' lang='lat' dir='ltr'><strong>contingunt</strong></span> <span class='ocrx_word' id='word_1_226' title='bbox 744 3032 781 3100; x_wconf 90' lang='lat' dir='ltr'><strong>ei,</strong></span> <span class='ocrx_word' id='word_1_227' title='bbox 794 3049 860 3090; x_wconf 89' lang='lat' dir='ltr'><strong>cum</strong></span> <span class='ocrx_word' id='word_1_228' title='bbox 870 3031 943 3090; x_wconf 92' lang='lat' dir='ltr'><strong>uihil</strong></span> <span class='ocrx_word' id='word_1_229' title='bbox 957 3032 1002 3091; x_wconf 85' lang='lat' dir='ltr'><strong>rel</strong></span> <span class='ocrx_word' id='word_1_230' title='bbox 1016 3051 1134 3112; x_wconf 88' lang='lat' dir='ltr'><strong>corpore</strong></span> <span class='ocrx_word' id='word_1_231' title='bbox 1148 3037 1195 3095; x_wconf 82' lang='lat' dir='ltr'><strong>vel</strong></span> <span class='ocrx_word' id='word_1_232' title='bbox 1208 3037 1300 3097; x_wconf 83' lang='lat' dir='ltr'><strong>forma</strong></span> 
     </span>
     <span class='ocr_line' id='line_1_29' title="bbox 89 3128 1302 3207; baseline 0.005 -15"><span class='ocrx_word' id='word_1_233' title='bbox 89 3142 234 3200; x_wconf 82' lang='lat' dir='ltr'><strong>mutatus,</strong></span> <span class='ocrx_word' id='word_1_234' title='bbox 249 3129 300 3189; x_wconf 88' lang='lat' dir='ltr'><strong>sed</strong></span> <span class='ocrx_word' id='word_1_235' title='bbox 313 3128 388 3205; x_wconf 89' lang='lat' dir='ltr'><strong>quod</strong></span> <span class='ocrx_word' id='word_1_236' title='bbox 403 3130 439 3189; x_wconf 90' lang='lat' dir='ltr'><strong>ad</strong></span> <span class='ocrx_word' id='word_1_237' title='bbox 452 3131 579 3207; x_wconf 88' lang='lat' dir='ltr'><strong>speciem</strong></span> <span class='ocrx_word' id='word_1_238' title='bbox 595 3144 742 3191; x_wconf 81' lang='lat' dir='ltr'><strong>externam</strong></span> <span class='ocrx_word' id='word_1_239' title='bbox 756 3132 867 3200; x_wconf 77' lang='lat' dir='ltr'><strong>attinet,</strong></span> <span class='ocrx_word' id='word_1_240' title='bbox 883 3131 932 3190; x_wconf 89' lang='lat' dir='ltr'><strong>ille</strong></span> <span class='ocrx_word' id='word_1_241' title='bbox 946 3131 984 3190; x_wconf 89' lang='lat' dir='ltr'><strong>sit</strong></span> <span class='ocrx_word' id='word_1_242' title='bbox 997 3133 1047 3206; x_wconf 89' lang='lat' dir='ltr'><strong>qui</strong></span> <span class='ocrx_word' id='word_1_243' title='bbox 1068 3142 1137 3202; x_wconf 89' lang='lat' dir='ltr'><strong>erat,</strong></span> <span class='ocrx_word' id='word_1_244' title='bbox 1152 3133 1302 3198; x_wconf 79' lang='lat' dir='ltr'><strong>invisibili</strong></span> 
     </span>
     <span class='ocr_line' id='line_1_30' title="bbox 26 3227 1300 3316; baseline 0.002 -23"><span class='ocrx_word' id='word_1_245' title='bbox 26 3288 29 3293; x_wconf 90' lang='lat'><strong>.</strong></span> <span class='ocrx_word' id='word_1_246' title='bbox 100 3229 273 3310; x_wconf 83' lang='lat' dir='ltr'><strong>quadumci</strong></span> <span class='ocrx_word' id='word_1_247' title='bbox 286 3247 321 3288; x_wconf 87' lang='lat' dir='ltr'><strong>uc</strong></span> <span class='ocrx_word' id='word_1_248' title='bbox 334 3227 448 3307; x_wconf 86' lang='lat' dir='ltr'><strong>gratia,</strong></span> <span class='ocrx_word' id='word_1_249' title='bbox 463 3227 645 3287; x_wconf 82' lang='lat' dir='ltr'><strong>invisibilem</strong></span> <span class='ocrx_word' id='word_1_250' title='bbox 666 3229 800 3289; x_wconf 82' lang='lat' dir='ltr'><strong>animum</strong></span> <span class='ocrx_word' id='word_1_251' title='bbox 813 3229 848 3289; x_wconf 86' lang='lat' dir='ltr'><strong>in</strong></span> <span class='ocrx_word' id='word_1_252' title='bbox 867 3228 973 3289; x_wconf 82' lang='lat' dir='ltr'><strong>melius</strong></span> <span class='ocrx_word' id='word_1_253' title='bbox 989 3230 1236 3312; x_wconf 81' lang='lat' dir='ltr'><strong>trmmsormctam</strong></span> <span class='ocrx_word' id='word_1_254' title='bbox 1250 3255 1300 3316; x_wconf 86' lang='lat' dir='ltr'><strong>ge-</strong></span> 
     </span>
     <span class='ocr_line' id='line_1_31' title="bbox 103 3324 1301 3402; baseline 0.005 -20"><span class='ocrx_word' id='word_1_255' title='bbox 103 3326 331 3398; x_wconf 73' lang='lat' dir='ltr'><strong>rens”-bap‹irqi</strong></span> <span class='ocrx_word' id='word_1_256' title='bbox 348 3327 399 3382; x_wconf 71' lang='lat' dir='ltr'><strong>erut</strong></span> <span class='ocrx_word' id='word_1_257' title='bbox 419 3324 529 3396; x_wconf 75' lang='grc' dir='ltr'><strong>δυνάμει,</strong></span> <span class='ocrx_word' id='word_1_258' title='bbox 549 3328 591 3381; x_wconf 73' lang='lat' dir='ltr'><strong>sui</strong></span> <span class='ocrx_word' id='word_1_259' title='bbox 603 3325 689 3396; x_wconf 65' lang='grc' dir='ltr'><em>κάρνα</em></span> <span class='ocrx_word' id='word_1_260' title='bbox 710 3329 756 3398; x_wconf 70' lang='grc' dir='ltr'><strong>τὴν</strong></span> <span class='ocrx_word' id='word_1_261' title='bbox 772 3327 874 3399; x_wconf 69' lang='grc' dir='ltr'><strong>ἀόρατον</strong></span> <span class='ocrx_word' id='word_1_262' title='bbox 890 3329 971 3399; x_wconf 59' lang='grc' dir='ltr'><strong><em>ψυχὴν</em></strong></span> <span class='ocrx_word' id='word_1_263' title='bbox 981 3333 1178 3402; x_wconf 58' lang='grc' dir='ltr'><strong>μεταμορφωδείς</strong></span> <span class='ocrx_word' id='word_1_264' title='bbox 1192 3341 1255 3402; x_wconf 74' lang='lat' dir='ltr'><strong>repes</strong></span> <span class='ocrx_word' id='word_1_265' title='bbox 1272 3341 1301 3391; x_wconf 69' lang='grc' dir='ltr'><strong>τὸ</strong></span> 
     </span>
     <span class='ocr_line' id='line_1_32' title="bbox 96 3427 210 3492; baseline 0 -12"><span class='ocrx_word' id='word_1_266' title='bbox 96 3427 210 3492; x_wconf 64' lang='lat' dir='ltr'><strong>etism*</strong></span> 
     </span>
    </p>

    <p class='ocr_par' dir='ltr' id='par_1_8' title="bbox 100 3506 1300 3782">
     <span class='ocr_line' id='line_1_33' title="bbox 140 3506 1300 3591; baseline 0.005 -18"><span class='ocrx_word' id='word_1_267' title='bbox 140 3518 189 3573; x_wconf 85' lang='grc'><strong>33.</strong></span> <span class='ocrx_word' id='word_1_268' title='bbox 212 3512 245 3570; x_wconf 88' lang='lat' dir='ltr'><strong>S.</strong></span> <span class='ocrx_word' id='word_1_269' title='bbox 274 3510 513 3568; x_wconf 81' lang='lat' dir='ltr'><strong>Gunusosrouus</strong></span> <span class='ocrx_word' id='word_1_270' title='bbox 543 3506 630 3567; x_wconf 84' lang='lat' dir='ltr'><strong>dicit:</strong></span> <span class='ocrx_word' id='word_1_271' title='bbox 653 3508 872 3571; x_wconf 83' lang='lat' dir='ltr'><strong>“sacerdotium</strong></span> <span class='ocrx_word' id='word_1_272' title='bbox 900 3511 995 3590; x_wconf 90' lang='lat' dir='ltr'><strong>ipsum</strong></span> <span class='ocrx_word' id='word_1_273' title='bbox 1024 3514 1054 3573; x_wconf 91' lang='lat' dir='ltr'><strong>iu</strong></span> <span class='ocrx_word' id='word_1_274' title='bbox 1082 3527 1155 3574; x_wconf 84' lang='lat' dir='ltr'><strong>terre</strong></span> <span class='ocrx_word' id='word_1_275' title='bbox 1183 3519 1300 3591; x_wconf 89' lang='lat' dir='ltr'><strong>quidem</strong></span> 
     </span>
     <span class='ocr_line' id='line_1_34' title="bbox 100 3604 1299 3688; baseline 0.004 -19"><span class='ocrx_word' id='word_1_276' title='bbox 100 3609 265 3688; x_wconf 87' lang='lat' dir='ltr'><strong>peragitur;</strong></span> <span class='ocrx_word' id='word_1_277' title='bbox 286 3604 338 3663; x_wconf 89' lang='lat' dir='ltr'><strong>sed</strong></span> <span class='ocrx_word' id='word_1_278' title='bbox 352 3605 381 3663; x_wconf 88' lang='lat' dir='ltr'><strong>in</strong></span> <span class='ocrx_word' id='word_1_279' title='bbox 395 3621 488 3662; x_wconf 90' lang='lat' dir='ltr'><strong>rerum</strong></span> <span class='ocrx_word' id='word_1_280' title='bbox 510 3604 667 3663; x_wconf 86' lang='lat' dir='ltr'><strong>caelestium</strong></span> <span class='ocrx_word' id='word_1_281' title='bbox 691 3606 812 3665; x_wconf 88' lang='lat' dir='ltr'><strong>classem</strong></span> <span class='ocrx_word' id='word_1_282' title='bbox 826 3606 1015 3683; x_wconf 90' lang='lat' dir='ltr'><strong>ordinemque</strong></span> <span class='ocrx_word' id='word_1_283' title='bbox 1033 3610 1213 3672; x_wconf 84' lang='lat' dir='ltr'><strong>referendum</strong></span> <span class='ocrx_word' id='word_1_284' title='bbox 1234 3627 1299 3675; x_wconf 85' lang='lat' dir='ltr'><strong>est:</strong></span> 
     </span>
     <span class='ocr_line' id='line_1_35' title="bbox 100 3698 546 3782; baseline -0.016 -18"><span class='ocrx_word' id='word_1_285' title='bbox 100 3716 185 3782; x_wconf 85' lang='lat' dir='ltr'><strong>atque</strong></span> <span class='ocrx_word' id='word_1_286' title='bbox 199 3702 228 3762; x_wconf 91' lang='lat' dir='ltr'><strong>id</strong></span> <span class='ocrx_word' id='word_1_287' title='bbox 242 3718 380 3781; x_wconf 89' lang='lat' dir='ltr'><strong>perquam</strong></span> <span class='ocrx_word' id='word_1_288' title='bbox 394 3698 546 3759; x_wconf 84' lang='lat' dir='ltr'><strong>merito.&#39;&#39;⁴.</strong></span> 
     </span>
    </p>
   </div>
   <div class='ocr_carea' id='block_1_3' title="bbox 494 3877 903 3921">
    <p class='ocr_par' dir='ltr' id='par_1_9' title="bbox 494 3877 903 3921">
     <span class='ocr_line' id='line_1_36' title="bbox 494 3877 903 3921; baseline 0.01 -4"><span class='ocrx_word' id='word_1_289' title='bbox 494 3877 694 3919; x_wconf 78' lang='lat' dir='ltr'><strong>omuculonus</strong></span> <span class='ocrx_word' id='word_1_290' title='bbox 718 3879 903 3921; x_wconf 74' lang='lat' dir='ltr'><strong>SOLVUN&#39;I&#39;UR·</strong></span> 
     </span>
    </p>
   </div>
   <div class='ocr_carea' id='block_1_4' title="bbox 141 4016 1298 4099">
    <p class='ocr_par' dir='ltr' id='par_1_10' title="bbox 141 4016 1298 4099">
     <span class='ocr_line' id='line_1_37' title="bbox 141 4016 1298 4099; baseline 0.013 -25"><span class='ocrx_word' id='word_1_291' title='bbox 141 4024 190 4079; x_wconf 80' lang='grc'><strong>34.</strong></span> <span class='ocrx_word' id='word_1_292' title='bbox 216 4017 283 4099; x_wconf 81' lang='lat' dir='ltr'><strong>Obj.</strong></span> <span class='ocrx_word' id='word_1_293' title='bbox 302 4021 327 4075; x_wconf 97' lang='lat' dir='ltr'><strong>l.</strong></span> <span class='ocrx_word' id='word_1_294' title='bbox 351 4016 518 4092; x_wconf 87' lang='lat' dir='ltr'><strong>Numquam</strong></span> <span class='ocrx_word' id='word_1_295' title='bbox 534 4018 563 4077; x_wconf 91' lang='lat' dir='ltr'><strong>iu</strong></span> <span class='ocrx_word' id='word_1_296' title='bbox 577 4037 653 4078; x_wconf 86' lang='lat' dir='ltr'><strong>novo</strong></span> <span class='ocrx_word' id='word_1_297' title='bbox 667 4019 855 4084; x_wconf 87' lang='lat' dir='ltr'><strong>Testamenta</strong></span> <span class='ocrx_word' id='word_1_298' title='bbox 876 4020 1056 4082; x_wconf 91' lang='lat' dir='ltr'><strong>sacerdotum</strong></span> <span class='ocrx_word' id='word_1_299' title='bbox 1077 4024 1298 4089; x_wconf 88' lang='lat' dir='ltr'><strong>christianorum</strong></span> 
     </span>
    </p>
   </div>
   <div class='ocr_carea' id='block_1_5' title="bbox 101 4107 1314 4291">
    <p class='ocr_par' dir='ltr' id='par_1_11' title="bbox 101 4107 1314 4291">
     <span class='ocr_line' id='line_1_38' title="bbox 102 4107 1314 4190; baseline -0.011 -12"><span class='ocrx_word' id='word_1_300' title='bbox 102 4117 211 4178; x_wconf 85' lang='lat' dir='ltr'><strong>mentio</strong></span> <span class='ocrx_word' id='word_1_301' title='bbox 234 4117 276 4185; x_wconf 88' lang='lat' dir='ltr'><strong>fit,</strong></span> <span class='ocrx_word' id='word_1_302' title='bbox 304 4116 433 4174; x_wconf 87' lang='lat' dir='ltr'><strong>seniores</strong></span> <span class='ocrx_word' id='word_1_303' title='bbox 457 4117 836 4186; x_wconf 71' lang='lat' dir='ltr'><strong>enim—rpsrumper-non</strong></span> <span class='ocrx_word' id='word_1_304' title='bbox 862 4107 1314 4190; x_wconf 53' lang='lat' dir='ltr'><strong>sacerdotes-„pg.mjnigffl&#39;</strong></span> 
     </span>
     <span class='ocr_line' id='line_1_39' title="bbox 101 4212 415 4291; baseline -0.01 -17"><span class='ocrx_word' id='word_1_305' title='bbox 101 4212 254 4291; x_wconf 78' lang='lat' dir='ltr'><strong>Evangelii</strong></span> <span class='ocrx_word' id='word_1_306' title='bbox 269 4224 415 4271; x_wconf 87' lang='lat' dir='ltr'><strong>vocantur.</strong></span> 
     </span>
    </p>
   </div>
   <div class='ocr_carea' id='block_1_6' title="bbox 500 4325 864 4738">
    <p class='ocr_par' dir='ltr' id='par_1_12' title="bbox 505 4325 742 4393">
     <span class='ocr_line' id='line_1_40' title="bbox 505 4325 742 4393; baseline 0.021 -18"><span class='ocrx_word' id='word_1_307' title='bbox 505 4327 548 4393; x_wconf 81' lang='lat'><strong>(1)</strong></span> <span class='ocrx_word' id='word_1_308' title='bbox 570 4330 592 4376; x_wconf 96' lang='lat' dir='ltr'><strong>l.</strong></span> <span class='ocrx_word' id='word_1_309' title='bbox 604 4325 661 4376; x_wconf 89' lang='lat' dir='ltr'><strong>Cor.</strong></span> <span class='ocrx_word' id='word_1_310' title='bbox 673 4327 705 4378; x_wconf 85' lang='lat' dir='ltr'><strong>iv.</strong></span> <span class='ocrx_word' id='word_1_311' title='bbox 720 4331 742 4380; x_wconf 85' lang='lat' dir='ltr'><strong>i.</strong></span> 
     </span>
    </p>

    <p class='ocr_par' dir='ltr' id='par_1_13' title="bbox 500 4412 800 4479">
     <span class='ocr_line' id='line_1_41' title="bbox 500 4412 800 4479; baseline 0.01 -18"><span class='ocrx_word' id='word_1_312' title='bbox 500 4415 543 4479; x_wconf 78' lang='lat'><strong>(2)</strong></span> <span class='ocrx_word' id='word_1_313' title='bbox 563 4412 635 4464; x_wconf 88' lang='lat' dir='ltr'><strong>Deru.</strong></span> <span class='ocrx_word' id='word_1_314' title='bbox 644 4413 693 4464; x_wconf 77' lang='lat' dir='ltr'><strong>Er.</strong></span> <span class='ocrx_word' id='word_1_315' title='bbox 705 4416 721 4464; x_wconf 94' lang='lat' dir='ltr'><strong>l.</strong></span> <span class='ocrx_word' id='word_1_316' title='bbox 732 4414 749 4465; x_wconf 91' lang='lat' dir='ltr'><strong>i.</strong></span> <span class='ocrx_word' id='word_1_317' title='bbox 761 4430 800 4466; x_wconf 87' lang='lat' dir='ltr'><strong>cx.</strong></span> 
     </span>
    </p>

    <p class='ocr_par' dir='ltr' id='par_1_14' title="bbox 500 4497 864 4738">
     <span class='ocr_line' id='line_1_42' title="bbox 503 4497 836 4564; baseline 0.012 -17"><span class='ocrx_word' id='word_1_318' title='bbox 503 4499 545 4564; x_wconf 91' lang='grc'><strong>(3)</strong></span> <span class='ocrx_word' id='word_1_319' title='bbox 565 4498 648 4550; x_wconf 82' lang='lat' dir='ltr'><strong>Tract.</strong></span> <span class='ocrx_word' id='word_1_320' title='bbox 661 4499 687 4551; x_wconf 80' lang='lat' dir='ltr'><strong>ii</strong></span> <span class='ocrx_word' id='word_1_321' title='bbox 698 4500 729 4549; x_wconf 88' lang='lat' dir='ltr'><strong>ds</strong></span> <span class='ocrx_word' id='word_1_322' title='bbox 740 4497 836 4551; x_wconf 81' lang='lat' dir='ltr'><strong>Exodo.</strong></span> 
     </span>
     <span class='ocr_line' id='line_1_43' title="bbox 502 4583 864 4650; baseline 0.011 -18"><span class='ocrx_word' id='word_1_323' title='bbox 502 4585 542 4649; x_wconf 82' lang='lat'><strong>(4)</strong></span> <span class='ocrx_word' id='word_1_324' title='bbox 561 4583 628 4635; x_wconf 84' lang='lat' dir='ltr'><strong>Orat</strong></span> <span class='ocrx_word' id='word_1_325' title='bbox 640 4585 672 4635; x_wconf 88' lang='lat' dir='ltr'><strong>iu·</strong></span> <span class='ocrx_word' id='word_1_326' title='bbox 680 4586 750 4650; x_wconf 80' lang='lat' dir='ltr'><strong>Bapt</strong></span> <span class='ocrx_word' id='word_1_327' title='bbox 762 4584 864 4636; x_wconf 76' lang='lat' dir='ltr'><strong>christi.</strong></span> 
     </span>
     <span class='ocr_line' id='line_1_44' title="bbox 500 4670 791 4738; baseline 0.021 -20"><span class='ocrx_word' id='word_1_328' title='bbox 500 4670 543 4738; x_wconf 80' lang='lat' dir='ltr'><strong>(b)</strong></span> <span class='ocrx_word' id='word_1_329' title='bbox 563 4670 594 4721; x_wconf 88' lang='lat' dir='ltr'><strong>L.</strong></span> <span class='ocrx_word' id='word_1_330' title='bbox 602 4671 638 4724; x_wconf 89' lang='lat' dir='ltr'><strong>ili.</strong></span> <span class='ocrx_word' id='word_1_331' title='bbox 649 4673 680 4722; x_wconf 91' lang='lat' dir='ltr'><strong>de</strong></span> <span class='ocrx_word' id='word_1_332' title='bbox 692 4672 791 4724; x_wconf 80' lang='lat' dir='ltr'><strong>Sacerd.</strong></span> 
     </span>
    </p>
   </div>
   <div class='ocr_carea' id='block_1_7' title="bbox 0 0 1415 5092">
    <p class='ocr_par' dir='ltr' id='par_1_15' title="bbox 0 0 1415 5092">
     <span class='ocr_line' id='line_1_45' title="bbox 0 0 1415 5092; baseline 0 0"><span class='ocrx_word' id='word_1_333' title='bbox 0 0 1415 5092; x_wconf 95' lang='lat' dir='ltr'><strong> </strong></span> 
     </span>
    </p>
   </div>
  </div>
 </body>
</html>
