2798 5092
410 309 467 371 DE
488 309 676 370 VINGULO
698 310 968 373 MATRIMONII.
1227 317 1280 373 121

94 471 197 530 mittere
221 469 318 528 altero
332 479 538 547 propugnante,
560 478 681 547 negante
702 469 800 530 altero.
841 470 1054 549 Presbyteriani
1073 469 1176 529 docent
1196 470 1280 540 nihil,

93 580 185 648 prater
199 568 387 637 adulterium,
402 579 450 627 aut
463 569 605 646 ejusmodi
620 569 805 629 voluntariam
815 569 1015 638 desertionem,
1026 571 1073 628 cui
1088 570 1223 629 Ecclesia
1237 571 1282 629 vel

93 667 273 744 magistratus
297 664 405 724 mederi
429 684 486 724 non
500 666 602 733 valeat,
624 684 688 724 esse
712 685 827 725 causam
842 666 1029 725 sufficientem
1047 666 1176 726 solvendi
1190 667 1285 733 matri·

94 765 178 825 monii
192 765 369 823 vinculum.²
409 764 543 823 sectariis
559 763 704 840 plerisque
719 765 780 823 haec
794 775 861 825 sunt
875 765 1062 824 communia..

128 865 177 921 44.
200 861 299 938 Leges
314 861 412 919 civiles
427 861 457 919 in
480 860 608 920 statibus
611 860 769 942 soederotia
784 861 937 920 divortium
952 881 968 919 a
986 861 1100 920 vinculo
1121 864 1287 938 permittunt

95 956 152 1015 fieri
165 956 202 1015 ob
218 955 400 1024 adulterium,
413 974 477 1029 quae
491 955 553 1014 sole
565 956 722 1014 admittitur
735 957 806 1015 ratio
821 957 850 1015 iu
863 956 1018 1034 provinciis
1028 956 1057 1014 N
1060 956 1286 1025 eoEboracena,

97 1066 122 1113 et
133 1052 323 1112 lllinosiana:
351 1052 424 1111 Aliis
446 1052 590 1130 plerisque
612 1054 648 1110 ob
669 1053 772 1111 malam
794 1054 997 1120 tractationem,
1020 1051 1219 1128 desertionem,
1241 1065 1289 1112 ant

99 1149 255 1209 diuturnam
270 1149 440 1218 absentiam,
455 1168 518 1223 qum
541 1149 742 1235 quinquennio
764 1150 918 1208 aestitnatur
940 1151 971 1208 in
985 1149 1066 1209 Statu
1087 1149 1196 1217 Maiae,
1212 1150 1282 1208 illud

99 1247 328 1309 concedentibus.
371 1247 405 1306 ln
420 1247 501 1305 Statu
524 1245 646 1305 Obiensi
668 1248 787 1307 ebrietas
809 1266 861 1324 per
875 1247 1027 1306 trienninm
1042 1258 1086 1305 est
1099 1246 1213 1305 divortii
1228 1248 1288 1306 vin·

101 1346 148 1407 culi
162 1366 262 1432 cansa.
284 1346 379 1404 Penes
396 1345 607 1423 Legislatorum
621 1356 727 1404 eoetum
741 1356 786 1403 est
797 1345 825 1404 in
840 1345 985 1404 nonnullis
998 1345 1122 1404 Statibns
1136 1344 1288 1404 divortium
1312 1349 1321 1370 ⁸

101 1444 280 1512 concedere,¹¹
294 1442 371 1517 quod
386 1443 572 1501 tribunalibus
587 1443 729 1520 supremis
740 1443 858 1520 justitiae
872 1442 950 1520 leges
965 1442 1031 1501 alibi
1045 1442 1213 1501 concedunt.
1254 1442 1289 1501 In

102 1541 204 1600 dnobus
220 1539 359 1605 Statibus,
374 1538 543 1597 Tenuessee
558 1539 668 1597 scilicet
682 1549 710 1596 et
721 1537 856 1597 Carolina
866 1538 1096 1616 septentrionali,
1112 1540 1289 1615 legislatores

102 1649 203 1698 tantum
226 1637 405 1696 committere
420 1645 543 1713 possunt
557 1636 675 1712 speciali
689 1635 752 1712 lege
766 1646 935 1712 potestatem
956 1636 1107 1705 tribunali;
1130 1655 1186 1710 qua
1201 1637 1292 1695 valent

103 1735 248 1795 divortium
264 1735 293 1793 in
309 1752 377 1792 casu
393 1732 530 1809 singulari
545 1725 713 1791 concedere.
759 1797 762 1801 ,

133 1837 183 1892 45.
206 1831 335 1910 Legibus
359 1829 490 1888 civilibus
517 1841 628 1888 servata
648 1831 814 1898 reverentia,
839 1830 981 1890 Catholici
1003 1840 1100 1889 tenent
1120 1833 1292 1890 matrimonii

105 1932 243 2012 amonium
257 1928 336 1987 nulla
350 1928 474 1987 hnmana
486 1928 649 1985 auctoritate
663 1927 736 1985 solvi
752 1946 837 2004 posse
850 1927 942 2001 quoad
959 1930 1016 1985 vim
1031 1929 1105 2005 ejus,
1121 1949 1176 2003 qua
1196 1949 1291 1989 coram

105 2028 160 2088 lieo
174 2037 204 2086 et
217 2027 354 2087 Ecclesia
368 2025 507 2102 conjuges
531 2033 670 2082 tenentur.
712 2023 823 2082 Salutio
848 2042 912 2097 quae
926 2023 958 2080 fit
972 2024 1044 2100 legis
1057 2027 1220 2084 auctoritate
1235 2046 1293 2084 non

105 2126 162 2186 lacit
176 2139 207 2184 ut
222 2124 316 2182 valent
329 2123 462 2181 alteruter
477 2139 493 2178 e
507 2121 607 2178 solutis
623 2138 728 2178 novum
750 2120 820 2177 inire
835 2119 1011 2197 conjugium,
1027 2121 1103 2193 quod
1117 2140 1213 2179 eoram
1236 2123 1294 2181 Eo·

107 2222 184 2283 olesia
205 2220 365 2298 legitimum
381 2218 537 2276 habeatur:
559 2214 609 2273 sed
623 2225 766 2289 tamquam
783 2215 878 2273 violati
892 2215 1062 2275 sacramenti
1081 2235 1147 2275 reus
1162 2219 1291 2278 censuris

108 2316 484 2400 mbjacebite‘colesiasticis.

606 2490 791 2532 t‘ttor‘ostuto.

140 2636 376 2700 Matrimonium
399 2641 640 2694 coneummotum
654 2630 797 2710 fidelium
817 2630 901 2691 audo
918 2650 1062 2712 umquam
1082 2635 1117 2694 de
1137 2653 1239 2706 eouao,
1259 2655 1296 2696 aa

108 2720 240 2797 adulterii
253 2719 383 2813 quidem,
399 2727 523 2790 dissolui
531 2737 629 2808 potest
643 2727 742 2806 quood
757 2727 923 2787 vinculum.

141 2839 188 2895 tn.
210 2832 366 2893 Probatur
382 2828 408 2888 J.
424 2845 460 2886 cx
478 2826 652 2904 Scriptum.
696 2834 715 2862 ‘¹
729 2825 910 2898 Quicumque
923 2824 1062 2885 dimiserit
1076 2847 1194 2887 uxorem
1206 2847 1298 2899 suam,

109 2936 228 3009 etaliam
249 2930 374 2998 duxerit,
389 2927 558 2986 adulterium
585 2923 736 2982 committit
749 2940 836 2998 snper
849 2942 924 2981 eam.
966 2924 1006 2982 Et
1024 2925 1051 2983 si
1071 2944 1144 2985 uxor
1158 2928 1298 2986 dimiserit

109 3006 194 3096 sirum
217 3050 314 3098 suum,
330 3006 420 3087 etalii
435 3025 572 3103 nupserit,
588 3020 790 3080 moechatur.”⁸
830 3030 849 3057 ⁴⁶
864 3019 967 3080 Omnis
987 3024 1037 3096 qui
1052 3022 1167 3083 dimittit
1179 3042 1297 3085 uxorem

111 3151 199 3201 sunm,
219 3142 249 3189 et
270 3127 385 3186 alteram
409 3123 497 3187 ducit.
520 3120 690 3184 moeohaturr
718 3127 747 3175 et
770 3117 819 3190 qui
842 3116 989 3176 dimissam
1011 3138 1028 3176 a
1049 3120 1110 3178 viro
1131 3120 1208 3179 ducit
1230 3139 1299 3180 rnoe·

111 3229 251 3291 ebatur.”⁴
277 3233 297 3262 ‘⁴
309 3222 411 3283 Omnis
423 3220 474 3294 qui
487 3216 626 3275 dimiserit
637 3234 755 3272 uxorem
765 3233 856 3283 suam,
869 3225 989 3293 excepta
1000 3216 1192 3277 fornicationis
1201 3237 1297 3288 causa,

112 3331 250 3390 faciteam
272 3320 426 3382 moechari:
451 3315 543 3389 etqui
564 3298 1054 3382 dimissam‘duxerinadulteratss'⁵
1094 3315 1141 3375 Ex
1161 3316 1207 3375 his
1222 3319 1299 3376 testi-

111 3427 210 3487 moniis
225 3424 318 3496 liquet
331 3414 498 3475 adulterium
512 3429 627 3490 semper
639 3412 750 3487 patrari,
767 3409 879 3484 quando
894 3429 976 3480 uxor,
991 3412 1045 3471 etsi
1065 3412 1148 3470 suerit
1161 3415 1198 3472 ob
1213 3415 1299 3474 sorni·

112 3525 247 3584 cntionem
261 3539 279 3577 a
292 3515 385 3576 mariti
398 3510 542 3571 consortio
563 3507 690 3575 dimissa,
707 3526 794 3566 novas
809 3507 949 3566 contrabit
968 3509 1102 3585 nuptias:
1126 3510 1171 3568 vel
1185 3512 1299 3584 qnando

111 3616 159 3692 vii,
173 3637 275 3686 uxore,
289 3629 470 3690 quacumque
485 3608 519 3666 de
538 3626 632 3674 cansa,
648 3605 776 3687 dimissa,
791 3604 886 3673 aliam,
902 3605 965 3682 ipsa
979 3607 1101 3676 vivente,
1117 3607 1212 3668 ducit:
1236 3630 1299 3687 pro·

114 3721 175 3782 inde
198 3712 301 3798 prioris
317 3708 489 3773 matrimonii
501 3706 646 3765 vinculum
661 3705 753 3763 adhuc
767 3714 873 3782 perstet
885 3722 1003 3763 necesse
1016 3716 1069 3764 est.
1110 3706 1191 3766 Licet
1205 3709 1299 3786 igitur,

146 3952 186 4018 (l)
205 3944 344 4006 “Nothing
354 3943 400 3992 bnt
419 3937 536 4000 adultery,
554 3950 580 3986 or
591 3934 653 3984 such
664 3934 741 3984 wilful
753 3933 873 3983 desertina
885 3948 912 3982 aa
922 3948 970 3983 can
980 3949 1015 3984 no
1025 3949 1081 3999 way
1092 3935 1122 3985 be
1133 3933 1253 3986 remedied
1269 3937 1302 4001 by

115 4036 152 4088 tte
162 4034 255 4088 ohnroh
266 4048 293 4082 or
304 4028 360 4081 civil
371 4024 517 4088 magistrate,
535 4021 557 4071 ia
573 4035 647 4072 cause
665 4019 787 4071 sufficient
799 4015 828 4068 ol
840 4017 976 4082 dissolving
993 4019 1035 4070 tha
1046 4021 1110 4070 bend
1122 4022 1151 4071 of
1162 4021 1302 4084 marriage.”

118 4120 260 4173 Confession
271 4118 299 4168 of
306 4115 366 4166 saith
377 4113 416 4164 ch·
428 4110 496 4162 xxiv.

59 4226 61 4231 ·
147 4209 188 4274 (2)
206 4202 395 4268 “Neo-Jeep,
412 4194 557 4265 Murplond,
573 4191 696 4260 Verginio,
707 4187 786 4240 Sourta
807 4186 930 4240 carolino
947 4190 996 4240 and
1011 4188 1158 4241 matiana.
1194 4191 1225 4242 In
1237 4208 1304 4245 some

59 4274 61 4283 Ι
120 4293 143 4342 ol
156 4293 225 4344 those
235 4298 310 4340 states
325 4287 433 4337 divoroes
451 4286 482 4348 by
495 4280 584 4346 special
602 4286 653 4327 acts
664 4276 691 4326 of
704 4277 745 4325 the
757 4274 910 4339 Legislature
922 4291 963 4325 are
974 4291 1033 4341 very
1045 4275 1182 4326 commou.”
1218 4277 1306 4330 Kone,

123 4379 317 4437 Commentarios,
329 4377 375 4426 vol.
384 4375 409 4424 ii.
421 4391 445 4438 p.
457 4373 488 4422 iv.
502 4370 568 4419 Lect.
580 4367 656 4417 xxvii.
667 4382 693 4414 rr.
708 4365 763 4411 105.

152 4468 192 4533 (a)
211 4466 287 4516 Marc.
300 4480 324 4512 ι.
337 4464 376 4511 ιι.

154 4555 197 4620 (l)
212 4552 274 4602 Luc.
286 4549 336 4601 xvi.
351 4550 390 4597 18.

159 4640 198 4705 (5)
217 4638 277 4687 Mat.
288 4652 312 4685 v.
324 4635 365 4685 32.

201 4724 271 4781 Vna.
287 4719 421 4778 IV.-ll
