2798 5092
388 342 445 405 DE
466 342 741 405 SAORAMENTI
762 344 963 407 RATIONE.
1216 349 1270 406 tlt

564 1032 706 1096 CAPUT
727 1034 781 1095 111.

321 1273 380 1324 DE
413 1272 750 1325 SAGRAMENTI
783 1274 1025 1328 RATIONE.

123 1508 164 1562 26.
186 1511 204 1538 “
217 1500 471 1560 communissima
484 1512 513 1560 et
525 1501 584 1560 sere
595 1502 738 1562 unanImis
752 1502 805 1561 luit
826 1503 1024 1582 theologorum
1045 1502 1194 1570 sententia,
1210 1512 1275 1561 ante

95 1597 266 1659 Melchiorem
281 1598 410 1666 Canum,
422 1600 472 1674 qui
486 1600 601 1676 scripsit
615 1618 690 1658 anno
704 1603 791 1668 1562,
806 1611 1015 1660 sacramentum
1030 1601 1202 1661 matrimonii
1217 1620 1276 1663 non

95 1695 163 1756 alium
176 1697 281 1755 habere
297 1695 470 1765 ministrum,
485 1715 572 1770 quam
587 1697 667 1774 ipsos
681 1698 913 1757 contrahentes.”
941 1697 985 1757 lta
999 1708 1115 1758 testatur
1127 1699 1146 1757 J
1148 1700 1275 1777 osephus

96 1792 217 1864 Curribus,
240 1794 428 1855 doctissimus
443 1794 604 1872 theologus,
620 1795 669 1869 qui
684 1797 845 1872 nuperrime
867 1797 940 1855 hanc
955 1797 1102 1858 materiam
1127 1808 1281 1875 pertracta·

98 1892 133 1950 rit.
170 1893 267 1970 Hujus
283 1891 443 1959 sententiae,
457 1881 520 1965 qnae
535 1901 563 1949 et
577 1903 672 1951 nostra
682 1905 735 1961 est,
746 1895 815 1952 ratio
830 1895 973 1971 praecipua
985 1894 1096 1952 videtur
1110 1914 1185 1962 esse,
1199 1895 1278 1969 quod

96 2000 239 2049 contractus
254 1988 483 2056 matrImonialis‚
500 1988 592 2062 qualis
614 1989 647 2046 ab
669 1989 751 2047 initio
772 1992 875 2058 extitit,
890 1991 929 2048 sit
949 1991 1046 2066 ipsum
1066 2003 1278 2066 saqramentum

96 2103 161 2146 uovae
170 2089 241 2166 legis
255 2107 263 2155 3
287 2104 342 2144 nec
356 2085 433 2143 enirn
449 2084 582 2144 Christus
596 2084 724 2144 noscitur
738 2085 846 2160 aliquid
860 2087 890 2144 in
904 2105 940 2144 eo
959 2087 1138 2154 immutasse,
1154 2086 1206 2145 sed
1220 2088 1280 2164 pri-

98 2187 197 2245 mariam
224 2186 288 2263 ejus
317 2194 458 2251 naturam,
474 2181 594 2242 duorum
623 2184 733 2242 scilicet
759 2184 935 2243 individuam
963 2184 1139 2253 societatem,
1166 2203 1282 2244 revoca·

97 2284 135 2352 rit,
149 2286 201 2343 vim
215 2285 279 2361 ejus
294 2281 489 2341 inviolabilem
512 2280 672 2349 declaravit,
694 2293 724 2340 et
742 2300 795 2340 sua
812 2282 959 2340 sanctione
980 2282 1157 2342 sanctitatem
1173 2293 1201 2341 et
1216 2303 1278 2360 gra-

98 2381 151 2441 tiam
160 2383 314 2459 conjugum
328 2378 457 2436 fidelium
474 2377 573 2436 loederi
587 2377 699 2436 indidit.
741 2379 800 2437 Pro
814 2381 921 2437 ratione
937 2378 1022 2456 igitur
1036 2390 1205 2448 contractus,
1221 2381 1279 2457 ipsi

96 2480 230 2552 quisnam
252 2478 309 2537 sibi
332 2477 455 2536 invicem
477 2476 565 2535 fidem
585 2476 784 2554 oppignerant,
798 2478 921 2536 ministri
942 2477 1074 2537 videntur
1094 2480 1275 2537 sacramenti.

98 2577 150 2637 llac
160 2578 300 2637 sententia
320 2594 373 2633 sna
397 2574 578 2652 simplicitate
599 2575 823 2643 commendatur,
839 2585 867 2632 et
888 2593 976 2648 quum
998 2593 1050 2652 per
1070 2595 1160 2636 annos
1175 2577 1278 2636 saltem

99 2674 306 2752 quadringentos
322 2673 352 2731 in
366 2671 475 2730 sobolis
490 2670 649 2730 obtinuisse
664 2681 805 2740 noscatur,
829 2672 863 2729 ab
886 2689 920 2729 ea
935 2673 983 2730 vix
997 2672 1187 2732 recedendum
1203 2686 1282 2752 puta·

97 2789 156 2830 mus.
196 2771 335 2830 Rationes
354 2769 382 2826 iri
397 2779 547 2840 utramque
562 2777 670 2844 partem
685 2766 789 2843 agitare
810 2766 900 2825 nostri
922 2767 1042 2825 instituti
1062 2779 1188 2838 nonest,
1204 2788 1276 2844 quas

99 2868 159 2945 apud
190 2866 380 2927 Benedictum
404 2864 514 2933 XlV.,⁹
543 2862 743 2939 Sardagnam,⁸
762 2862 808 2921 vel
822 2864 926 2940 upsum
956 2863 1114 2933 cantares
1134 2868 1281 2944 expositas

98 2963 178 3024 videre
194 2965 259 3039 quis
275 2963 404 3040 poterit⁴

125 3068 170 3124 tt.
191 3062 316 3122 Constat
338 3060 454 3135 quidem
482 3079 519 3118 ex
548 3059 676 3118 omnium
704 3058 894 3117 consensione
914 3059 1071 3118 sacerdotis
1096 3063 1278 3137 presentiam

96 3172 118 3219 et
128 3163 286 3240 nuptiarum
308 3159 537 3225 celebrationem,
559 3159 643 3235 juxta
663 3158 747 3216 ritum
770 3156 1007 3227 ecclesiasticum,
1030 3160 1136 3232 requiri
1150 3180 1188 3219 ex
1209 3179 1278 3220 oon·
1308 3230 1318 3247 .

97 3259 232 3317 suetudine
247 3276 312 3331 qnae
326 3256 356 3314 in
371 3257 434 3332 ipsa
448 3255 594 3313 sanctitate
616 3254 787 3313 sacramenti
813 3254 960 3312 innititur:
983 3267 1012 3313 et
1025 3257 1147 3333 graviter
1161 3276 1280 3334 peccare

96 3355 281 3414 connabeutes
305 3353 365 3426 qni,
391 3362 487 3429 spreto
510 3350 664 3409 sacerdotis
686 3350 855 3419 ministerio,
870 3351 1050 3420 contrahunt,
1065 3354 1184 3411 remotis
1206 3356 1279 3415 arbi·

97 3449 146 3520 tris,
160 3451 204 3509 vel
220 3469 315 3510 coram
328 3467 460 3526 praeoone
472 3448 615 3515 haeretico,
632 3448 677 3505 vel
689 3466 786 3506 coram
799 3447 962 3524 magistratu
978 3449 1065 3509 civili.
1108 3451 1276 3517 Ministrum
1349 3450 1356 3473 ‘

97 3548 190 3609 idcirco
202 3546 399 3608 solemnitatis
420 3547 515 3623 plures
535 3546 633 3604 dicunt
653 3545 844 3611 sacerdotem,
855 3545 904 3617 qui
920 3555 1015 3604 tamen
1036 3560 1154 3608 censent
1169 3551 1277 3627 absque

97 3665 124 3708 eo
136 3659 164 3707 et
177 3658 349 3708 contractum
364 3655 392 3704 st
412 3655 620 3703 sacramentum
641 3663 705 3702 esse
726 3662 822 3721 posse,
838 3643 867 3702 in
883 3644 918 3702 iis
941 3646 1105 3723 regionibus
1121 3648 1149 3706 in
1172 3652 1276 3724 quibus

97 3744 136 3805 lex
151 3746 319 3806 Tridentina
334 3742 540 3802 clandestinum
557 3743 768 3802 matrimonium
781 3740 927 3802 declarans
943 3745 1109 3815 invalidum,
1125 3767 1183 3808 non
1194 3751 1280 3828 viget.

99 3844 226 3907 Adversa
240 3843 391 3904 sententiae
411 3841 522 3919 patroni
548 3841 667 3900 latentur
688 3853 861 3899 contractum
883 3843 1007 3902 existere
1027 3864 1113 3921 posse
1129 3847 1191 3904 solo
1213 3867 1280 3906 con·

99 3946 258 4005 trahentium
287 3958 441 4007 consensu,
465 3951 675 3996 sacramentum
700 3940 768 3996 verd
793 3956 974 4012 nequaquam
995 3942 1102 4016 absque
1125 3944 1279 4004 sacerdotis

99 4062 192 4123 opera:
208 4060 293 4116 quam
308 4050 403 4097 tamen
415 4035 624 4095 distinctionem
639 4044 824 4094 contractosa
838 4049 1015 4097 sacramento
1030 4041 1059 4098 in
1072 4041 1278 4116 baptizatorum

100 4136 235 4200 bominum
257 4133 365 4222 npptiis
387 4133 519 4210 rejiciunt
539 4132 684 4209 Theologi
708 4133 851 4200 contrarii,
877 4142 1022 4208 tamquam
1043 4135 1228 4199 fundamento
1250 4143 1280 4202 in

128 4319 166 4384 (1)
185 4317 223 4367 De
234 4311 400 4372 Matrimonio,
411 4326 484 4375 opera
499 4310 514 4360 J
517 4327 551 4360 os.
564 4309 682 4370 Carriere,
694 4311 761 4361 Sem.
772 4311 799 4360 S.
816 4310 916 4376 Sulpitii
933 4311 1033 4376 Presby.
1052 4313 1107 4362 Vic.
1126 4314 1191 4366 Gen.
1207 4318 1286 4370 Paris.

103 4420 156 4455 rouo
168 4407 239 4455 18³7.
279 4418 282 4423 ·

131 4492 167 4558 (2)
185 4491 222 4541 De
233 4487 337 4556 Synodo
349 4486 365 4534 1.
378 4484 430 4533 viii.
441 4500 464 4533 c.
475 4482 518 4533 xii.
530 4483 582 4533 xiii.

133 4577 169 4644 (3)
186 4577 222 4628 De
233 4575 346 4628 Matrim.
358 4579 400 4621 art.
413 4570 463 4619 viii.
475 4571 590 4621 controv.
602 4569 659 4632 i.qu
674 4571 698 4617 3.
710 4572 735 4618 4.
749 4573 771 4619 5.

133 4665 168 4730 (4)
185 4666 220 4716 De
230 4663 345 4717 Metrim.
357 4660 404 4708 vol.
416 4661 431 4709 i.
444 4675 465 4708 c.
476 4660 500 4708 ii.
