2812 5092
166 353 224 411 802
341 354 353 380 ⁹
651 344 880 407 APPFNDIX.

165 508 309 568 extinctus
334 512 388 564 est.
429 503 600 573 Fratricelli,
626 503 780 582 Beguardi,
806 504 956 582 Beguiure,
982 512 1011 564 et
1038 501 1210 562 Duchnistae
1237 501 1358 561 damnati

162 614 238 664 suut.
279 601 436 680 Expeditio
461 602 547 662 etiam
569 619 643 660 nova
665 620 718 677 pro
741 612 814 660 terra
835 613 932 658 sancta
950 598 1142 677 recuperanda
1165 597 1285 656 decreta
1307 608 1355 656 est.

162 701 364 762 Ecclesiastica
378 699 529 778 disciplina
540 700 728 758 sanctissimis
742 699 853 757 statutis
867 708 911 756 ast
925 697 1034 756 munita
1046 697 1076 756 in
1091 695 1194 781 eodem
1214 707 1305 754 coetu.

203 799 378 857 Concursus
401 797 484 856 XVI.
511 795 1021 864 OEcurranrcun,(lousaaua1ausa,
1043 805 1176 854 eoactum
1200 793 1269 861 fuit,
1290 811 1357 851 auno

167 893 541 973 laureshamensium
557 894 683 954 schisma
696 894 769 952 inter
784 893 997 956 Baltbassarem
1013 892 1139 951 Oossam
1160 892 1213 965 qui
1235 890 1357 950 Ioannes

164 993 278 1054 XXIII.
297 993 500 1071 appellabatur,
515 993 633 1052 Petrum
648 993 683 1049 de
698 992 791 1060 Luna,
807 992 856 1065 qui
871 1002 900 1050 et
914 991 1085 1050 Benedictus
1099 990 1186 1049 XIII.
1199 991 1366 1066 vocabatur,¹

166 1103 196 1151 et
218 1091 362 1168 Angelum
387 1090 550 1159 Oorarium,
576 1090 626 1163 qui
653 1090 811 1166 Gregorius
836 1089 905 1147 XII.
930 1089 1154 1165 nuncupabatur.
1198 1087 1359 1146 Balthassar

164 1188 269 1255 Oossa,
284 1187 459 1264 pontificatu,
474 1204 560 1259 quem
582 1186 637 1244 sibi
659 1195 803 1259 nmquam
823 1185 982 1243 Successor
1003 1183 1160 1243 Alexandri
1175 1183 1231 1258 V.‚
1245 1184 1357 1250 incon·

161 1304 244 1345 sessu
259 1285 366 1345 Pisano
380 1284 474 1351 electi,
490 1282 658 1350 vindicabat,
673 1296 784 1359 patrum
805 1284 944 1343 sententia
959 1281 1086 1359 dejectus
1107 1291 1162 1348 est,
1177 1283 1352 1340 enumeratis

161 1383 379 1460 quamplurimis
403 1382 467 1458 ejus
492 1381 668 1439 criminibus.
721 1381 876 1439 Sententia
907 1380 969 1456 ipse
999 1379 1162 1453 acquievit:
1202 1380 1356 1457 Gregorius

163 1493 255 1539 autern
271 1498 324 1537 suo
338 1496 378 1536 se·
385 1478 450 1555 jare
464 1477 604 1535 abdicavit
618 1478 654 1536 ob
669 1476 814 1536 Ecclesiae
829 1494 929 1553 pacem
946 1495 954 1533 r
979 1476 1083 1534 Petrus
1098 1476 1133 1534 de
1149 1475 1237 1534 Luna
1251 1475 1356 1553 deposi-

162 1589 207 1638 tus
222 1561 350 1637 omnium
363 1593 504 1634 consensu
519 1583 573 1641 est,
585 1574 720 1648 omnique
733 1575 808 1651 juris
820 1574 917 1650 specie
930 1574 1079 1651 spoliatus.
1102 1575 1153 1632 Sic
1169 1574 1249 1632 Sede
1264 1592 1355 1641 vacua,

163 1676 258 1734 dubiis
272 1674 388 1732 remotis
404 1673 597 1748 pontificibus,
611 1673 753 1730 Martinus
768 1673 805 1730 V.
822 1672 929 1732 electus
945 1685 999 1741 est,
1015 1673 1065 1746 qui
1085 1673 1186 1733 omnia
1207 1684 1237 1731 et
1250 1672 1356 1751 singula

162 1772 276 1832 decreta
286 1771 321 1830 in
333 1769 468 1829 materiis
475 1769 553 1848 fidei
567 1788 619 1827 sua
630 1771 794 1829 auctoritate
805 1770 993 1838 confirmavit,
1009 1789 1042 1829 ea
1053 1772 1164 1830 scilicet
1176 1791 1242 1845 quae
1254 1789 1355 1830 errores

165 1869 287 1928 Ioannis
303 1867 385 1926 Huss
399 1879 428 1927 et
441 1867 617 1944 Hieronymi
631 1867 666 1925 de
683 1869 773 1945 Praga
788 1870 964 1946 spectabant.
1007 1867 1118 1927 Caetera
1139 1888 1206 1942 quoe
1229 1867 1355 1929 confiliu-

163 1965 245 2034 riter‚
262 1983 313 2025 seu
327 1965 513 2025 conciliorum
538 1983 627 2033 more,
649 1965 722 2023 sacta
736 1984 794 2024 non
815 1976 891 2033 suut,
906 1965 956 2024 sed
972 1977 1097 2025 eoetunm
1118 1967 1250 2026 civilium
1266 1967 1354 2032 instar,

165 2064 324 2127 nationum,
352 2063 535 2139 potiusquam
570 2062 749 2138 singulorum
778 2063 992 2139 episcoporum,
1015 2064 1171 2137 exquisitis
1204 2063 1355 2141 sufi'ragiis,

155 2161 311 2239 'pontificia
324 2171 473 2219 caruerunt
486 2160 719 2218 confirmatione:
743 2160 871 2236 pontifex
885 2162 996 2219 scilicet
1010 2171 1029 2198 “
1042 2163 1107 2238 ipsa
1117 2162 1160 2219 sie
1173 2163 1356 2221 conciliariter

164 2260 236 2319 sacta
250 2260 387 2336 approbat
400 2270 428 2317 et
440 2258 568 2325 ratificat,
581 2271 610 2317 et
624 2277 681 2317 non
696 2259 785 2327 aliter,
801 2278 854 2317 nec
870 2260 926 2318 alio
941 2258 1065 2327 modo;”
1081 2271 1262 2339 quapropter
1273 2261 1356 2320 decla·

168 2358 293 2416 rationes
318 2356 353 2414 de
378 2356 564 2414 conciliorum
589 2356 620 2412 iu
645 2357 814 2414 Pontificem
841 2357 1014 2425 auctoritate,
1042 2359 1202 2434 prasertim
1229 2359 1258 2417 si
1281 2371 1354 2416 extra

164 2437 262 2512 casum
287 2452 450 2534 schismatis
475 2450 672 2519 extendantur,
693 2452 766 2510 inter
790 2452 857 2510 fidei
883 2452 1064 2513 definitiones
1091 2454 1280 2513 recensenda
1302 2472 1354 2513 uon

166 2561 242 2608 sunt.

204 2645 376 2705 Concramu
387 2642 483 2702 XVII.
497 2643 725 2712 OEcnnaurcurr,
737 2645 970 2716 Faoaaurrnurr,
984 2648 1109 2706 habiturn
1122 2659 1169 2705 est
1179 2649 1217 2708 ab
1231 2649 1356 2726 Eugeuio

165 2744 231 2810 lV.‚
248 2744 465 2816 absolutumque
480 2762 554 2801 anno
572 2747 657 2802 1439.
699 2744 820 2802 Basileae
835 2756 968 2826 coegerat
981 2747 1137 2804 concilium
1155 2748 1299 2808 Martinus
1313 2748 1357 2813 V,

165 2861 223 2917 quo
238 2842 351 2901 interIm
366 2841 499 2900 defuncto
514 2860 663 2900 successor
675 2843 738 2919 ejus
753 2842 903 2920 Engeuins
918 2844 970 2902 lV.
984 2844 1053 2903 illud
1069 2845 1168 2903 haberi
1187 2848 1283 2906 voluit
1296 2866 1358 2924 pre·

166 2938 228 2997 side
243 2939 337 3016 legato
351 2939 413 3015 ejus
434 2937 550 2996 Juliauo
566 2937 724 2997 cardinali.
759 2939 935 2998 Praesulibus
950 2941 1030 3017 plura
1045 2941 1283 3018 aggredientibus
1296 2961 1358 3020 pon·

166 3037 261 3095 tificiis
285 3036 442 3112 privilegiis
457 3049 485 3093 et
505 3035 760 3113 consuetudinibus
784 3036 912 3105 adversa,
935 3039 1022 3096 solvit
1042 3039 1202 3098 concilium
1226 3041 1357 3118 pontifex,

165 3135 258 3211 legato
273 3145 414 3190 rerocmo.
438 3132 625 3192 Perstiteruut
639 3134 781 3210 episcopi,
798 3135 918 3210 preside
941 3134 1089 3194 Ludorico
1102 3137 1280 3207 Alemauno,
1297 3139 1358 3196 Oar-

165 3229 252 3288 dinali
267 3237 296 3286 et
309 3228 468 3286 Arelatensi
483 3229 631 3304 episcopo,
648 3230 796 3302 ruinasque
811 3229 1000 3306 depositionis
1016 3233 1150 3309 Eugenio
1165 3234 1357 3302 intentaruntr

166 3329 216 3402 qui
233 3326 395 3403 tempestati
410 3326 588 3398 aliquatenus
610 3326 770 3386 cedendum
792 3341 878 3397 ratus,
900 3331 1052 3388 concilium
1074 3330 1206 3408 legitime
1221 3335 1357 3392 continua·

165 3434 226 3482 turn
251 3424 340 3482 Iuisse
355 3441 509 3500 agnoscere
535 3425 690 3492 consensit,
706 3423 862 3484 dummodo
885 3445 949 3500 quae
971 3427 1157 3487 adversatae
1173 3431 1238 3505 juri
1260 3441 1358 3507 patrata

167 3534 247 3580 crant
262 3534 469 3581 revocarentur.
511 3523 618 3581 Postea
632 3535 725 3581 tamen
739 3524 875 3583 Sessione
889 3526 1002 3584 XVIII.
1013 3528 1149 3586 iterarunt
1164 3530 1304 3604 praesules
1318 3528 1357 3587 de·

166 3632 275 3677 cretum
286 3619 321 3676 de
336 3619 450 3677 concilii
466 3638 523 3695 prae
540 3620 675 3696 pontifice
691 3624 855 3698 praestantia
869 3643 876 3691 3
893 3636 1065 3701 quapropter
1078 3625 1164 3684 solvit
1179 3628 1283 3685 iterum
1299 3647 1357 3686 con·
1398 3664 1400 3675 ·

166 3716 263 3775 cilium
280 3715 441 3792 Eugenius,
457 3716 587 3791 illudque
598 3718 761 3776 Ferrariam
788 3721 938 3789 transtulit,
954 3740 1028 3781 anuo
1056 3726 1151 3792 1437;
1179 3724 1249 3784 iude
1271 3740 1357 3784 auten
1398 3726 1400 3857 Ι

165 3833 241 3873 auno
255 3813 386 3885 sequenti
400 3812 586 3881 Florentiam,
602 3825 682 3892 peste
703 3815 862 3875 Ferrariam
885 3830 1020 3878 vastante.
1063 3819 1160 3897 Oaput
1183 3834 1286 3882 secuta
1298 3831 1357 3880 sunt

165 3912 300 3989 pleraque
322 3909 437 3967 concilii
463 3911 599 3980 membra,
626 3913 723 3988 paucis
744 3916 924 3974 manentibus
958 3916 1089 3985 Basileus,
1113 3919 1175 3992 qui,
1202 3922 1284 3981 omni
1300 3922 1357 3999 jure
1396 3896 1400 3965 I

165 4007 342 4071 conculcato,
357 4004 480 4082 deiicere
494 4008 567 4065 solio
581 4007 741 4085 legitimum
759 4021 926 4085 certumque
945 4014 1108 4089 pontificem
1133 4019 1265 4094 aggressi
1289 4029 1356 4084 suut,

164 4108 298 4184 antipapa
323 4103 462 4172 Amadeo,
479 4105 736 4176 Duce‘Sabaudiae,
760 4109 875 4167 nornine
901 4108 1006 4169 Felicis
1022 4113 1059 4170 V.
1085 4113 1188 4183 electo,
1205 4117 1258 4190 qui
1279 4115 1356 4194 paulo
1398 4116 1400 4151 ²

167 4217 232 4283 post
246 4204 325 4263 inani
346 4203 489 4282 pontificis
505 4205 586 4263 titulo
601 4224 632 4263 se
654 4207 803 4266 abdicavit.
845 4210 1011 4269 Florentino
1031 4211 1153 4271 concilio
1170 4215 1288 4290 prefuit
1307 4215 1359 4274 Eu·
1398 4264 1400 4269 .

135 4313 138 4318 ’
165 4303 267 4379 genius
282 4301 347 4370 IV.‚
364 4299 530 4359 decessores
557 4320 625 4359 suos
649 4303 785 4370 imitatus,
808 4306 858 4378 qui
881 4307 989 4364 caeteris
1004 4308 1136 4366 omnibus
1160 4311 1191 4368 in
1207 4309 1360 4370 Occidente
1398 4298 1400 4345 i

166 4398 269 4456 habitis
284 4399 414 4458 conciliis
430 4400 630 4458 OEcumeuicis
646 4403 818 4476 praefuerant
831 4424 838 4473 ς
860 4405 961 4482 legatis
973 4407 1032 4463 suis
1046 4406 1074 4464 in
1086 4406 1287 4468 Orientalibus
1300 4428 1361 4469 con·

147 4494 238 4553 ¹ciliis
263 4495 339 4555 vices
365 4515 431 4556 suas
457 4499 625 4575 plerumque
640 4500 820 4559 obeuntibus.
861 4502 910 4560 Ex
932 4503 1163 4563 Occidentalibus
1190 4509 1360 4584 praesulibus

167 4589 282 4651 adfuere
308 4595 326 4664 8
349 4593 517 4663 cardinales,
533 4599 568 4652 sl
591 4597 730 4674 episcopi,
752 4616 790 4655 ex
813 4596 1006 4658 Orientalibus
1028 4601 1178 4678 Iosephus
1202 4603 1362 4681 patriarcha

165 4686 512 4765 constantinopolitanus,
528 4690 653 4752 Basilius
671 4694 828 4772 patriarcha
842 4695 1112 4774 ierosolymitanus,
1125 4699 1239 4762 Vinarii
1251 4705 1362 4782 patriar·
