2798 5092
551 344 775 406 APPENDIX.
1204 352 1263 413 bl't

103 497 266 566 summm
281 518 298 557 a
322 499 446 563 Prodico
467 501 609 562 Gnostico
621 478 746 564 ‘homine
761 504 815 564 orti
828 515 913 573 sunta
936 520 1099 580 nomenque
1114 509 1206 567 sortiti
1226 511 1262 567 ab

70 593 137 660 uda,
153 612 242 668 quem
257 595 365 654 nudum
381 597 411 656 in
431 597 492 655 suis
514 599 635 658 caetibus
656 600 855 670 imitabantur;
877 601 1048 678 promiscue
1070 603 1263 663 stiamindul·

68 706 163 769 gentes
176 691 316 752 libidinis

102 789 244 858 Oratam,
260 800 376 851 auctore
390 792 538 871 Euphrate
564 793 698 866 quodem,
714 792 862 855 Christum
886 797 1029 874 serpentis
1050 797 1150 874 specie
1171 797 1263 858 Aulam

65 885 211 964 decepisse
227 902 398 958 asserentes,
414 908 538 964 eumque
553 891 582 949 in
597 903 758 968 serpentem
783 911 908 962 versum,
930 906 1094 971 serpentem
1115 894 1181 955 ideo
1195 895 1263 956 ado·

64 983 168 1043 rabant.
211 981 362 1045 Christum
376 1005 392 1044 a
405 985 477 1045 Jssu
491 1005 541 1045 eos
555 985 722 1047 distinxisse
737 989 822 1048 refert
836 989 1058 1058 Theodoretust
1080 1000 1109 1050 et
1122 991 1256 1052 docuisse

64 1078 211 1141 Christum
224 1099 242 1139 e
255 1082 329 1141 colo
343 1083 486 1143 inlesum
501 1082 695 1145 descendisse.

100 1175 253 1236 &aaran
266 1178 466 1238 existimabunt
483 1179 554 1239 Seth
568 1197 636 1239 esse
651 1179 813 1242 Christum.

100 1274 236 1336 Carnam
261 1276 396 1348 Caicum,
419 1280 510 1349 Esau,
533 1279 620 1348 Core,
647 1280 772 1350 Dathan,
799 1281 921 1350 Abirou,
950 1281 1056 1376 Judanp
1079 1283 1259 1354 Iscariotem,

63 1369 189 1445 aliosque
203 1372 348 1450 improbos
363 1384 506 1450 tamquam
521 1395 538 1434 a
553 1377 704 1453 potentiori
714 1377 970 1455 virtuteprolectos
982 1379 1130 1448 colebant;
1152 1380 1260 1458 flagitia

64 1470 157 1529 omnia
169 1470 337 1530 adsalutem
353 1473 428 1532 viam
442 1483 568 1533 sternere
578 1475 763 1544 asserebant3
777 1477 894 1554 angelos
906 1476 1035 1537 diversos
1045 1497 1097 1555 pro
1106 1479 1258 1540 libidinum

64 1569 192 1631 ranetate
206 1569 370 1648 fingebante
387 1571 621 1650 blasphemabant
633 1573 728 1632 Deum
741 1573 815 1652 legis
830 1585 994 1645 auctoremt
1010 1577 1152 1655 negabant
1164 1597 1260 1638 resur·

63 1663 225 1734 motionem,
241 1668 432 1745 baptismique
446 1669 616 1729 adsalutem
630 1670 832 1729 necessitatem
847 1672 1079 1750 impugnabant.¹

98 1761 321 1834 Huuoeanes,
335 1784 352 1824 a
366 1764 530 1825 Christiana
545 1766 601 1826 tide
615 1768 669 1826 sub
684 1769 772 1828 finem
786 1768 905 1828 secundi
919 1770 1018 1830 saeculi
1032 1770 1184 1842 deficiens,
1198 1791 1257 1833 ma·

63 1861 156 1920 briam
171 1879 236 1921 esre
248 1862 313 1922 Deo
327 1874 495 1924 coeternam
511 1865 585 1924 inter
599 1865 670 1924 alios
685 1883 796 1925 errores
810 1866 920 1928 docuit.

545 2041 602 2102 111.
622 2042 760 2103 Securo.

96 2192 258 2268 bertranus,
274 2198 443 2261 Bostrornm
470 2201 500 2259 in
523 2192 629 2259 Arabia
653 2201 818 2279 episcopus,
840 2200 961 2261 asseruit
983 2200 1089 2262 Filium
1118 2202 1175 2263 Dei
1196 2223 1255 2264 non

60 2292 145 2354 fuisse
173 2306 238 2356 ante
260 2316 344 2371 quam
366 2298 396 2357 in
421 2298 545 2357 humana
566 2317 650 2358 carne
670 2298 814 2358 extiterit:
836 2294 889 2357 sed
908 2299 946 2358 ah
964 2299 1093 2378 Origene
1111 2300 1147 2360 ad
1165 2301 1254 2383 ,fidem

61 2404 205 2452 revocatus
224 2405 278 2452 ost.

97 2480 249 2552 Pnrvrtrus
264 2491 377 2553 incertae
392 2494 534 2553 hereseos
549 2502 645 2552 auctor
659 2493 689 2553 in
702 2492 825 2554 concilio
846 2488 1017 2556 Labesitnno
1039 2494 1188 2556 damnatus
1211 2507 1255 2555 est

60 2584 133 2648 auno
146 2592 216 2659 240,
227 2599 275 2648 eut
288 2590 419 2659 circitert
433 2590 577 2666 latamque
591 2591 621 2649 in
636 2609 703 2650 eum
726 2590 903 2653 Sententiam
918 2594 1098 2656 confirmavit
1111 2594 1254 2656 Fabianus

60 2678 146 2765 Papa.

92 2770 203 2844 Arabes
220 2783 346 2859 quidam,
370 2784 494 2843 ahimam
517 2805 584 2844 cum
605 2772 724 2863 corpore
739 2786 879 2864 extingui,
895 2787 998 2847 iterum
1013 2807 1080 2846 curn
1093 2807 1128 2847 eo
1145 2802 1253 2848 surrec-

60 2891 157 2950 turam,
173 2891 344 2950 asserentes,
360 2882 389 2941 in
404 2882 527 2942 concilio
542 2883 675 2951 Arabico,
691 2883 739 2941 eui
756 2870 845 2942 adsuit
865 2882 1017 2961 Origenes,
1030 2904 1105 2944 auno
1119 2887 1190 2954 att,
1206 2896 1254 2944 aut

57 2977 261 3050 tendantne
278 2991 355 3040 eunt.

92 3080 312 3149 Femcrssrrrus,
334 3079 470 3139 suadente
499 3078 623 3150 Novato,
640 3078 776 3139 ‘schisma
799 3089 896 3140 eontra
916 3081 949 3139 S.
971 3081 1153 3160 Cyprianum
1174 3083 1250 3150 fecit,

57 3166 297 3251 Fortunatumque
325 3177 622 3255 Pseudo-episcopum
651 3174 785 3237 constitui
814 3179 942 3249 euravit;
978 3176 1158 3258 cyprianum
1185 3197 1252 3256 erga

56 3275 151 3354 lapsos
176 3275 334 3335 severitatis
360 3275 505 3343 incusans,
528 3295 615 3351 quem
635 3275 722 3353 etiarn
750 3275 918 3355 episcopatu
946 3276 1075 3336 abdicare
1097 3295 1248 3354 aggressus

55 3385 106 3434 esi.

92 3468 248 3541 Nouanus,
262 3472 411 3551 presbyter
435 3470 680 3549 carthaginensis,
696 3471 1001 3533 excommunicationis
1016 3472 1124 3531 fulmen
1138 3473 1175 3532 ob
1190 3493 1250 3552 gra·

56 3561 173 3630 sissima
195 3568 320 3629 facinore
342 3580 483 3638 metuens,
498 3569 620 3629 Romam
645 3562 727 3649 sugit,
753 3584 781 3631 et
810 3570 1026 3641 Novarrarsuur,
1048 3572 1248 3650 presbyterum

55 3667 227 3733 Romanum,
243 3667 277 3725 ad
292 3667 417 3725 schisma
432 3666 555 3743 impulit.
596 3666 671 3726 Tres
692 3667 856 3745 episcopos,
871 3667 1003 3726 homines
1018 3667 1103 3744 plene
1117 3669 1202 3728 rudes
1217 3689 1248 3729 ec

54 3764 211 3843 simplices,
226 3783 262 3822 ex
278 3763 417 3823 vilissima
428 3764 519 3823 ltalia
529 3776 606 3840 parte
621 3764 737 3832 accitos,
753 3764 787 3822 ad
803 3763 969 3823 tradendum
984 3762 1039 3822 sibi
1050 3765 1246 3842 episcopatum

54 3865 174 3940 pervim
191 3881 224 3919 ac
239 3859 366 3920 fraudem
382 3861 411 3919 N
414 3861 561 3919 cratianus
576 3862 681 3938 etegit:
704 3869 914 3934 sectatoresque
929 3879 997 3919 suos
1012 3859 1049 3918 ed·
1059 3860 1245 3919 deserendum

54 3960 223 4024 Cornelium
238 3960 398 4038 legitimum
414 3959 581 4036 pontificem
596 3959 745 4018 tremendo
753 3954 950 4037 jurejurlndo,
965 3959 1033 4017 dum
1048 3959 1243 4018 eucharistiam

53 4060 87 4119 iis
100 4058 285 4125 ministraret,
301 4057 491 4116 constrinxit:
509 4066 528 4093 ‘⁶
540 4056 611 4116 iura
624 4057 694 4115 mihi
706 4074 757 4134 per
766 4057 880 4133 Corpus
895 4065 924 4113 et
937 4056 1113 4133 Sanguinem
1128 4055 1247 4115 Domini

51 4157 139 4218 nostri
154 4155 227 4215 Jesu
245 4154 366 4222 Christi,
382 4166 409 4212 te
423 4173 579 4227 numquam
595 4172 673 4212 meas
695 4162 790 4231 partes
804 4152 1002 4221 deserturumt
1022 4171 1076 4211 nee
1089 4151 1124 4210 ad
1139 4152 1247 4212 Corne·

47 4255 118 4315 lium
147 4271 214 4312 esse
257 4251 445 4310 rediturum.'’
486 4250 632 4309 Haeresina
665 4249 816 4309 schismati
853 4247 984 4327 adjunxit
1016 4260 1044 4306 et
1081 4248 1244 4309 “omnibus

47 4353 194 4415 Ecclesiis
208 4349 319 4424 ubique
330 4350 446 4427 scripsit
458 4350 577 4417 litteras,
590 4348 632 4405 uti
656 4364 706 4406 eos
728 4349 779 4423 qui
798 4346 957 4407 simulacris
971 4346 1178 4416 immolassent,
1195 4350 1246 4407 mi·

317 4588 357 4655 (l)
378 4587 471 4654 Bpiph
481 4587 539 4638 her.
555 4587 590 4637 nt
601 4585 752 4637 Theodorou
761 4586 780 4637 h
792 4588 804 4634 l
816 4585 848 4636 tle
857 4583 916 4637 her.
926 4580 973 4634 leb.

271 4672 283 4714 l
318 4678 361 4743 (2)
380 4677 525 4729 Tartuluan
536 4677 552 4727 l.
561 4676 591 4727 tle
602 4677 668 4740 hope
682 4691 704 4725 c.
714 4675 731 4726 i.

625 4768 682 4823 27⁴
