2798 5092
368 350 424 410 DE
445 349 738 411 BEthTUDlNE
759 350 958 415 munh.
1202 353 1263 411 atu

72 510 185 585 quidem
211 528 313 569 omnes
336 510 370 568 ad
395 510 561 569 dexteram:
583 509 635 568 sed
659 510 731 569 alius
752 521 807 568 stat
827 522 859 568 nt
878 528 1013 587 sponsus,
1029 510 1101 569 nlius
1116 518 1147 568 ut
1167 509 1261 578 frater,

71 607 138 665 alius
153 616 185 664 nt
199 606 287 665 filius.
311 648 318 664 .
342 648 350 664 .
373 648 382 664 .
404 607 480 667 lnter
494 606 587 665 David
601 607 697 665 virum·
708 618 848 675 sanctum,
861 619 890 665 et
899 607 969 665 Saul
981 625 1078 684 regem
1092 607 1261 685 pessimum,

69 705 177 763 medius
202 703 342 763 Jonathas
363 704 424 762 fuit.
467 705 561 771 Quem
581 721 634 761 nec
658 705 732 761 inter
752 703 852 762 hoedos
874 722 1028 780 possumus
1054 722 1171 780 ponere,
1194 703 1261 776 quin

68 802 214 880 prophetae
228 819 325 859 amore
346 800 450 878 dignus
465 810 529 868 est3
552 819 605 858 nec
629 800 702 862 inter
724 802 836 868 arietes,
851 820 887 860 ne
911 819 1008 877 parem
1033 818 1098 858 eum
1124 800 1261 858 iaciamus

68 897 169 966 David,
184 897 311 956 maxime
322 916 387 955 cum
403 908 431 955 et
445 899 512 974 ipse·
531 897 695 956 interiectus
709 897 756 955 sit.
798 898 863 956 Erit
876 898 962 975 igitur
975 899 1049 955 inter
1065 915 1145 964 oves,
1158 897 1209 955 sed
1229 898 1261 956 in

67 994 191 1053 inferiori
205 993 315 1053 ordine.
357 993 398 1051 Et
418 993 564 1067 quomodo
585 995 658 1052 inter
672 993 764 1052 David
779 1005 807 1051 et
821 993 975 1060 Jonathan,
991 994 1030 1051 ita
1049 993 1123 1051 inter
1135 1011 1220 1052 ovem
1233 1001 1263 1052 et

67 1111 147 1151 ovem
158 1091 270 1170 cogeris
285 1093 431 1168 suscipere
446 1090 669 1149 differentias.”²
708 1091 815 1149 Meritd
829 1091 938 1151 ideireo
951 1091 1148 1168 Hieronymus
1164 1090 1259 1149 addit:

69 1201 87 1229 ‘⁶
99 1191 170 1249 Haec
186 1210 251 1248 vera
265 1202 310 1248 est
323 1191 490 1248 Antichristi
506 1190 679 1268 praedicatio,
695 1209 760 1265 quae
774 1191 847 1249 inter
859 1191 878 1251 J
880 1210 1000 1251 oannem
1012 1201 1041 1250 et
1052 1190 1184 1249 ultimum
1198 1207 1258 1267 pm·

72 1287 205 1346 nitentem
220 1287 328 1346 nnllam
342 1287 411 1345 iacit
423 1286 617 1346 distantiam..'’
971 1336 974 1343 .

104 1389 159 1442 10.·
175 1383 242 1462 ouj.
258 1388 287 1446 3..
309 1385 369 1451 Qui
391 1383 504 1442 diversa
525 1385 643 1460 praernia
662 1403 714 1460 pro
737 1387 874 1444 virtutum
887 1385 1109 1458 meritorumque
1124 1383 1259 1441 varietate

66 1482 167 1548 statuit,
182 1480 303 1559 gloriam
324 1499 362 1538 ex
376 1480 525 1549 hominum
541 1482 659 1550 meritis,
676 1483 767 1559 magis
782 1502 866 1556 qnam
888 1501 927 1541 ex
940 1482 996 1540 Dei
1011 1480 1216 1547 munificentia,
1231 1490 1261 1538 et
1331 1475 1334 1481 ’

66 1579 169 1638 Christi
185 1580 293 1639 meritis
309 1579 434 1656 pendere
450 1581 527 1638 lacit.

100 1677 188 1754 neap.
211 1676 278 1735 Vita
287 1687 391 1736 aeterna
404 1679 490 1754 gratis
503 1677 652 1737 donatura
665 1678 732 1737 Deo.
741 1688 856 1755 propter
872 1677 982 1736 Christi
996 1679 1117 1737 meritae
1133 1686 1258 1736 attamen

66 1775 274 1852 sapientissimo
289 1775 412 1834 consilio
425 1775 506 1835 Deus
521 1777 629 1853 majora
643 1777 746 1854 gaudia
760 1778 856 1835 tribuit
870 1776 1013 1837 ardentius
1026 1776 1220 1854 diligentibus,
1231 1785 1260 1834 et

65 1871 191 1931 fidelibus
205 1872 406 1939 laborantibus,
422 1891 481 1945 qna
493 1873 600 1931 ratione
615 1873 752 1932 homines.
760 1874 794 1932 ad
807 1875 945 1932 bonorum
959 1892 1081 1950 operum
1092 1873 1261 1932 exercitium

66 1979 260 2047 provocantur.
276 1969 384 2028 Divina
393 1970 588 2028 munificentia
599 1971 628 2028 in
643 1989 677 2030 eo
690 1971 795 2039 elucet,
808 1970 885 2045 quod
894 1972 1011 2048 praemia
1020 1971 1105 2048 longe
1118 1969 1259 2029 excedant

61 2065 195 2135 laborem,
210 2074 239 2125 et
251 2076 368 2144 propter
380 2066 532 2125 Christum.
544 2068 708 2136 tribuantur,
724 2087 814 2144 quum
829 2068 917 2129 homo
928 2067 1014 2126 nullis
1028 2068 1089 2125 suis
1104 2066 1211 2125 viribus
1225 2084 1260 2125 ea

64 2165 215 2240 promereri
230 2174 341 2240 posset,

100 2265 147 2319 ll.
171 2257 239 2338 ooj.
255 2264 284 2318 4.
308 2259 364 2317 Dei
387 2261 471 2328 visio,
495 2279 583 2333 quum
605 2261 669 2337 ipse
689 2261 727 2318 sit
746 2261 997 2339 simplicissimum
1021 2270 1050 2319 et
1069 2261 1256 2338 purissimum

66 2351 134 2425 Eos,
149 2355 290 2434 graduum
305 2355 469 2414 varietatem
483 2375 541 2414 non
553 2355 684 2415 admittit.

96 2455 186 2533 Reep.
208 2454 292 2515 Licet
305 2453 386 2513 Deus
401 2455 439 2512 sit
452 2473 503 2513 ens
518 2455 598 2515 omni
613 2457 735 2532 partium
749 2456 956 2534 compositione
978 2456 1115 2524 immune,
1131 2474 1163 2514 se
1177 2473 1257 2514 suas·

64 2570 115 2626 que
123 2549 315 2629 perfectiones
327 2550 438 2628 magnis
448 2551 580 2612 minusve
593 2570 645 2629 pro
656 2571 712 2612 sua.
723 2552 865 2612 voluntate
881 2551 989 2631 pandit.
1010 2552 1080 2630 Ipsa
1093 2551 1260 2630 angelorum

55 2647 202 2729 distinctio
214 2646 328 2707 dotium
339 2649 514 2716 varietatem,
529 2660 559 2707 et
571 2649 675 2735 gradus
689 2650 787 2727 glorie
798 2652 926 2713 diversos
941 2650 1064 2710 indicat:
1088 2659 1108 2687 ‘⁶
1121 2651 1215 2717 Quare
1228 2651 1260 2709 ln

52 2760 143 2825 regno
166 2744 338 2812 emiorum,’'
364 2746 466 2805 clamat
492 2745 691 2824 Hieronymus
717 2749 912 2825 “archangeli
933 2757 1010 2816 sunt,
1026 2748 1130 2826 angeli,
1149 2748 1254 2817 throni,

56 2842 276 2911 dominationes,
297 2851 463 2921 potestates,
481 2843 639 2912 cherubim,
662 2854 690 2902 et
714 2845 869 2922 seraphim,
891 2855 920 2904 et
940 2864 1026 2904 omne
1047 2864 1154 2905 nomen
1175 2846 1253 2919 quod

54 2943 289 3007 nominaturnon
302 2942 396 3001 solum
419 2943 451 3000 in
472 2943 607 3020 praesenti
626 2942 743 3009 seculo,
767 2943 924 3002 sed-etiam
949 2944 980 3002 in
1002 2944 1096 3004 sutoro
1110 2944 1158 3003 ³⁶⁹⁹
1199 2944 1251 3005 Nil

48 3040 138 3118 igitur
150 3038 330 3112 obstat'quin
343 3048 372 3097 et
395 3039 499 3106 sancti,
517 3058 571 3116 pro
593 3041 758 3098 meritorum
779 3039 951 3109 diversitate,
973 3040 1077 3100 clarius
1094 3042 1138 3100 vel
1153 3043 1252 3101 minus

64 3137 134 3197 clare
159 3135 256 3206 Deum
279 3135 451 3204 intueantur,
477 3136 579 3214 majori
607 3136 651 3195 vel
678 3137 783 3197 minori
804 3137 894 3215 gloria
921 3136 1040 3215 proinde
1067 3137 1248 3216 effulgentes.

63 3233 234 3294 “Ceterum
250 3235 300 3308 qui
313 3233 399 3293 futuri
413 3232 510 3302 sunt,’'
526 3236 599 3297 bene
622 3234 820 3296 animadvertit
840 3237 1029 3313 Augustinus,
1046 3237 1254 3315 “promeritis

63 3331 342 3408 premiorumetiam
356 3329 460 3407 gradus
474 3330 619 3392 honorum
630 3342 714 3406 atque
729 3333 893 3411 gloriarum,
905 3335 969 3407 quis
984 3344 1028 3392 est
1041 3333 1161 3410 idoneus
1176 3333 1254 3411 cogi·

59 3438 128 3498 tare,
151 3437 258 3503 quanto
281 3430 372 3507 magis
395 3428 516 3489 diceret.
555 3430 641 3497 Quod
665 3441 760 3491 tamen
784 3432 870 3491 futuri
890 3432 957 3500 sint,
972 3451 1031 3491 non
1046 3442 1090 3491 est
1104 3434 1249 3512 ambigen-

66 3525 177 3586 dum.”⁸

97 3628 142 3684 12.
160 3622 228 3704 obj.
242 3628 270 3683 5.
292 3623 361 3701 Ipsa
374 3624 516 3683 beatitudo
530 3624 669 3703 graduum
683 3626 846 3688 diversitate
857 3629 1010 3698 tolleretur,
1025 3630 1166 3691 necenim
1180 3631 1245 3705 quis

54 3722 173 3782 omnino
186 3723 287 3780 beatus
301 3721 383 3788 soret,
395 3721 461 3790 ,aliis
476 3741 534 3799 prae
550 3722 598 3781 illo
613 3725 714 3802 majori
730 3725 820 3802 gloria
834 3725 956 3785 donatis.

89 3815 176 3894 Hesp.
198 3816 340 3875 Voluntas
355 3826 516 3877 sanctorum
529 3819 600 3877 nihil
613 3820 728 3881 habebit
741 3821 802 3879 vitii
814 3822 843 3880 iu
858 3822 907 3880 illa
920 3821 1101 3894 conditione;
1123 3823 1174 3883 sed
1187 3842 1246 3884 am·

54 3909 190 3984 plectetur
203 3913 281 3986 qnod
292 3931 404 3986 aequum
419 3923 473 3981 est,
483 3924 513 3977 et
525 3912 629 3975 divinis
644 3917 773 3976 consiliis
788 3935 956 3995 congruum,
968 3918 1090 3994 ideoque
1101 3938 1201 3979 omnes
1215 3919 1247 3980 in

53 3999 115 4065 Deo
125 4009 349 4083 conquiescent:
366 4019 385 4046 ‘⁶
395 4010 491 4084 Atque
500 4010 529 4069 id
538 4013 623 4073 etiarn
635 4013 716 4071 beata
727 4013 825 4072 civitas
840 4014 890 4079 illa
901 4033 1036 4092 magnum
1051 4016 1081 4074 in
1095 4032 1126 4072 se
1140 4016 1248 4075 bonum

56 4102 160 4172 ridebit,
175 4107 253 4182 quod
273 4107 345 4165 nulli
358 4109 498 4186 superiori
514 4110 587 4174 ullus
602 4110 719 4170 inferior
737 4112 882 4182 invidebit,
905 4115 980 4172 sicut
1000 4133 1077 4173 nunc
1099 4131 1158 4172 non
1170 4113 1244 4172 iuvi·

67 4196 318 4284 denthrchangelis
332 4207 436 4284 Angeli
457 4210 570 4272 ceteri:
594 4220 738 4283 tamquam
765 4212 836 4271 nolit
857 4230 921 4270 esse
942 4213 1139 4289 unusquisque
1163 4211 1243 4287 qnod

69 4309 112 4356 non
123 4303 239 4381 accepit,
255 4303 386 4376 quamvis
401 4303 439 4362 sit
452 4306 634 4384 pacatissimo
649 4307 807 4367 concordiae
823 4308 936 4368 vinculo
959 4308 986 4366 ei
1000 4309 1049 4382 qui
1064 4309 1173 4388 accepit
1191 4310 1241 4370 ob·

413 4501 451 4566 (l)
471 4499 502 4551 L.
513 4500 539 4551 ii.
551 4499 604 4552 cdv.
617 4501 741 4555 lovinion.

415 4586 457 4651 (2)
477 4587 578 4639 lbidem.

416 4670 459 4736 (3)
478 4670 508 4720 L.
521 4672 582 4724 xxii.
594 4674 624 4724 de
635 4674 682 4726 civ.
696 4674 744 4727 Dei
755 4691 776 4727 c.
786 4691 846 4728 xxx.
