2798 5092
90 302 130 358 ta
456 299 512 358 DE
535 296 668 356 stulto
692 296 928 357 COELIBATU.

91 455 199 514 seculo
214 475 318 534 magna
331 476 398 516 cum
411 456 592 516 solicitudine
607 474 625 513 a
638 456 806 532 praesulibus
829 453 972 514 Ecclesiae
993 454 1160 513 executioni
1176 451 1298 511 deman·

94 552 199 622 datam,
222 555 413 613 severissimis
429 554 546 632 adjectis
573 553 678 632 paenis,
694 563 723 610 et
735 572 799 611 eam
821 554 856 611 ab
874 554 938 629 ipsa
957 551 1125 625 antiquitate
1149 559 1296 608 servatam

92 651 252 728 praedicari,
266 653 325 711 imo
346 654 381 711 ab
403 652 555 729 Apostolis
577 651 705 710 traditam
731 649 849 710 Christo
873 651 939 728 ipso
959 650 1071 708 volente
1093 659 1172 707 15515
1194 646 1301 706 decore

94 767 176 807 suam
192 749 285 807 ornari
300 748 473 808 Ecclesiam.

135 844 290 904 Probatur
303 828 365 904 ΙῘΙ.
380 844 511 909 Petrum
526 846 716 906 testimoniis.

139 944 205 1001 155.
228 943 261 1000 S.
277 943 416 1002 Bsercrus
432 944 476 1002 M.
488 943 523 1002 ad
540 945 723 1022 Paregorium
737 942 936 1019 presbyterum
946 941 1197 1018 septuagenarium
1210 939 1303 1017 scrip·

97 1038 146 1106 eit,
169 1038 285 1097 hortans
310 1051 342 1098 ut
366 1039 516 1098 mulierem
539 1059 637 1099 secum
663 1053 886 1098 commorantem
912 1039 1076 1107 dimitteret,
1096 1047 1129 1096 ut
1147 1037 1303 1125 coelibqtus

95 1135 192 1205 decor,
203 1138 287 1213 juxta
299 1138 328 1196 N
331 1137 452 1197 insenum
468 1157 619 1204 canonem,
635 1150 811 1196 servaretur:
835 1147 855 1174 ‘⁶
869 1138 934 1195 Nec
948 1136 1044 1214 primi,
1059 1155 1113 1195 nec
1127 1135 1195 1202 soli,
1212 1136 1304 1194 Pare·

98 1235 171 1313 geri,
181 1235 344 1302 statuimus,
360 1253 395 1293 ne
410 1235 545 1294 mulieres
561 1255 625 1294 cum
642 1236 710 1293 viris
724 1235 937 1293 cohabitarent:
953 1232 1003 1292 sed
1018 1233 1082 1312 lege
1094 1252 1238 1292 canonem
1254 1232 1307 1306 qui

100 1333 238 1391 asanctis
262 1333 389 1409 patribus
412 1333 518 1391 nostris
540 1333 648 1392 Nicaeae
670 1319 765 1390 551155
789 1344 844 1400 551,
859 1333 909 1406 qui
924 1343 1020 1408 aperte
1040 1331 1227 1408 prohibetae
1247 1330 1308 1389 sint

101 1429 333 1489 subintroducta.
376 1430 410 1489 In
424 1430 480 1488 hoc
494 1440 588 1488 autem
604 1430 691 1488 situm
705 1443 750 1488 est
763 1429 911 1487 coelibatus
925 1428 1052 1487 decusat
1066 1428 1213 1496 honestae,
1225 1425 1307 1502 quod

100 1529 223 1606 separati
238 1530 328 1587 simus
343 1549 359 1587 a
373 1529 579 1588 consuetudine
594 1541 621 1587 et
636 1527 993 1587 5555551155551155555.”1

140 1631 206 1686 156.
230 1627 261 1684 S.
277 1627 466 1685 Errraanws
481 1629 537 1686 aits
561 1627 790 1686 “Sacerdotium
806 1645 843 1685 ex
865 1627 1007 1704 virginum
1021 1624 1121 1710 ordine
1143 1625 1294 1705 precipue

102 1736 222 1793 constat,
238 1734 286 1782 aut
299 1726 325 1782 si
347 1725 442 1782 minus
457 1743 493 1783 ex
514 1724 683 1802 virginibus,
698 1737 773 1782 certe
794 1742 831 1782 ex
850 1724 1010 1790 monachis,
1030 1734 1079 1781 aut
1099 1723 1125 1780 si
1146 1724 1247 1782 minue
1267 1742 1306 1785 ex

101 1821 307 1880 monachorum
322 1821 433 1888 ordine,
447 1840 484 1880 ex
499 1822 545 1880 hie
560 1822 649 1879 creari
663 1819 825 1878 sacerdotes
840 1821 943 1886 solent,
954 1821 1004 1894 qui
1016 1841 1032 1877 a
1044 1820 1104 1876 suis
1116 1837 1148 1877 ee
1160 1821 1305 1881 uxoribus

100 1921 259 1987 continent,
274 1931 322 1979 551
332 1919 491 1978 secundum
505 1939 577 1978 uuas
592 1922 706 1996 nuptias
722 1921 750 1977 in
765 1918 900 1978 viduitate
916 1917 1106 1977 versantur.”¹

143 2021 210 2078 157.
233 2018 265 2076 S.
282 2016 506 2077 Hmaonrrrue:
530 2026 549 2055 ‘⁴
562 2016 695 2093 Apostoli
710 2015 755 2074 551
776 2017 912 2092 virgines,
927 2015 973 2073 vel
994 2026 1060 2092 post
1080 2015 1197 2092 nuptiae
1212 2016 1306 2075 55511·

100 2128 213 2183 555155,
229 2115 370 2193 episcopi,
389 2115 560 2191 presbyteri,
576 2114 699 2182 diaconi,
713 2123 761 2172 aut
782 2115 906 2190 virgines
928 2114 1070 2190 eliguntur
1083 2125 1131 2171 aut
1146 2112 1237 2183 vidui,
1260 2123 1307 2173 aut

100 2225 177 2273 certe
192 2228 258 2291 post
271 2213 461 2271 sacerdotium
475 2213 506 2271 in
530 2224 666 2271 aternum
683 2211 825 2287 pudici.'’⁸
865 2211 1021 2288 vigilantio
1038 2211 1151 2270 clericis
1176 2212 1305 2291 conjugii

104 2331 189 2371 usum
222 2310 378 2369 vindicanti
410 2310 575 2387 respondit:
615 2310 722 2377 “Quid
750 2311 856 2369 1551551
881 2309 1007 2369 Orientis
1035 2310 1202 2369 Ecclesiael
1236 2310 1303 2387 quid

104 2409 230 2486 AEgypti
245 2420 274 2466 et
287 2406 373 2466 Sedis
388 2407 573 2484 Apostolicoe,
588 2427 651 2481 qun
666 2419 713 2465 aut
728 2408 852 2484 virgines
867 2407 985 2465 clericos
1007 2408 1161 2485 accipiunt,
1178 2420 1228 2468 aut
1239 2428 1303 2469 oon·

106 2488 239 2571 tinentes,
255 2516 303 2562 aut
316 2504 342 2562 si
354 2523 458 2562 uxores
474 2503 633 2569 habuerint,
648 2505 741 2562 mariti
756 2523 819 2562 5555
834 2504 976 2562 desistunt
984 2503 1033 2561 3⁹⁹⁴

140 2603 206 2658 158.
230 2601 261 2657 S.
277 2602 469 2659 Aueosutuus
484 2609 577 2658 narrat
589 2618 620 2656 se
632 2599 724 2657 solere
747 2600 916 2659 clericorum
938 2600 1142 2658 continentiam
1159 2602 1236 2668 aliis,
1249 2602 1298 2677 qui

100 2698 286 2757 vehementes
311 2697 480 2774 cupiditates
505 2716 537 2755 se
565 2697 687 2755 sroenare
712 2716 769 2756 non
792 2716 886 2774 ,posse
910 2699 1110 2772 querebantur,
1137 2717 1302 2777 proponere

102 2793 288 2855 imitandam:
313 2803 332 2831 ‘⁶
347 2794 480 2853 Solemus
495 2795 538 2852 515
560 2813 720 2873 proponere
733 2796 818 2854 etiam
832 2795 1035 2854 continentiam
1056 2796 1240 2867 clericorum,
1255 2796 1301 2872 qui

102 2894 272 2972 plerumque
288 2891 324 2952 ad
337 2890 458 2949 eandem
472 2893 612 2950 sarcinam
625 2891 802 2951 subeundam
825 2895 976 2970 capiuntur
993 2893 1085 2960 inviti,
1100 2911 1227 2968 eamque
1240 2914 1299 2956 sus·

100 3005 213 3068 ceptam
228 2987 369 3062 usquead
385 2987 511 3046 debitum
526 2989 624 3057 finem,
640 2988 768 3047 Domino
783 2989 944 3066 adjuvante,
958 2988 1166 3068 perducunt.”⁵

499 3165 699 3206 ossuculotutts
720 3165 903 3206 SOLVUN'I'UR·

143 3313 209 3366 159.
230 3305 297 3386 Obj.
313 3311 338 3364 l.
356 3304 512 3381 Apostolus
527 3303 634 3363 Paulus
646 3323 726 3363 suam
742 3324 861 3363 uxorem
877 3305 1040 3379 alloquitur,
1052 3307 1087 3365 ad
1097 3307 1303 3386 Philippenses

100 3407 168 3466 dum
185 3407 342 3465 scriberet:
361 3403 485 3461 “Etiam
502 3421 571 3480 rogo
586 3412 614 3460 et
627 3414 664 3471 te,
675 3422 809 3480 germane
822 3403 1066 3481 compar-solare
1077 3404 1306 3487 plen—adjura

101 3504 212 3567 11155.”1
832 3517 834 3520 ’

140 3605 230 3684 Reep.
252 3605 320 3663 Vox
336 3604 383 3663 illa
394 3622 453 3663 nou
473 3602 637 3661 necessario
652 3601 783 3679 designat
803 3602 967 3680 conjugem,
981 3602 1033 3660 sed
1048 3612 1076 3661 et
1089 3603 1244 3680 collegam,
1266 3604 1305 3664 511

100 3701 216 3762 adnotet
229 3700 449 3760 Rosenmiiller:
471 3703 487 3730 “
499 3696 611 3770 Συζνγος
624 3718 682 3757 555
698 3709 806 3758 tantum
822 3698 925 3757 dicitur
936 3698 972 3757 de
993 3699 1176 3759 matrimonio
1186 3700 1305 3779 junctis.

101 3799 300 3857 verumetiam
327 3797 363 3856 de
390 3796 519 3874 collegis,
534 3806 566 3854 ut
582 3787 627 3854 nsit
642 3816 693 3872 pro
707 3814 822 3866 συενργος·
847 3796 1001 3874 intelligit
1023 3796 1111 3872 igitur
1135 3798 1306 3877 episcopum

101 3898 148 3956 sel
165 3897 288 3975 primum
303 3898 375 3955 inter
389 3897 571 3973 presbyteros
587 3894 802 3972 Philippenses.
844 3894 903 3953 Alli
917 3893 1302 3968 zitoyovexietimantsuisse

102 4013 209 4056 nomen
224 3993 419 4074 proprium.”⁷
460 3993 584 4062 Marem,
596 4004 628 4050 ut
640 4004 725 4070 patet,
741 3993 894 4067 alloquitur
905 3990 1073 4069 Apostolus,
1087 3994 1139 4064 qui
1166 3994 1239 4055 alies
1252 4009 1305 4056 tes·

336 4204 338 4208 ,
402 4157 439 4215 (l)
457 4153 506 4216 Ep.
518 4152 548 4202 ad
560 4153 676 4214 Peregor.

404 4242 443 4302 (2)
461 4238 549 4302 Expos
558 4237 617 4287 fidei
629 4237 718 4287 Cathol
738 4237 823 4287 cxxi.

401 4327 438 4386 (3)
456 4322 543 4389 EpL.

405 4412 443 4471 (4)
462 4407 492 4460 L.
503 4410 558 4459 adv.
569 4410 644 4472 vigit.

404 4496 440 4557 (5)
460 4494 490 4544 L.
500 4495 526 4545 ii.
537 4495 567 4545 de
579 4495 722 4546 adulterinis
733 4495 864 4560 conjugiis.

402 4582 440 4643 (6)
460 4581 551 4646 Philip.
562 4582 594 4632 iv.
606 4584 630 4631 5.

403 4664 446 4730 (7)
466 4665 551 4716 15155.
