<?xml version="1.0" encoding="UTF-8"?>
<!DOCTYPE html PUBLIC "-//W3C//DTD XHTML 1.0 Transitional//EN"
    "http://www.w3.org/TR/xhtml1/DTD/xhtml1-transitional.dtd">
<html xmlns="http://www.w3.org/1999/xhtml" xml:lang="en" lang="en">
 <head>
  <title>
</title>
<meta http-equiv="Content-Type" content="text/html;charset=utf-8" />
  <meta name='ocr-system' content='tesseract 3.04.00' />
  <meta name='ocr-capabilities' content='ocr_page ocr_carea ocr_par ocr_line ocrx_word'/>
</head>
<body>
  <div class='ocr_page' id='page_1' title='image "./theologidogmati02kenrgoog_0373.png"; bbox 0 0 2812 5092; ppageno 0'>
   <div class='ocr_carea' id='block_1_1' title="bbox 99 353 806 435">
    <p class='ocr_par' dir='ltr' id='par_1_1' title="bbox 99 353 806 435">
     <span class='ocr_line' id='line_1_1' title="bbox 99 353 806 435; baseline 0.006 -24"><span class='ocrx_word' id='word_1_1' title='bbox 99 353 158 435; x_wconf 78' lang='lat' dir='ltr'>arn</span> <span class='ocrx_word' id='word_1_2' title='bbox 579 353 806 415; x_wconf 71' lang='lat' dir='ltr'>urrunnun.</span> 
     </span>
    </p>
   </div>
   <div class='ocr_carea' id='block_1_2' title="bbox 97 508 1301 3610">
    <p class='ocr_par' dir='ltr' id='par_1_2' title="bbox 100 508 1301 783">
     <span class='ocr_line' id='line_1_2' title="bbox 100 508 1301 592; baseline 0.006 -24"><span class='ocrx_word' id='word_1_3' title='bbox 100 508 184 570; x_wconf 90' lang='lat' dir='ltr'>ditur.</span> <span class='ocrx_word' id='word_1_4' title='bbox 226 512 275 571; x_wconf 87' lang='lat' dir='ltr'>Eo</span> <span class='ocrx_word' id='word_1_5' title='bbox 285 511 400 572; x_wconf 87' lang='lat' dir='ltr'>sedente</span> <span class='ocrx_word' id='word_1_6' title='bbox 415 512 584 590; x_wconf 87' lang='lat' dir='ltr'>gravissima</span> <span class='ocrx_word' id='word_1_7' title='bbox 605 512 640 571; x_wconf 93' lang='lat' dir='ltr'>de</span> <span class='ocrx_word' id='word_1_8' title='bbox 654 514 796 592; x_wconf 90' lang='lat' dir='ltr'>baptismo</span> <span class='ocrx_word' id='word_1_9' title='bbox 810 514 845 573; x_wconf 90' lang='lat' dir='ltr'>ab</span> <span class='ocrx_word' id='word_1_10' title='bbox 858 513 1000 574; x_wconf 73' lang='lat' dir='ltr'>hereticis</span> <span class='ocrx_word' id='word_1_11' title='bbox 1015 513 1221 574; x_wconf 86' lang='lat' dir='ltr'>administrato</span> <span class='ocrx_word' id='word_1_12' title='bbox 1235 533 1301 575; x_wconf 87' lang='lat' dir='ltr'>eon·</span> 
     </span>
     <span class='ocr_line' id='line_1_3' title="bbox 100 608 1300 688; baseline 0.006 -24"><span class='ocrx_word' id='word_1_13' title='bbox 100 609 235 667; x_wconf 76' lang='lat' dir='ltr'>troversia</span> <span class='ocrx_word' id='word_1_14' title='bbox 249 619 309 666; x_wconf 88' lang='lat' dir='ltr'>orta</span> <span class='ocrx_word' id='word_1_15' title='bbox 321 620 374 678; x_wconf 91' lang='lat' dir='ltr'>est,</span> <span class='ocrx_word' id='word_1_16' title='bbox 398 608 548 686; x_wconf 86' lang='lat' dir='ltr'>Cypriano</span> <span class='ocrx_word' id='word_1_17' title='bbox 562 610 639 669; x_wconf 88' lang='lat' dir='ltr'>enim</span> <span class='ocrx_word' id='word_1_18' title='bbox 661 623 690 668; x_wconf 90' lang='lat' dir='ltr'>et</span> <span class='ocrx_word' id='word_1_19' title='bbox 704 611 780 669; x_wconf 75' lang='lat' dir='ltr'>Afric</span> <span class='ocrx_word' id='word_1_20' title='bbox 803 610 865 668; x_wconf 92' lang='lat' dir='ltr'>aliis</span> <span class='ocrx_word' id='word_1_21' title='bbox 879 610 1054 688; x_wconf 88' lang='lat' dir='ltr'>baptismum</span> <span class='ocrx_word' id='word_1_22' title='bbox 1075 612 1182 670; x_wconf 87' lang='lat' dir='ltr'>iterato</span> <span class='ocrx_word' id='word_1_23' title='bbox 1204 613 1300 671; x_wconf 90' lang='lat' dir='ltr'>minis·</span> 
     </span>
     <span class='ocr_line' id='line_1_4' title="bbox 100 705 1097 783; baseline 0.005 -22"><span class='ocrx_word' id='word_1_24' title='bbox 100 706 235 763; x_wconf 84' lang='lat' dir='ltr'>tractibus</span> <span class='ocrx_word' id='word_1_25' title='bbox 251 706 414 783; x_wconf 80' lang='lat' dir='ltr'>Stephanus</span> <span class='ocrx_word' id='word_1_26' title='bbox 428 707 548 775; x_wconf 72' lang='lat' dir='ltr'>restitit,</span> <span class='ocrx_word' id='word_1_27' title='bbox 571 708 694 780; x_wconf 78' lang='lat' dir='ltr'>antiqua</span> <span class='ocrx_word' id='word_1_28' title='bbox 706 705 864 766; x_wconf 80' lang='lat' dir='ltr'>traditionis</span> <span class='ocrx_word' id='word_1_29' title='bbox 879 706 972 766; x_wconf 87' lang='lat' dir='ltr'>fidelis</span> <span class='ocrx_word' id='word_1_30' title='bbox 987 718 1097 767; x_wconf 89' lang='lat' dir='ltr'>custos.</span> 
     </span>
    </p>

    <p class='ocr_par' dir='ltr' id='par_1_3' title="bbox 99 803 1300 1250">
     <span class='ocr_line' id='line_1_5' title="bbox 139 803 1298 880; baseline 0.004 -22"><span class='ocrx_word' id='word_1_31' title='bbox 139 806 187 858; x_wconf 82' lang='lat'>25.</span> <span class='ocrx_word' id='word_1_32' title='bbox 211 811 230 838; x_wconf 78' lang='lat'>‘⁶</span> <span class='ocrx_word' id='word_1_33' title='bbox 241 803 363 867; x_wconf 79' lang='lat' dir='ltr'>thnus,</span> <span class='ocrx_word' id='word_1_34' title='bbox 378 803 491 861; x_wconf 91' lang='lat' dir='ltr'>natione</span> <span class='ocrx_word' id='word_1_35' title='bbox 506 821 626 880; x_wconf 86' lang='lat' dir='ltr'>graecus,</span> <span class='ocrx_word' id='word_1_36' title='bbox 641 804 723 861; x_wconf 88' lang='lat' dir='ltr'>annis</span> <span class='ocrx_word' id='word_1_37' title='bbox 738 803 860 871; x_wconf 90' lang='lat' dir='ltr'>duobus,</span> <span class='ocrx_word' id='word_1_38' title='bbox 876 805 1021 862; x_wconf 85' lang='lat' dir='ltr'>mensibus</span> <span class='ocrx_word' id='word_1_39' title='bbox 1037 803 1187 873; x_wconf 75' lang='lat' dir='ltr'>undecim,</span> <span class='ocrx_word' id='word_1_40' title='bbox 1199 804 1298 863; x_wconf 90' lang='lat' dir='ltr'>diebus</span> 
     </span>
     <span class='ocr_line' id='line_1_6' title="bbox 99 897 1300 978; baseline 0.005 -24"><span class='ocrx_word' id='word_1_41' title='bbox 99 897 184 955; x_wconf 81' lang='lat' dir='ltr'>sex.&#39;’</span> <span class='ocrx_word' id='word_1_42' title='bbox 229 899 574 977; x_wconf 75' lang='lat' dir='ltr'>“Martyriocoronatun</span> <span class='ocrx_word' id='word_1_43' title='bbox 615 900 683 958; x_wconf 83' lang='lat' dir='ltr'>Fuit</span> <span class='ocrx_word' id='word_1_44' title='bbox 697 901 872 978; x_wconf 89' lang='lat' dir='ltr'>temporibus</span> <span class='ocrx_word' id='word_1_45' title='bbox 884 900 1028 959; x_wconf 89' lang='lat' dir='ltr'>Valeriani</span> <span class='ocrx_word' id='word_1_46' title='bbox 1043 913 1072 960; x_wconf 88' lang='lat' dir='ltr'>et</span> <span class='ocrx_word' id='word_1_47' title='bbox 1088 900 1186 960; x_wconf 89' lang='lat' dir='ltr'>Decii.</span> <span class='ocrx_word' id='word_1_48' title='bbox 1228 903 1300 962; x_wconf 90' lang='lat' dir='ltr'>Post</span> 
     </span>
     <span class='ocr_line' id='line_1_7' title="bbox 100 997 1300 1077; baseline 0.005 -23"><span class='ocrx_word' id='word_1_49' title='bbox 100 997 263 1073; x_wconf 83' lang='lat' dir='ltr'>passionem</span> <span class='ocrx_word' id='word_1_50' title='bbox 280 998 315 1056; x_wconf 91' lang='grc' dir='ltr'>Β.</span> <span class='ocrx_word' id='word_1_51' title='bbox 335 998 423 1067; x_wconf 90' lang='lat' dir='ltr'>Xisti,</span> <span class='ocrx_word' id='word_1_52' title='bbox 439 1011 504 1076; x_wconf 93' lang='lat' dir='ltr'>post</span> <span class='ocrx_word' id='word_1_53' title='bbox 530 1009 587 1059; x_wconf 89' lang='lat' dir='ltr'>tres</span> <span class='ocrx_word' id='word_1_54' title='bbox 607 998 669 1057; x_wconf 92' lang='lat' dir='ltr'>dies</span> <span class='ocrx_word' id='word_1_55' title='bbox 684 999 762 1077; x_wconf 87' lang='lat' dir='ltr'>passi</span> <span class='ocrx_word' id='word_1_56' title='bbox 777 1009 844 1058; x_wconf 90' lang='lat' dir='ltr'>sunt</span> <span class='ocrx_word' id='word_1_57' title='bbox 857 999 1028 1058; x_wconf 84' lang='lat' dir='ltr'>Laurentius</span> <span class='ocrx_word' id='word_1_58' title='bbox 1043 1001 1108 1077; x_wconf 90' lang='lat' dir='ltr'>ejus</span> <span class='ocrx_word' id='word_1_59' title='bbox 1123 1001 1300 1060; x_wconf 84' lang='lat' dir='ltr'>archidiaco-</span> 
     </span>
     <span class='ocr_line' id='line_1_8' title="bbox 99 1093 1299 1167; baseline 0.005 -16"><span class='ocrx_word' id='word_1_60' title='bbox 99 1093 186 1159; x_wconf 87' lang='lat' dir='ltr'>nns,’&#39;</span> <span class='ocrx_word' id='word_1_61' title='bbox 205 1093 321 1167; x_wconf 90' lang='lat' dir='ltr'>aliique.</span> <span class='ocrx_word' id='word_1_62' title='bbox 362 1094 451 1154; x_wconf 84' lang='lat' dir='ltr'>Juxta</span> <span class='ocrx_word' id='word_1_63' title='bbox 471 1095 693 1162; x_wconf 87' lang='lat' dir='ltr'>Gravesonium,</span> <span class='ocrx_word' id='word_1_64' title='bbox 706 1113 821 1154; x_wconf 89' lang='lat' dir='ltr'>menses</span> <span class='ocrx_word' id='word_1_65' title='bbox 842 1094 976 1154; x_wconf 83' lang='lat' dir='ltr'>undecim</span> <span class='ocrx_word' id='word_1_66' title='bbox 997 1095 1105 1155; x_wconf 89' lang='lat' dir='ltr'>etdies</span> <span class='ocrx_word' id='word_1_67' title='bbox 1123 1109 1299 1157; x_wconf 87' lang='lat' dir='ltr'>sextantum</span> 
     </span>
     <span class='ocr_line' id='line_1_9' title="bbox 100 1191 183 1250; baseline 0.024 -2"><span class='ocrx_word' id='word_1_68' title='bbox 100 1191 183 1250; x_wconf 89' lang='lat' dir='ltr'>sedit.</span> 
     </span>
    </p>

    <p class='ocr_par' dir='ltr' id='par_1_4' title="bbox 99 1290 1300 1563">
     <span class='ocr_line' id='line_1_10' title="bbox 138 1290 1297 1370; baseline 0.004 -22"><span class='ocrx_word' id='word_1_69' title='bbox 138 1295 188 1349; x_wconf 86' lang='grc'>26.</span> <span class='ocrx_word' id='word_1_70' title='bbox 211 1290 375 1350; x_wconf 81' lang='lat' dir='ltr'>Dionxsms</span> <span class='ocrx_word' id='word_1_71' title='bbox 401 1311 437 1350; x_wconf 87' lang='lat' dir='ltr'>ex</span> <span class='ocrx_word' id='word_1_72' title='bbox 463 1292 508 1350; x_wconf 92' lang='lat' dir='ltr'>die</span> <span class='ocrx_word' id='word_1_73' title='bbox 530 1291 585 1352; x_wconf 93' lang='lat' dir='ltr'>XI.</span> <span class='ocrx_word' id='word_1_74' title='bbox 600 1292 668 1351; x_wconf 92' lang='lat' dir='ltr'>Kal.</span> <span class='ocrx_word' id='word_1_75' title='bbox 684 1292 816 1370; x_wconf 82' lang='lat' dir='ltr'>Augusti,</span> <span class='ocrx_word' id='word_1_76' title='bbox 832 1311 907 1351; x_wconf 92' lang='lat' dir='ltr'>anno</span> <span class='ocrx_word' id='word_1_77' title='bbox 920 1295 990 1362; x_wconf 83' lang='grc'><strong>259,</strong></span> <span class='ocrx_word' id='word_1_78' title='bbox 1005 1310 1057 1369; x_wconf 90' lang='lat' dir='ltr'>per</span> <span class='ocrx_word' id='word_1_79' title='bbox 1079 1311 1172 1352; x_wconf 86' lang='lat' dir='ltr'>annos</span> <span class='ocrx_word' id='word_1_80' title='bbox 1187 1293 1297 1360; x_wconf 85' lang='lat' dir='ltr'>decem,</span> 
     </span>
     <span class='ocr_line' id='line_1_11' title="bbox 100 1386 1300 1465; baseline 0.003 -19"><span class='ocrx_word' id='word_1_81' title='bbox 100 1404 214 1446; x_wconf 86' lang='lat' dir='ltr'>meuses</span> <span class='ocrx_word' id='word_1_82' title='bbox 230 1389 366 1462; x_wconf 84' lang='lat' dir='ltr'>quinque,</span> <span class='ocrx_word' id='word_1_83' title='bbox 381 1388 482 1446; x_wconf 81' lang='lat' dir='ltr'>et&#39;dies</span> <span class='ocrx_word' id='word_1_84' title='bbox 495 1401 625 1463; x_wconf 85' lang='lat' dir='ltr'>quatuor,</span> <span class='ocrx_word' id='word_1_85' title='bbox 640 1389 723 1447; x_wconf 91' lang='lat' dir='ltr'>sedit.</span> <span class='ocrx_word' id='word_1_86' title='bbox 752 1386 811 1446; x_wconf 92' lang='lat' dir='ltr'>Hic</span> <span class='ocrx_word' id='word_1_87' title='bbox 826 1389 1000 1465; x_wconf 89' lang='lat' dir='ltr'>presbyteris</span> <span class='ocrx_word' id='word_1_88' title='bbox 1015 1388 1155 1447; x_wconf 87' lang='lat' dir='ltr'>ecclesias</span> <span class='ocrx_word' id='word_1_89' title='bbox 1169 1389 1260 1458; x_wconf 84' lang='lat' dir='ltr'>dedit,</span> <span class='ocrx_word' id='word_1_90' title='bbox 1274 1402 1300 1449; x_wconf 89' lang='lat' dir='ltr'>et</span> 
     </span>
     <span class='ocr_line' id='line_1_12' title="bbox 99 1486 804 1563; baseline 0 -19"><span class='ocrx_word' id='word_1_91' title='bbox 99 1489 261 1544; x_wconf 79' lang='lat' dir='ltr'>coemeteria</span> <span class='ocrx_word' id='word_1_92' title='bbox 274 1499 303 1545; x_wconf 93' lang='lat' dir='ltr'>et</span> <span class='ocrx_word' id='word_1_93' title='bbox 317 1487 465 1563; x_wconf 87' lang='lat' dir='ltr'>parochias</span> <span class='ocrx_word' id='word_1_94' title='bbox 480 1487 613 1547; x_wconf 72' lang='lat' dir='ltr'>diaecesis</span> <span class='ocrx_word' id='word_1_95' title='bbox 628 1486 804 1547; x_wconf 86' lang='lat' dir='ltr'>coustituit.’&#39;</span> 
     </span>
    </p>

    <p class='ocr_par' dir='ltr' id='par_1_5' title="bbox 98 1585 1297 1946">
     <span class='ocr_line' id='line_1_13' title="bbox 138 1585 1297 1662; baseline 0.001 -19"><span class='ocrx_word' id='word_1_96' title='bbox 138 1590 188 1644; x_wconf 83' lang='grc'>27.</span> <span class='ocrx_word' id='word_1_97' title='bbox 211 1595 230 1622; x_wconf 85' lang='grc'>“</span> <span class='ocrx_word' id='word_1_98' title='bbox 245 1586 341 1644; x_wconf 81' lang='lat' dir='ltr'>Famx</span> <span class='ocrx_word' id='word_1_99' title='bbox 360 1586 442 1644; x_wconf 89' lang='lat' dir='ltr'>annis</span> <span class='ocrx_word' id='word_1_100' title='bbox 458 1585 508 1654; x_wconf 90' lang='lat' dir='ltr'>V.‚</span> <span class='ocrx_word' id='word_1_101' title='bbox 523 1586 671 1645; x_wconf 86' lang='lat' dir='ltr'>mensibus</span> <span class='ocrx_word' id='word_1_102' title='bbox 685 1585 751 1654; x_wconf 85' lang='lat' dir='ltr'>XL,</span> <span class='ocrx_word' id='word_1_103' title='bbox 766 1585 867 1644; x_wconf 88' lang='lat' dir='ltr'>diebus</span> <span class='ocrx_word' id='word_1_104' title='bbox 882 1585 980 1645; x_wconf 90' lang='lat' dir='ltr'>XXV.</span> <span class='ocrx_word' id='word_1_105' title='bbox 1021 1585 1168 1662; x_wconf 81' lang='lat' dir='ltr'>Martyria</span> <span class='ocrx_word' id='word_1_106' title='bbox 1182 1606 1297 1646; x_wconf 89' lang='lat' dir='ltr'>corona·</span> 
     </span>
     <span class='ocr_line' id='line_1_14' title="bbox 98 1681 1290 1761; baseline 0.003 -22"><span class='ocrx_word' id='word_1_107' title='bbox 98 1693 153 1740; x_wconf 90' lang='lat' dir='ltr'>tur.</span> <span class='ocrx_word' id='word_1_108' title='bbox 185 1682 243 1739; x_wconf 87' lang='lat' dir='ltr'>Hic</span> <span class='ocrx_word' id='word_1_109' title='bbox 259 1683 405 1741; x_wconf 89' lang='lat' dir='ltr'>constituit</span> <span class='ocrx_word' id='word_1_110' title='bbox 419 1701 505 1760; x_wconf 91' lang='lat' dir='ltr'>super</span> <span class='ocrx_word' id='word_1_111' title='bbox 518 1683 669 1761; x_wconf 89' lang='lat' dir='ltr'>sepulchra</span> <span class='ocrx_word' id='word_1_112' title='bbox 684 1693 840 1759; x_wconf 85' lang='lat' dir='ltr'>martyrum</span> <span class='ocrx_word' id='word_1_113' title='bbox 855 1683 963 1741; x_wconf 89' lang='lat' dir='ltr'>Missas</span> <span class='ocrx_word' id='word_1_114' title='bbox 975 1681 1121 1741; x_wconf 89' lang='lat' dir='ltr'>celebrari.</span> <span class='ocrx_word' id='word_1_115' title='bbox 1153 1685 1290 1761; x_wconf 83' lang='lat' dir='ltr'>Sepultus</span> 
     </span>
     <span class='ocr_line' id='line_1_15' title="bbox 99 1779 1294 1849; baseline 0.003 -12"><span class='ocrx_word' id='word_1_116' title='bbox 99 1791 143 1837; x_wconf 86' lang='lat' dir='ltr'>est</span> <span class='ocrx_word' id='word_1_117' title='bbox 167 1779 196 1837; x_wconf 92' lang='lat' dir='ltr'>in</span> <span class='ocrx_word' id='word_1_118' title='bbox 222 1781 386 1840; x_wconf 86' lang='lat' dir='ltr'>coemetetio</span> <span class='ocrx_word' id='word_1_119' title='bbox 411 1800 464 1839; x_wconf 87' lang='lat' dir='ltr'>suo</span> <span class='ocrx_word' id='word_1_120' title='bbox 490 1782 535 1839; x_wconf 88' lang='lat' dir='ltr'>via</span> <span class='ocrx_word' id='word_1_121' title='bbox 559 1781 685 1849; x_wconf 82' lang='lat' dir='ltr'>Aurelia,</span> <span class='ocrx_word' id='word_1_122' title='bbox 710 1781 843 1839; x_wconf 86' lang='lat' dir='ltr'>milliario</span> <span class='ocrx_word' id='word_1_123' title='bbox 865 1779 1004 1848; x_wconf 88' lang='lat' dir='ltr'>secundo,</span> <span class='ocrx_word' id='word_1_124' title='bbox 1019 1779 1074 1839; x_wconf 90' lang='lat' dir='ltr'><strong>III.</strong></span> <span class='ocrx_word' id='word_1_125' title='bbox 1089 1780 1159 1839; x_wconf 90' lang='lat' dir='ltr'>Kal.</span> <span class='ocrx_word' id='word_1_126' title='bbox 1181 1782 1294 1841; x_wconf 88' lang='lat' dir='ltr'>Junii.”</span> 
     </span>
     <span class='ocr_line' id='line_1_16' title="bbox 99 1875 1231 1946; baseline 0.003 -12"><span class='ocrx_word' id='word_1_127' title='bbox 99 1875 214 1934; x_wconf 79' lang='lat' dir='ltr'>Annum</span> <span class='ocrx_word' id='word_1_128' title='bbox 230 1894 318 1935; x_wconf 90' lang='lat' dir='ltr'>uuum</span> <span class='ocrx_word' id='word_1_129' title='bbox 332 1876 454 1935; x_wconf 87' lang='lat' dir='ltr'>detrahit</span> <span class='ocrx_word' id='word_1_130' title='bbox 466 1877 672 1946; x_wconf 86' lang='lat' dir='ltr'>Gravesonius,</span> <span class='ocrx_word' id='word_1_131' title='bbox 682 1887 711 1936; x_wconf 88' lang='lat' dir='ltr'>ct</span> <span class='ocrx_word' id='word_1_132' title='bbox 720 1876 847 1936; x_wconf 83' lang='lat' dir='ltr'>Felicem</span> <span class='ocrx_word' id='word_1_133' title='bbox 862 1877 971 1935; x_wconf 88' lang='lat' dir='ltr'>obiisse</span> <span class='ocrx_word' id='word_1_134' title='bbox 984 1875 1054 1936; x_wconf 91' lang='lat' dir='ltr'>dicit</span> <span class='ocrx_word' id='word_1_135' title='bbox 1068 1896 1146 1937; x_wconf 87' lang='lat' dir='ltr'>anno</span> <span class='ocrx_word' id='word_1_136' title='bbox 1161 1882 1231 1939; x_wconf 79' lang='lat'><strong>274.</strong></span> 
     </span>
    </p>

    <p class='ocr_par' dir='ltr' id='par_1_6' title="bbox 99 1974 1295 2423">
     <span class='ocr_line' id='line_1_17' title="bbox 139 1974 1294 2044; baseline 0.003 -12"><span class='ocrx_word' id='word_1_137' title='bbox 139 1979 188 2032; x_wconf 86' lang='grc'>28.</span> <span class='ocrx_word' id='word_1_138' title='bbox 213 1983 232 2010; x_wconf 89' lang='grc'>“</span> <span class='ocrx_word' id='word_1_139' title='bbox 246 1976 466 2035; x_wconf 77' lang='lat' dir='ltr'>Eunucmanus</span> <span class='ocrx_word' id='word_1_140' title='bbox 490 1977 573 2035; x_wconf 90' lang='lat' dir='ltr'>annis</span> <span class='ocrx_word' id='word_1_141' title='bbox 596 1986 671 2044; x_wconf 90' lang='lat' dir='ltr'>octo,</span> <span class='ocrx_word' id='word_1_142' title='bbox 697 1976 843 2034; x_wconf 85' lang='lat' dir='ltr'>mensibus</span> <span class='ocrx_word' id='word_1_143' title='bbox 872 1974 1017 2043; x_wconf 88' lang='lat' dir='ltr'>undecim,</span> <span class='ocrx_word' id='word_1_144' title='bbox 1046 1975 1148 2034; x_wconf 87' lang='lat' dir='ltr'>diebus</span> <span class='ocrx_word' id='word_1_145' title='bbox 1176 1976 1294 2036; x_wconf 88' lang='lat' dir='ltr'>tribus.&#39;&#39;</span> 
     </span>
     <span class='ocr_line' id='line_1_18' title="bbox 102 2070 1294 2150; baseline 0.001 -20"><span class='ocrx_word' id='word_1_146' title='bbox 102 2070 191 2130; x_wconf 88' lang='lat' dir='ltr'>“Hic</span> <span class='ocrx_word' id='word_1_147' title='bbox 205 2072 352 2131; x_wconf 88' lang='lat' dir='ltr'>coustituit</span> <span class='ocrx_word' id='word_1_148' title='bbox 365 2071 462 2149; x_wconf 75' lang='lat' dir='ltr'>fruges</span> <span class='ocrx_word' id='word_1_149' title='bbox 476 2091 563 2150; x_wconf 88' lang='lat' dir='ltr'>snper</span> <span class='ocrx_word' id='word_1_150' title='bbox 584 2072 669 2130; x_wconf 86' lang='lat' dir='ltr'>altare</span> <span class='ocrx_word' id='word_1_151' title='bbox 683 2071 824 2131; x_wconf 87' lang='lat' dir='ltr'>benedici.</span> <span class='ocrx_word' id='word_1_152' title='bbox 867 2070 925 2130; x_wconf 85' lang='lat' dir='ltr'>llic</span> <span class='ocrx_word' id='word_1_153' title='bbox 940 2088 993 2148; x_wconf 88' lang='lat' dir='ltr'>per</span> <span class='ocrx_word' id='word_1_154' title='bbox 1005 2071 1068 2130; x_wconf 91' lang='lat' dir='ltr'>loca</span> <span class='ocrx_word' id='word_1_155' title='bbox 1083 2075 1143 2130; x_wconf 87' lang='grc'>362</span> <span class='ocrx_word' id='word_1_156' title='bbox 1158 2083 1294 2150; x_wconf 85' lang='lat' dir='ltr'>martyres</span> 
     </span>
     <span class='ocr_line' id='line_1_19' title="bbox 100 2168 1295 2246; baseline 0.004 -21"><span class='ocrx_word' id='word_1_157' title='bbox 100 2168 264 2245; x_wconf 86' lang='lat' dir='ltr'>sepelivit.&#39;&#39;</span> <span class='ocrx_word' id='word_1_158' title='bbox 306 2170 374 2229; x_wconf 88' lang='lat' dir='ltr'>Fuit</span> <span class='ocrx_word' id='word_1_159' title='bbox 396 2170 572 2246; x_wconf 90' lang='lat' dir='ltr'>temporibus</span> <span class='ocrx_word' id='word_1_160' title='bbox 587 2169 734 2228; x_wconf 87' lang='lat' dir='ltr'>Aureliani</span> <span class='ocrx_word' id='word_1_161' title='bbox 755 2168 810 2228; x_wconf 91' lang='lat'>111.</span> <span class='ocrx_word' id='word_1_162' title='bbox 826 2179 855 2227; x_wconf 90' lang='lat' dir='ltr'>et</span> <span class='ocrx_word' id='word_1_163' title='bbox 878 2168 1040 2228; x_wconf 86' lang='lat' dir='ltr'>Marcellini</span> <span class='ocrx_word' id='word_1_164' title='bbox 1062 2187 1157 2242; x_wconf 90' lang='lat' dir='ltr'>usque</span> <span class='ocrx_word' id='word_1_165' title='bbox 1178 2170 1210 2229; x_wconf 91' lang='lat' dir='ltr'>in</span> <span class='ocrx_word' id='word_1_166' title='bbox 1225 2169 1295 2230; x_wconf 88' lang='lat' dir='ltr'>diem</span> 
     </span>
     <span class='ocr_line' id='line_1_20' title="bbox 99 2264 1295 2335; baseline 0.002 -11"><span class='ocrx_word' id='word_1_167' title='bbox 99 2264 237 2325; x_wconf 77' lang='lat' dir='ltr'>1v.1dus</span> <span class='ocrx_word' id='word_1_168' title='bbox 253 2266 432 2335; x_wconf 87' lang='lat' dir='ltr'>Decembris,</span> <span class='ocrx_word' id='word_1_169' title='bbox 448 2266 524 2326; x_wconf 85' lang='lat' dir='ltr'>Caro</span> <span class='ocrx_word' id='word_1_170' title='bbox 539 2266 578 2325; x_wconf 96' lang='lat' dir='ltr'>II.</span> <span class='ocrx_word' id='word_1_171' title='bbox 594 2278 623 2324; x_wconf 91' lang='lat' dir='ltr'>et</span> <span class='ocrx_word' id='word_1_172' title='bbox 636 2264 743 2328; x_wconf 82' lang='lat' dir='ltr'>Carino</span> <span class='ocrx_word' id='word_1_173' title='bbox 765 2264 975 2327; x_wconf 82' lang='lat' dir='ltr'>Consulibus.”</span> <span class='ocrx_word' id='word_1_174' title='bbox 1018 2268 1103 2325; x_wconf 77' lang='lat' dir='ltr'>Anno</span> <span class='ocrx_word' id='word_1_175' title='bbox 1118 2271 1178 2325; x_wconf 82' lang='grc'>283</span> <span class='ocrx_word' id='word_1_176' title='bbox 1193 2267 1295 2326; x_wconf 90' lang='lat' dir='ltr'>obiisse</span> 
     </span>
     <span class='ocr_line' id='line_1_21' title="bbox 100 2360 213 2423; baseline 0.044 -5"><span class='ocrx_word' id='word_1_177' title='bbox 100 2360 213 2423; x_wconf 82' lang='lat' dir='ltr'>dicitnr.</span> 
     </span>
    </p>

    <p class='ocr_par' dir='ltr' id='par_1_7' title="bbox 98 2456 1295 2829">
     <span class='ocr_line' id='line_1_22' title="bbox 139 2456 1294 2524; baseline 0.003 -9"><span class='ocrx_word' id='word_1_178' title='bbox 139 2461 190 2516; x_wconf 82' lang='lat'>29.</span> <span class='ocrx_word' id='word_1_179' title='bbox 205 2456 340 2516; x_wconf 78' lang='lat' dir='ltr'>&#39;“Oasus</span> <span class='ocrx_word' id='word_1_180' title='bbox 364 2459 447 2516; x_wconf 91' lang='lat' dir='ltr'>aunis</span> <span class='ocrx_word' id='word_1_181' title='bbox 469 2456 550 2524; x_wconf 86' lang='lat' dir='ltr'><strong>XII..</strong></span> <span class='ocrx_word' id='word_1_182' title='bbox 575 2459 724 2517; x_wconf 87' lang='lat' dir='ltr'>mensibus</span> <span class='ocrx_word' id='word_1_183' title='bbox 749 2457 813 2523; x_wconf 85' lang='lat' dir='ltr'><strong>IV..</strong></span> <span class='ocrx_word' id='word_1_184' title='bbox 839 2457 940 2518; x_wconf 89' lang='lat' dir='ltr'>diebus</span> <span class='ocrx_word' id='word_1_185' title='bbox 955 2457 1047 2519; x_wconf 91' lang='lat' dir='ltr'>Vll.”</span> <span class='ocrx_word' id='word_1_186' title='bbox 1089 2458 1158 2520; x_wconf 86' lang='lat' dir='ltr'>Fuit</span> <span class='ocrx_word' id='word_1_187' title='bbox 1183 2460 1294 2518; x_wconf 89' lang='lat' dir='ltr'>natione</span> 
     </span>
     <span class='ocr_line' id='line_1_23' title="bbox 100 2554 1294 2636; baseline 0.001 -23"><span class='ocrx_word' id='word_1_188' title='bbox 100 2554 241 2623; x_wconf 88' lang='lat' dir='ltr'>Dalmata,</span> <span class='ocrx_word' id='word_1_189' title='bbox 257 2566 285 2613; x_wconf 88' lang='lat' dir='ltr'>et</span> <span class='ocrx_word' id='word_1_190' title='bbox 307 2573 343 2613; x_wconf 89' lang='lat' dir='ltr'>ex</span> <span class='ocrx_word' id='word_1_191' title='bbox 358 2572 462 2631; x_wconf 84' lang='lat' dir='ltr'>genere</span> <span class='ocrx_word' id='word_1_192' title='bbox 476 2554 649 2613; x_wconf 90' lang='lat' dir='ltr'>Diocletiani</span> <span class='ocrx_word' id='word_1_193' title='bbox 671 2555 850 2632; x_wconf 84' lang='lat' dir='ltr'>imperatoris</span> <span class='ocrx_word' id='word_1_194' title='bbox 865 2574 902 2613; x_wconf 85' lang='lat' dir='ltr'>ex</span> <span class='ocrx_word' id='word_1_195' title='bbox 923 2567 1003 2632; x_wconf 91' lang='lat' dir='ltr'>patre</span> <span class='ocrx_word' id='word_1_196' title='bbox 1015 2556 1101 2616; x_wconf 86' lang='lat' dir='ltr'>Gaio.</span> <span class='ocrx_word' id='word_1_197' title='bbox 1145 2556 1207 2617; x_wconf 89' lang='lat' dir='ltr'>Hic</span> <span class='ocrx_word' id='word_1_198' title='bbox 1228 2557 1294 2636; x_wconf 88' lang='lat' dir='ltr'>sugit</span> 
     </span>
     <span class='ocr_line' id='line_1_24' title="bbox 98 2651 1295 2733; baseline 0.004 -25"><span class='ocrx_word' id='word_1_199' title='bbox 98 2652 326 2729; x_wconf 86' lang='lat' dir='ltr'>persecutionem</span> <span class='ocrx_word' id='word_1_200' title='bbox 341 2651 513 2710; x_wconf 87' lang='lat' dir='ltr'>Diocletiani</span> <span class='ocrx_word' id='word_1_201' title='bbox 528 2651 558 2709; x_wconf 93' lang='lat' dir='ltr'>in</span> <span class='ocrx_word' id='word_1_202' title='bbox 572 2653 680 2728; x_wconf 88' lang='lat' dir='ltr'>cryptis</span> <span class='ocrx_word' id='word_1_203' title='bbox 695 2651 835 2720; x_wconf 84' lang='lat' dir='ltr'>habitans,</span> <span class='ocrx_word' id='word_1_204' title='bbox 850 2651 999 2712; x_wconf 85' lang='lat' dir='ltr'>confessor</span> <span class='ocrx_word' id='word_1_205' title='bbox 1012 2653 1156 2726; x_wconf 81' lang='lat' dir='ltr'>anevit.&#39;’</span> <span class='ocrx_word' id='word_1_206' title='bbox 1198 2655 1295 2733; x_wconf 85' lang='lat' dir='ltr'>Sepul-</span> 
     </span>
     <span class='ocr_line' id='line_1_25' title="bbox 99 2748 1041 2829; baseline 0.001 -20"><span class='ocrx_word' id='word_1_207' title='bbox 99 2760 144 2809; x_wconf 83' lang='lat' dir='ltr'>tus</span> <span class='ocrx_word' id='word_1_208' title='bbox 156 2760 199 2808; x_wconf 91' lang='lat' dir='ltr'>est</span> <span class='ocrx_word' id='word_1_209' title='bbox 212 2750 242 2809; x_wconf 92' lang='lat' dir='ltr'>in</span> <span class='ocrx_word' id='word_1_210' title='bbox 253 2750 416 2809; x_wconf 76' lang='lat' dir='ltr'>coemeterio</span> <span class='ocrx_word' id='word_1_211' title='bbox 431 2749 545 2808; x_wconf 82' lang='lat' dir='ltr'>Callisti</span> <span class='ocrx_word' id='word_1_212' title='bbox 560 2749 606 2806; x_wconf 83' lang='lat' dir='ltr'>via</span> <span class='ocrx_word' id='word_1_213' title='bbox 616 2749 721 2827; x_wconf 78' lang='lat' dir='ltr'>Appia,</span> <span class='ocrx_word' id='word_1_214' title='bbox 735 2749 776 2808; x_wconf 90' lang='lat' dir='ltr'>X.</span> <span class='ocrx_word' id='word_1_215' title='bbox 790 2748 938 2809; x_wconf 87' lang='lat' dir='ltr'>Kalendas</span> <span class='ocrx_word' id='word_1_216' title='bbox 953 2751 1041 2829; x_wconf 87' lang='lat' dir='ltr'>Maji.</span> 
     </span>
    </p>

    <p class='ocr_par' dir='ltr' id='par_1_8' title="bbox 97 2846 1297 3610">
     <span class='ocr_line' id='line_1_26' title="bbox 138 2846 1293 2925; baseline 0.002 -21"><span class='ocrx_word' id='word_1_217' title='bbox 138 2850 187 2905; x_wconf 84' lang='grc'>30.</span> <span class='ocrx_word' id='word_1_218' title='bbox 210 2846 428 2905; x_wconf 66' lang='lat' dir='ltr'>Marcomannos</span> <span class='ocrx_word' id='word_1_219' title='bbox 442 2846 525 2904; x_wconf 90' lang='lat' dir='ltr'>anuis</span> <span class='ocrx_word' id='word_1_220' title='bbox 539 2857 614 2914; x_wconf 88' lang='lat' dir='ltr'>octo,</span> <span class='ocrx_word' id='word_1_221' title='bbox 638 2847 784 2905; x_wconf 85' lang='lat' dir='ltr'>mensibus</span> <span class='ocrx_word' id='word_1_222' title='bbox 808 2847 907 2915; x_wconf 88' lang='lat' dir='ltr'>tribus,</span> <span class='ocrx_word' id='word_1_223' title='bbox 923 2846 1024 2905; x_wconf 90' lang='lat' dir='ltr'>diebus</span> <span class='ocrx_word' id='word_1_224' title='bbox 1040 2847 1293 2925; x_wconf 85' lang='lat' dir='ltr'>vigintiquinque.</span> 
     </span>
     <span class='ocr_line' id='line_1_27' title="bbox 99 2942 1292 3020; baseline 0 -17"><span class='ocrx_word' id='word_1_225' title='bbox 99 2944 167 3003; x_wconf 90' lang='lat' dir='ltr'>Fuit</span> <span class='ocrx_word' id='word_1_226' title='bbox 180 2944 356 3020; x_wconf 88' lang='lat' dir='ltr'>temporibus</span> <span class='ocrx_word' id='word_1_227' title='bbox 370 2942 544 3003; x_wconf 90' lang='lat' dir='ltr'>Diocletiani</span> <span class='ocrx_word' id='word_1_228' title='bbox 558 2953 587 3002; x_wconf 88' lang='lat' dir='ltr'>et</span> <span class='ocrx_word' id='word_1_229' title='bbox 611 2943 795 3012; x_wconf 87' lang='lat' dir='ltr'>Maximiani,</span> <span class='ocrx_word' id='word_1_230' title='bbox 816 2962 852 3002; x_wconf 91' lang='lat' dir='ltr'>ex</span> <span class='ocrx_word' id='word_1_231' title='bbox 866 2943 912 3002; x_wconf 91' lang='lat' dir='ltr'>die</span> <span class='ocrx_word' id='word_1_232' title='bbox 931 2944 1024 3019; x_wconf 86' lang='lat' dir='ltr'>pridie</span> <span class='ocrx_word' id='word_1_233' title='bbox 1038 2943 1165 3004; x_wconf 92' lang='lat' dir='ltr'>Kalend.</span> <span class='ocrx_word' id='word_1_234' title='bbox 1189 2945 1209 3005; x_wconf 89' lang='lat' dir='ltr'>J</span> <span class='ocrx_word' id='word_1_235' title='bbox 1213 2946 1292 3014; x_wconf 90' lang='lat' dir='ltr'>ulias,</span> 
     </span>
     <span class='ocr_line' id='line_1_28' title="bbox 99 3022 1295 3116; baseline 0.002 -15"><span class='ocrx_word' id='word_1_236' title='bbox 99 3062 116 3101; x_wconf 92' lang='lat' dir='ltr'>a</span> <span class='ocrx_word' id='word_1_237' title='bbox 130 3040 306 3101; x_wconf 79' lang='lat' dir='ltr'>Consulibus</span> <span class='ocrx_word' id='word_1_238' title='bbox 319 3040 500 3100; x_wconf 91' lang='lat' dir='ltr'>Diocletiano</span> <span class='ocrx_word' id='word_1_239' title='bbox 514 3040 567 3100; x_wconf 95' lang='lat' dir='ltr'>Vl.</span> <span class='ocrx_word' id='word_1_240' title='bbox 582 3051 611 3100; x_wconf 91' lang='lat' dir='ltr'>et</span> <span class='ocrx_word' id='word_1_241' title='bbox 625 3040 798 3101; x_wconf 80' lang='lat' dir='ltr'>Constantio</span> <span class='ocrx_word' id='word_1_242' title='bbox 811 3040 852 3101; x_wconf 92' lang='lat' dir='ltr'>Il.</span> <span class='ocrx_word' id='word_1_243' title='bbox 866 3052 960 3116; x_wconf 80' lang='lat' dir='ltr'>usque</span> <span class='ocrx_word' id='word_1_244' title='bbox 978 3045 1009 3102; x_wconf 92' lang='lat' dir='ltr'>in</span> <span class='ocrx_word' id='word_1_245' title='bbox 1023 3022 1209 3103; x_wconf 76' lang='lat' dir='ltr'>consulatum</span> <span class='ocrx_word' id='word_1_246' title='bbox 1230 3043 1295 3103; x_wconf 92' lang='lat' dir='ltr'>Dio·</span> 
     </span>
     <span class='ocr_line' id='line_1_29' title="bbox 99 3138 1295 3218; baseline 0.002 -20"><span class='ocrx_word' id='word_1_247' title='bbox 99 3139 211 3200; x_wconf 87' lang='lat' dir='ltr'>cletiaoi</span> <span class='ocrx_word' id='word_1_248' title='bbox 226 3138 280 3201; x_wconf 83' lang='lat' dir='ltr'>lx.</span> <span class='ocrx_word' id='word_1_249' title='bbox 292 3150 324 3197; x_wconf 86' lang='lat' dir='ltr'>&#39;et</span> <span class='ocrx_word' id='word_1_250' title='bbox 338 3139 511 3199; x_wconf 80' lang='lat' dir='ltr'>Maximiani</span> <span class='ocrx_word' id='word_1_251' title='bbox 525 3138 609 3198; x_wconf 88' lang='lat' dir='ltr'><strong>VIII.</strong></span> <span class='ocrx_word' id='word_1_252' title='bbox 650 3139 716 3207; x_wconf 84' lang='lat' dir='ltr'>Quo</span> <span class='ocrx_word' id='word_1_253' title='bbox 730 3149 858 3216; x_wconf 89' lang='lat' dir='ltr'>tempore</span> <span class='ocrx_word' id='word_1_254' title='bbox 873 3140 926 3200; x_wconf 85' lang='lat' dir='ltr'>fnit</span> <span class='ocrx_word' id='word_1_255' title='bbox 939 3141 1112 3218; x_wconf 86' lang='lat' dir='ltr'>persecutio,</span> <span class='ocrx_word' id='word_1_256' title='bbox 1127 3151 1156 3200; x_wconf 86' lang='lat' dir='ltr'>et</span> <span class='ocrx_word' id='word_1_257' title='bbox 1171 3143 1295 3201; x_wconf 86' lang='lat' dir='ltr'>cessavit</span> 
     </span>
     <span class='ocr_line' id='line_1_30' title="bbox 98 3238 1297 3323; baseline 0.002 -25"><span class='ocrx_word' id='word_1_258' title='bbox 98 3241 279 3319; x_wconf 87' lang='lat' dir='ltr'>episcopatus</span> <span class='ocrx_word' id='word_1_259' title='bbox 294 3259 385 3299; x_wconf 88' lang='lat' dir='ltr'>annos</span> <span class='ocrx_word' id='word_1_260' title='bbox 402 3238 508 3298; x_wconf 83' lang='lat' dir='ltr'>Vll.”²</span> <span class='ocrx_word' id='word_1_261' title='bbox 547 3239 660 3298; x_wconf 87' lang='lat' dir='ltr'>Dicitur</span> <span class='ocrx_word' id='word_1_262' title='bbox 674 3240 852 3298; x_wconf 83' lang='lat' dir='ltr'>thurificasse</span> <span class='ocrx_word' id='word_1_263' title='bbox 868 3248 888 3276; x_wconf 88' lang='grc'>“</span> <span class='ocrx_word' id='word_1_264' title='bbox 898 3249 927 3298; x_wconf 92' lang='lat' dir='ltr'>et</span> <span class='ocrx_word' id='word_1_265' title='bbox 937 3249 1120 3323; x_wconf 88' lang='lat' dir='ltr'>postpaucos</span> <span class='ocrx_word' id='word_1_266' title='bbox 1132 3239 1197 3299; x_wconf 88' lang='lat' dir='ltr'>dies</span> <span class='ocrx_word' id='word_1_267' title='bbox 1210 3241 1297 3319; x_wconf 90' lang='lat' dir='ltr'>poeni·</span> 
     </span>
     <span class='ocr_line' id='line_1_31' title="bbox 98 3334 1296 3414; baseline 0.004 -19"><span class='ocrx_word' id='word_1_268' title='bbox 98 3338 185 3397; x_wconf 90' lang='lat' dir='ltr'>tentia</span> <span class='ocrx_word' id='word_1_269' title='bbox 196 3337 297 3396; x_wconf 89' lang='lat' dir='ltr'>ductus</span> <span class='ocrx_word' id='word_1_270' title='bbox 313 3336 463 3395; x_wconf 89' lang='lat' dir='ltr'>abeodem</span> <span class='ocrx_word' id='word_1_271' title='bbox 476 3336 658 3396; x_wconf 88' lang='lat' dir='ltr'>Diocletiano</span> <span class='ocrx_word' id='word_1_272' title='bbox 672 3346 787 3414; x_wconf 87' lang='lat' dir='ltr'>propter</span> <span class='ocrx_word' id='word_1_273' title='bbox 800 3335 887 3395; x_wconf 89' lang='lat' dir='ltr'>fidem</span> <span class='ocrx_word' id='word_1_274' title='bbox 909 3334 1020 3407; x_wconf 81' lang='lat' dir='ltr'>Christi</span> <span class='ocrx_word' id='word_1_275' title='bbox 1034 3356 1102 3397; x_wconf 91' lang='lat' dir='ltr'>cnm</span> <span class='ocrx_word' id='word_1_276' title='bbox 1118 3337 1256 3409; x_wconf 79' lang='lat' dir='ltr'>Claudio,</span> <span class='ocrx_word' id='word_1_277' title='bbox 1270 3352 1296 3399; x_wconf 90' lang='lat' dir='ltr'>et</span> 
     </span>
     <span class='ocr_line' id='line_1_32' title="bbox 99 3434 1294 3512; baseline 0.003 -20"><span class='ocrx_word' id='word_1_278' title='bbox 99 3434 230 3502; x_wconf 77' lang='lat' dir='ltr'>QuIrino,</span> <span class='ocrx_word' id='word_1_279' title='bbox 245 3447 274 3493; x_wconf 90' lang='lat' dir='ltr'>et</span> <span class='ocrx_word' id='word_1_280' title='bbox 293 3435 438 3494; x_wconf 82' lang='lat' dir='ltr'>Antonino</span> <span class='ocrx_word' id='word_1_281' title='bbox 463 3436 556 3512; x_wconf 88' lang='lat' dir='ltr'>capite</span> <span class='ocrx_word' id='word_1_282' title='bbox 571 3446 638 3493; x_wconf 88' lang='lat' dir='ltr'>sunt</span> <span class='ocrx_word' id='word_1_283' title='bbox 651 3435 781 3502; x_wconf 83' lang='lat' dir='ltr'>nuticati,</span> <span class='ocrx_word' id='word_1_284' title='bbox 805 3444 834 3492; x_wconf 87' lang='lat' dir='ltr'>et</span> <span class='ocrx_word' id='word_1_285' title='bbox 854 3435 992 3512; x_wconf 86' lang='lat' dir='ltr'>martyrio</span> <span class='ocrx_word' id='word_1_286' title='bbox 1006 3437 1194 3497; x_wconf 88' lang='lat' dir='ltr'>coronatur.”</span> <span class='ocrx_word' id='word_1_287' title='bbox 1239 3436 1294 3496; x_wconf 83' lang='lat' dir='ltr'>Sed</span> 
     </span>
     <span class='ocr_line' id='line_1_33' title="bbox 97 3529 963 3610; baseline 0 -20"><span class='ocrx_word' id='word_1_288' title='bbox 97 3529 314 3590; x_wconf 86' lang='lat' dir='ltr'>thurificationis</span> <span class='ocrx_word' id='word_1_289' title='bbox 327 3530 436 3590; x_wconf 89' lang='lat' dir='ltr'>crimen</span> <span class='ocrx_word' id='word_1_290' title='bbox 446 3533 508 3608; x_wconf 87' lang='lat' dir='ltr'>jam</span> <span class='ocrx_word' id='word_1_291' title='bbox 521 3531 556 3589; x_wconf 87' lang='lat' dir='ltr'>ab</span> <span class='ocrx_word' id='word_1_292' title='bbox 569 3531 731 3610; x_wconf 76' lang='lat' dir='ltr'>Augustino</span> <span class='ocrx_word' id='word_1_293' title='bbox 743 3530 894 3608; x_wconf 81' lang='lat' dir='ltr'>explosum</span> <span class='ocrx_word' id='word_1_294' title='bbox 909 3540 963 3590; x_wconf 88' lang='lat' dir='ltr'>est.</span> 
     </span>
    </p>
   </div>
   <div class='ocr_carea' id='block_1_3' title="bbox 597 3676 803 3750">
    <p class='ocr_par' dir='ltr' id='par_1_9' title="bbox 597 3676 803 3750">
     <span class='ocr_line' id='line_1_34' title="bbox 597 3676 803 3750; baseline 0.005 -1"><span class='ocrx_word' id='word_1_295' title='bbox 597 3676 733 3750; x_wconf 75' lang='lat' dir='ltr'>Smonco‘</span> <span class='ocrx_word' id='word_1_296' title='bbox 749 3689 803 3750; x_wconf 93' lang='lat' dir='ltr'>IV.</span> 
     </span>
    </p>
   </div>
   <div class='ocr_carea' id='block_1_4' title="bbox 95 3847 1298 4512">
    <p class='ocr_par' dir='ltr' id='par_1_10' title="bbox 95 3847 1298 4216">
     <span class='ocr_line' id='line_1_35' title="bbox 136 3847 1296 3921; baseline -0.001 -10"><span class='ocrx_word' id='word_1_297' title='bbox 136 3857 185 3911; x_wconf 80' lang='lat' dir='ltr'>at.</span> <span class='ocrx_word' id='word_1_298' title='bbox 207 3861 227 3888; x_wconf 86' lang='lat'>“</span> <span class='ocrx_word' id='word_1_299' title='bbox 238 3852 422 3911; x_wconf 71' lang='lat' dir='ltr'>Menoeceos</span> <span class='ocrx_word' id='word_1_300' title='bbox 436 3868 511 3909; x_wconf 91' lang='lat' dir='ltr'>anno</span> <span class='ocrx_word' id='word_1_301' title='bbox 531 3848 556 3918; x_wconf 92' lang='lat'>1,</span> <span class='ocrx_word' id='word_1_302' title='bbox 571 3850 717 3908; x_wconf 87' lang='lat' dir='ltr'>mensibus</span> <span class='ocrx_word' id='word_1_303' title='bbox 732 3848 797 3919; x_wconf 86' lang='lat' dir='ltr'>VL,</span> <span class='ocrx_word' id='word_1_304' title='bbox 813 3847 914 3909; x_wconf 88' lang='lat' dir='ltr'>diebus</span> <span class='ocrx_word' id='word_1_305' title='bbox 929 3849 1021 3910; x_wconf 89' lang='lat' dir='ltr'><strong>XX.”</strong></span> <span class='ocrx_word' id='word_1_306' title='bbox 1060 3847 1296 3921; x_wconf 86' lang='lat' dir='ltr'>Vetustissimos,</span> 
     </span>
     <span class='ocr_line' id='line_1_36' title="bbox 95 3938 1295 4028; baseline 0 -18"><span class='ocrx_word' id='word_1_307' title='bbox 95 3960 190 4013; x_wconf 73' lang='lat' dir='ltr'>nmen</span> <span class='ocrx_word' id='word_1_308' title='bbox 202 3951 294 4010; x_wconf 85' lang='lat' dir='ltr'>codex</span> <span class='ocrx_word' id='word_1_309' title='bbox 305 3938 444 4009; x_wconf 81' lang='lat' dir='ltr'>Lucensis</span> <span class='ocrx_word' id='word_1_310' title='bbox 456 3949 584 4009; x_wconf 89' lang='lat' dir='ltr'>chronici</span> <span class='ocrx_word' id='word_1_311' title='bbox 595 3947 724 4018; x_wconf 86' lang='lat' dir='ltr'>Damasi,</span> <span class='ocrx_word' id='word_1_312' title='bbox 736 3958 799 4006; x_wconf 88' lang='lat' dir='ltr'>ante</span> <span class='ocrx_word' id='word_1_313' title='bbox 815 3948 892 4028; x_wconf 86' lang='lat' dir='ltr'>mille</span> <span class='ocrx_word' id='word_1_314' title='bbox 904 3967 993 4010; x_wconf 86' lang='lat' dir='ltr'>anuos</span> <span class='ocrx_word' id='word_1_315' title='bbox 1008 3959 1151 4019; x_wconf 84' lang='lat' dir='ltr'>exaratus,</span> <span class='ocrx_word' id='word_1_316' title='bbox 1167 3953 1295 4026; x_wconf 91' lang='lat' dir='ltr'>quinque</span> 
     </span>
     <span class='ocr_line' id='line_1_37' title="bbox 103 4047 1298 4127; baseline 0.003 -20"><span class='ocrx_word' id='word_1_317' title='bbox 103 4068 192 4109; x_wconf 88' lang='lat' dir='ltr'>annos</span> <span class='ocrx_word' id='word_1_318' title='bbox 207 4050 234 4108; x_wconf 93' lang='lat' dir='ltr'>ei</span> <span class='ocrx_word' id='word_1_319' title='bbox 247 4049 385 4127; x_wconf 83' lang='lat' dir='ltr'>adsignat.</span> <span class='ocrx_word' id='word_1_320' title='bbox 426 4047 516 4107; x_wconf 85' lang='lat' dir='ltr'>Juxta</span> <span class='ocrx_word' id='word_1_321' title='bbox 531 4047 718 4121; x_wconf 86' lang='lat' dir='ltr'>quorumdam</span> <span class='ocrx_word' id='word_1_322' title='bbox 733 4049 966 4125; x_wconf 88' lang='lat' dir='ltr'>supputationem</span> <span class='ocrx_word' id='word_1_323' title='bbox 975 4057 1086 4107; x_wconf 90' lang='lat' dir='ltr'>oreatus</span> <span class='ocrx_word' id='word_1_324' title='bbox 1108 4058 1153 4107; x_wconf 89' lang='lat' dir='ltr'>est</span> <span class='ocrx_word' id='word_1_325' title='bbox 1167 4050 1298 4127; x_wconf 85' lang='lat' dir='ltr'>pontifex</span> 
     </span>
     <span class='ocr_line' id='line_1_38' title="bbox 96 4135 702 4216; baseline -0.005 -10"><span class='ocrx_word' id='word_1_326' title='bbox 96 4152 135 4208; x_wconf 82' lang='lat' dir='ltr'>cr</span> <span class='ocrx_word' id='word_1_327' title='bbox 150 4135 230 4209; x_wconf 80' lang='lat' dir='ltr'>Junn</span> <span class='ocrx_word' id='word_1_328' title='bbox 245 4154 313 4216; x_wconf 81' lang='lat' dir='ltr'>nos,</span> <span class='ocrx_word' id='word_1_329' title='bbox 328 4148 400 4208; x_wconf 80' lang='lat' dir='ltr'>obiit</span> <span class='ocrx_word' id='word_1_330' title='bbox 415 4151 451 4206; x_wconf 85' lang='lat' dir='ltr'>rc</span> <span class='ocrx_word' id='word_1_331' title='bbox 465 4147 593 4208; x_wconf 79' lang='lat' dir='ltr'>tannarii</span> <span class='ocrx_word' id='word_1_332' title='bbox 608 4150 677 4205; x_wconf 80' lang='lat' dir='ltr'>alo.</span> <span class='ocrx_word' id='word_1_333' title='bbox 699 4152 702 4156; x_wconf 51' lang='lat'><em>⁷</em></span> 
     </span>
    </p>

    <p class='ocr_par' dir='ltr' id='par_1_11' title="bbox 97 4242 1296 4421">
     <span class='ocr_line' id='line_1_39' title="bbox 137 4242 1296 4320; baseline 0 -16"><span class='ocrx_word' id='word_1_334' title='bbox 137 4250 185 4304; x_wconf 91' lang='grc'>32.</span> <span class='ocrx_word' id='word_1_335' title='bbox 208 4247 359 4306; x_wconf 83' lang='lat' dir='ltr'>Ensnnms</span> <span class='ocrx_word' id='word_1_336' title='bbox 373 4263 487 4304; x_wconf 86' lang='lat' dir='ltr'>menses</span> <span class='ocrx_word' id='word_1_337' title='bbox 503 4243 557 4303; x_wconf 90' lang='lat' dir='ltr'>1v.</span> <span class='ocrx_word' id='word_1_338' title='bbox 572 4243 633 4302; x_wconf 89' lang='lat' dir='ltr'>dies</span> <span class='ocrx_word' id='word_1_339' title='bbox 648 4243 732 4302; x_wconf 86' lang='lat' dir='ltr'><strong>XVI.</strong></span> <span class='ocrx_word' id='word_1_340' title='bbox 749 4263 766 4302; x_wconf 89' lang='lat' dir='ltr'>a</span> <span class='ocrx_word' id='word_1_341' title='bbox 781 4243 864 4302; x_wconf 90' lang='lat' dir='ltr'><strong>XIV.</strong></span> <span class='ocrx_word' id='word_1_342' title='bbox 886 4242 1034 4303; x_wconf 88' lang='lat' dir='ltr'>Kalendas</span> <span class='ocrx_word' id='word_1_343' title='bbox 1056 4244 1130 4303; x_wconf 90' lang='lat' dir='ltr'>Maii</span> <span class='ocrx_word' id='word_1_344' title='bbox 1150 4262 1247 4320; x_wconf 86' lang='lat' dir='ltr'>usque</span> <span class='ocrx_word' id='word_1_345' title='bbox 1268 4246 1296 4304; x_wconf 94' lang='lat' dir='ltr'>in</span> 
     </span>
     <span class='ocr_line' id='line_1_40' title="bbox 97 4328 1058 4421; baseline 0 -22"><span class='ocrx_word' id='word_1_346' title='bbox 97 4339 174 4401; x_wconf 91' lang='lat' dir='ltr'>diem</span> <span class='ocrx_word' id='word_1_347' title='bbox 188 4343 272 4403; x_wconf 94' lang='lat' dir='ltr'><strong>XVI.</strong></span> <span class='ocrx_word' id='word_1_348' title='bbox 288 4343 435 4403; x_wconf 88' lang='lat' dir='ltr'>Kalendas</span> <span class='ocrx_word' id='word_1_349' title='bbox 450 4342 640 4421; x_wconf 84' lang='lat' dir='ltr'>Septembris.</span> <span class='ocrx_word' id='word_1_350' title='bbox 1055 4328 1058 4335; x_wconf 65' lang='grc'><strong>’</strong></span> 
     </span>
    </p>

    <p class='ocr_par' dir='ltr' id='par_1_12' title="bbox 137 4439 1298 4512">
     <span class='ocr_line' id='line_1_41' title="bbox 137 4439 1298 4512; baseline 0.003 -14"><span class='ocrx_word' id='word_1_351' title='bbox 137 4444 185 4498; x_wconf 91' lang='grc'>33.</span> <span class='ocrx_word' id='word_1_352' title='bbox 209 4449 229 4478; x_wconf 88' lang='grc'>“</span> <span class='ocrx_word' id='word_1_353' title='bbox 241 4442 424 4512; x_wconf 79' lang='lat' dir='ltr'>Mmmnas,</span> <span class='ocrx_word' id='word_1_354' title='bbox 440 4461 491 4501; x_wconf 91' lang='lat' dir='ltr'>seu</span> <span class='ocrx_word' id='word_1_355' title='bbox 506 4442 697 4509; x_wconf 76' lang='lat' dir='ltr'>Marcomons,</span> <span class='ocrx_word' id='word_1_356' title='bbox 712 4442 827 4500; x_wconf 90' lang='lat' dir='ltr'>natione</span> <span class='ocrx_word' id='word_1_357' title='bbox 841 4440 920 4510; x_wconf 78' lang='lat' dir='ltr'>Afer,</span> <span class='ocrx_word' id='word_1_358' title='bbox 936 4440 1018 4500; x_wconf 89' lang='lat' dir='ltr'>aunis</span> <span class='ocrx_word' id='word_1_359' title='bbox 1029 4439 1131 4509; x_wconf 90' lang='lat' dir='ltr'>tribus,</span> <span class='ocrx_word' id='word_1_360' title='bbox 1145 4443 1298 4502; x_wconf 88' lang='lat' dir='ltr'>mensibus</span> 
     </span>
    </p>
   </div>
   <div class='ocr_carea' id='block_1_5' title="bbox 173 4640 178 4655">
    <p class='ocr_par' dir='ltr' id='par_1_13' title="bbox 173 4640 178 4655">
     <span class='ocr_line' id='line_1_42' title="bbox 173 4640 178 4655; baseline 0 0"><span class='ocrx_word' id='word_1_361' title='bbox 173 4640 178 4655; x_wconf 83' lang='lat' dir='ltr'><strong>I</strong></span> 
     </span>
    </p>
   </div>
   <div class='ocr_carea' id='block_1_6' title="bbox 196 4657 1214 4746">
    <p class='ocr_par' dir='ltr' id='par_1_14' title="bbox 196 4657 1214 4746">
     <span class='ocr_line' id='line_1_43' title="bbox 196 4657 1214 4746; baseline 0.004 -20"><span class='ocrx_word' id='word_1_362' title='bbox 196 4677 239 4746; x_wconf 89' lang='lat' dir='ltr'>(l)</span> <span class='ocrx_word' id='word_1_363' title='bbox 257 4677 310 4728; x_wconf 89' lang='lat' dir='ltr'>Alii</span> <span class='ocrx_word' id='word_1_364' title='bbox 321 4679 416 4730; x_wconf 82' lang='lat' dir='ltr'>codIoes</span> <span class='ocrx_word' id='word_1_365' title='bbox 428 4679 480 4731; x_wconf 85' lang='lat'>111.</span> <span class='ocrx_word' id='word_1_366' title='bbox 491 4679 588 4740; x_wconf 87' lang='lat' dir='ltr'>habent,</span> <span class='ocrx_word' id='word_1_367' title='bbox 600 4694 655 4743; x_wconf 82' lang='lat' dir='ltr'>quac</span> <span class='ocrx_word' id='word_1_368' title='bbox 667 4678 738 4730; x_wconf 86' lang='lat' dir='ltr'>lectio</span> <span class='ocrx_word' id='word_1_369' title='bbox 747 4677 806 4730; x_wconf 86' lang='lat' dir='ltr'>viris</span> <span class='ocrx_word' id='word_1_370' title='bbox 818 4657 982 4742; x_wconf 82' lang='lat' dir='ltr'>chronologia</span> <span class='ocrx_word' id='word_1_371' title='bbox 992 4676 1076 4745; x_wconf 86' lang='lat' dir='ltr'>peritis</span> <span class='ocrx_word' id='word_1_372' title='bbox 1087 4677 1214 4745; x_wconf 87' lang='lat' dir='ltr'>probatur.</span> 
     </span>
    </p>
   </div>
   <div class='ocr_carea' id='block_1_7' title="bbox 0 0 1410 5092">
    <p class='ocr_par' dir='ltr' id='par_1_15' title="bbox 0 0 1410 5092">
     <span class='ocr_line' id='line_1_44' title="bbox 0 0 1410 5092; baseline 0 0"><span class='ocrx_word' id='word_1_373' title='bbox 0 0 1410 5092; x_wconf 95' lang='lat' dir='ltr'> </span> 
     </span>
    </p>
   </div>
  </div>
 </body>
</html>
