2798 5092
102 366 161 423 ute
422 358 428 369 '
583 359 808 421 APPENDIX.

141 522 317 589 Euarchus,
334 521 483 598 presbyter
502 530 530 578 st
552 519 769 579 archimandrita
790 518 954 577 monasterii
969 519 1290 600 constantinopolitani,

102 619 313 685 Nestorianam,
339 617 374 675 de
398 617 507 689 duabus
532 619 562 676 in
588 617 705 675 Christo
727 617 868 694 personis,
896 616 1027 677 heresim
1056 620 1242 697 impugnans,
1262 621 1292 680 iu

101 717 184 775 aliem
210 718 237 775 ei
259 715 405 773 adversam
431 734 468 773 ex
493 715 635 792 imperitia
654 714 751 792 lapsus
776 724 837 781 est;
859 713 972 772 unicam
994 715 1104 774 scilicet
1128 729 1195 794 post
1215 720 1294 778 unio·

100 832 167 874 trem
188 814 219 872 in
246 812 364 871 Christo
392 812 553 871 adstruebat
580 827 719 871 naturam.
761 815 846 871 Anno
873 813 934 873 448
954 830 1033 870 error
1059 814 1107 873 hic
1134 826 1213 875 onus
1241 827 1294 886 est,

99 912 149 985 qui
174 929 247 970 anno
268 913 327 967 449
350 911 382 969 in
408 909 521 987 synodo
546 910 872 986 constantinopolitana,
905 912 1026 989 praeside
1054 913 1191 971 Flaviano
1219 912 1295 972 illins

100 1008 178 1068 sedis
201 1008 334 1075 antistite,
360 1006 508 1065 damnatus
533 1018 587 1074 est,
613 1019 642 1064 et
668 1006 818 1083 Eutyches
846 1007 1005 1085 depositus.
1055 1009 1082 1066 A
1110 1013 1149 1067 32
1171 1009 1295 1086 Episco-

99 1124 212 1185 porum,
248 1104 297 1179 qui
329 1105 359 1163 iu
386 1123 420 1162 ea
447 1113 651 1170 convenerunt,
684 1107 824 1163 sententia
859 1125 1003 1166 summum
1038 1106 1218 1183 pontificem,
1246 1106 1296 1166 Al·

97 1204 284 1264 exandrinum
316 1203 514 1282 patriarcham,
547 1213 575 1260 et
606 1201 903 1279 Hierosolymitanum
937 1206 1106 1282 episcopum
1139 1205 1296 1282 appellarit

96 1301 294 1361 heresiarcha.
345 1299 478 1376 Epistola
511 1297 670 1375 dogmatica
705 1298 739 1357 ad
778 1300 948 1360 Flavianum
983 1301 1128 1360 damnarit
1163 1304 1196 1360 S.
1233 1302 1295 1363 Iar

96 1419 231 1468 errorem,
246 1411 275 1457 et
288 1399 456 1458 Theodosio
465 1397 574 1476 juniori
594 1398 748 1456 concilium
769 1400 978 1459 mcumcnioum
1001 1400 1030 1458 in
1052 1401 1171 1460 Oriente
1198 1410 1295 1478 postu·

94 1497 164 1555 lauti
184 1514 259 1572 tegre
278 1495 392 1553 tandem
416 1512 552 1552 assensus
574 1504 628 1559 est,
643 1494 739 1552 missis
754 1494 854 1571 legatis
879 1497 927 1569 qui
951 1497 1011 1555 suis
1037 1497 1202 1574 iungeretur
1227 1498 1294 1556 vici·

96 1596 160 1662 bus,
186 1593 447 1669 Eutychetemque,
472 1592 498 1650 si
518 1591 691 1668 resipiseret,
715 1592 854 1651 Ecclesia
880 1594 1061 1653 restituerent
1082 1596 1292 1655 communioni.

95 1689 209 1766 Ephesi
223 1707 381 1748 convenere
398 1694 453 1747 1³0
468 1689 619 1766 Episcopi,
641 1693 788 1748 annulli)
809 1690 935 1749 ruendum
958 1692 1085 1768 expleto,
1100 1693 1208 1765 quibus
1223 1710 1295 1770 pra·

98 1787 151 1846 luit
172 1786 341 1855 Dioscorus,
362 1787 572 1846 Alexandrinus
595 1788 762 1865 patriarcha,
777 1789 877 1866 legatie
898 1791 1051 1867 pontificiis
1071 1791 1212 1849 exclusis.
1254 1791 1293 1850 vt

95 1886 192 1945 omnia
205 1899 266 1943 ecta
281 1895 364 1955 sunt3
379 1886 530 1962 Eutyches
545 1887 677 1964 probatus
690 1906 699 1954 3
714 1886 863 1945 damnatus
876 1887 1040 1956 Flavianas,
1058 1888 1108 1961 qui
1123 1888 1292 1964 pontificatu

95 1984 241 2062 appellans
256 1982 328 2042 adeo
341 1982 491 2042 crudeliter
503 1994 641 2060 exceptus
656 1994 709 2050 eet,
725 1996 756 2041 ut
779 1983 876 2042 dolore
899 1985 1046 2062 plagarum
1068 1984 1212 2044 efflaverit
1233 1986 1293 2045 ani·

94 2101 181 2140 ruam.
223 2081 339 2140 Frustra
353 2080 537 2140 Theodosius
553 2081 731 2140 conciliabuli
746 2093 807 2139 acta
828 2092 888 2140 rats
906 2082 1003 2140 haberi
1017 2081 1117 2151 voluit,
1133 2083 1292 2159 refragante

94 2181 238 2258 pontifics,
254 2181 303 2255 qui
318 2178 468 2248 Marciani,
484 2179 644 2239 Theodosii
664 2180 850 2247 successoris,
878 2181 952 2238 votis
974 2199 1115 2249 annuens,
1138 2182 1294 2241 concilium

95 2277 282 2338 Chalcedone
296 2280 325 2337 in
339 2278 478 2354 Bithynia
498 2275 698 2336 celebrandum
720 2277 850 2336 sancivit.
896 2281 955 2336 630
976 2278 1117 2354 Episcopi
1139 2296 1215 2337 anno
1233 2282 1292 2337 4⁶1

93 2377 123 2434 in
138 2395 172 2434 ea
186 2376 266 2435 Urbe
279 2377 482 2434 convenientes
497 2375 582 2434 fidem
602 2375 791 2443 catholicam,
807 2387 890 2452 prout
910 2376 939 2434 iu
955 2376 987 2434 S.
1003 2376 1112 2435 Leonis
1127 2377 1163 2436 ad
1177 2378 1292 2438 Flavia·

93 2492 163 2531 num
185 2472 319 2549 Epistola
338 2473 470 2548 exposita
498 2484 551 2540 est,
574 2472 696 2549 professi
723 2482 799 2540 sunt,
830 2473 963 2531 damnato
984 2473 1158 2550 Eutychetis
1185 2493 1291 2535 errore.

96 2570 261 2628 Concilium
278 2569 373 2644 plures
388 2569 485 2626 hostes
501 2568 607 2636 habuit,
631 2571 704 2628 inter
725 2588 798 2643 quos
824 2570 904 2630 Zeno
925 2570 1083 2649 Imperator
1097 2572 1292 2633 recensendus

93 2677 147 2734 est,
162 2667 211 2740 qui
227 2665 402 2734 Idrrroticorr,
417 2685 468 2725 seu
491 2665 613 2749 unionis
635 2666 788 2725 Decretum
803 2667 902 2735 edidit,
917 2667 994 2741 quod
1009 2670 1063 2726 etsi
1084 2669 1153 2728 fidei
1168 2666 1292 2730 Chalca-

93 2763 215 2822 doneusi
232 2783 290 2822 non
305 2773 482 2840 repugnaret,
498 2763 656 2822 auctoritati
672 2764 736 2841 ejus
749 2775 809 2822 erat
821 2764 1001 2842 injuriosum.
1043 2766 1146 2825 Petrus
1163 2768 1292 2847 Moggus

92 2861 313 2921 Alexandrinam
335 2862 433 2920 sedem
457 2862 634 2938 recuperavit
655 2860 820 2921 Heneticorr
833 2862 1052 2939 amplectendor
1074 2882 1132 2936 qna
1154 2865 1192 2924 de
1208 2884 1293 2925 causa

95 2958 273 3036 Eutychiani
288 2959 490 3036 quamplurimi
504 2961 539 3016 ab
551 2959 613 3035 ejus
624 2961 826 3019 communione
838 2959 1040 3029 discesserunt,
1063 2970 1083 2998 ⁴⁶
1095 2981 1129 3019 ac
1140 2976 1293 3040 propterea

95 3058 232 3123 nominati
257 3067 324 3115 stunt
345 3055 496 3134 Acephuh',
518 3056 595 3130 quod
615 3076 632 3114 a
651 3058 754 3133 capite,
769 3055 798 3114 id
819 3066 873 3124 est,
890 3057 1049 3133 patriarcha
1073 3076 1128 3116 eno
1142 3058 1290 3138 disjuncti,

94 3155 217 3213 seorsim
241 3153 529 3231 congregabantur.”²
567 3151 748 3213 Hestrcntes
772 3153 856 3210 ctiam
879 3152 1009 3212 nonnulli
1030 3154 1211 3231 Eutychiani
1225 3169 1292 3217 sunt

95 3252 174 3318 dicti,
189 3253 209 3311 ii
233 3251 343 3310 scilicet
363 3252 412 3326 qui
437 3251 589 3310 concilium
606 3249 842 3308 Chalcedonense
856 3269 914 3309 non
928 3250 1110 3321 damnabant,
1126 3273 1182 3312 nec
1197 3268 1291 3315 tamen

95 3350 159 3426 ejus
191 3349 368 3426 recipiebant
392 3348 490 3407 fidem.
532 3349 657 3407 Aeacius
686 3347 1020 3424 constantinopolitanus
1049 3350 1219 3429 episcopus,
1253 3355 1290 3414 ob

94 3446 193 3504 initam
207 3466 273 3505 cum
288 3447 374 3505 Petro
390 3445 500 3522 Moggo
514 3445 758 3511 communionem,
779 3443 927 3521 depositos
949 3454 994 3502 est
1014 3466 1031 3503 a
1055 3446 1153 3506 Felice
1177 3450 1233 3509 Ill.
1261 3452 1290 3511 iu

92 3540 205 3617 synodo
220 3542 372 3601 Romana:
393 3561 451 3615 quo
464 3542 568 3600 sactum
583 3551 628 3599 sst
640 3551 671 3598 nt
684 3540 719 3597 ab
733 3558 808 3598 anno
822 3544 881 3598 484
896 3539 931 3599 ad
944 3560 1051 3615 annum
1067 3548 1126 3602 519
1140 3544 1288 3611 Constan-

90 3638 277 3714 tinopolitsna
290 3640 424 3699 Ecclesia
438 3660 455 3697 a
468 3639 552 3697 Sedis
565 3636 739 3717 Apostolicoe
754 3639 957 3698 communione
970 3651 1048 3698 asset
1061 3641 1165 3701 alisna.

130 3734 374 3794 Tseorascruum
384 3734 452 3793 dieti
466 3748 533 3793 sunt
545 3734 587 3792 illi
598 3734 785 3810 Eutychiani,
795 3733 845 3807 qui
856 3735 942 3793 Petro
952 3735 1084 3804 Fullone,
1097 3739 1288 3800 Antiochense

96 3829 242 3891 Ecclesiae
257 3831 398 3899 invasore,
412 3831 494 3898 duce,
510 3833 603 3907 ipsam
626 3830 769 3888 Deitatem
791 3848 905 3906 passam
927 3849 991 3889 esse
1018 3832 1221 3909 predicabant,
1239 3837 1291 3897 ad·

90 3927 191 3987 dentes
205 3926 358 4002 Trisagio:
382 3936 402 3963 “
412 3928 462 4000 qui
475 3928 629 3985 crucifixus
640 3945 671 3984 es
684 3943 737 4002 pro
751 3925 868 3984 nobis.''
909 3927 1027 3985 Armeni
1042 3947 1058 3984 a
1071 3927 1091 3986 J
1094 3930 1185 3989 acobo
1200 3932 1288 4010 Syro,

91 4024 205 4083 obscuri
220 4022 333 4101 generis
348 4021 476 4092 homine,
493 4040 617 4081 errorem
640 4023 716 4081 hunc
740 4022 915 4089 hauserunt,
927 4034 956 4080 et
979 4025 1211 4099 pertinacissime
1225 4048 1291 4107 pro·

90 4120 446 4199 pugnarunt31sooa1‘rm
472 4119 578 4179 idcirco
606 4131 805 4197 nuncupantur
829 4120 1007 4195 Eutychiani
1037 4141 1088 4199 per
1117 4123 1287 4197 Orientem

91 4238 179 4292 quum
196 4222 369 4281 Muccurum
386 4229 522 4279 vocentur
533 4219 677 4279 Catholici
689 4217 935 4276 Chalcedonensis
948 4220 1063 4278 concilii
1077 4227 1287 4297 auctoritatem,

91 4317 127 4374 ab
147 4319 316 4397 imperatore
339 4320 488 4401 Marciano
512 4319 648 4396 agnitam,
669 4315 875 4385 defendentesr
898 4299 982 4417 fflyp)
1004 4319 1114 4398 qnippe
1135 4325 1217 4403 apud
1229 4326 1295 4386 He·

39 4454 43 4460 -
92 4414 183 4480 bracos
197 4432 294 4492 regem
308 4417 460 4494 significat.
934 4411 941 4424 ’
966 4412 973 4425 ’

485 4673 526 4738 (l)
547 4672 666 4724 Leontius
677 4673 789 4725 desectis
799 4684 846 4727 act.
857 4693 880 4726 v.
