2798 5092
378 317 435 381 nn
456 317 655 380 sruouers
675 270 1001 381 ineuntunrvurs.

563 1049 701 1111 CAPUT
728 1049 810 1110 Vlll.

290 1331 292 1334 .
326 1287 382 1340 DE
418 1285 640 1338 SINGULIS
674 1284 1041 1338 lMPEDIMENTIS.

133 1502 181 1563 87.
203 1502 296 1569 Quam
320 1501 460 1560 Ecclesiae
483 1500 689 1559 vindicavimus
711 1509 835 1578 potestas
864 1499 971 1578 duplici
990 1502 1100 1561 ratione
1127 1511 1291 1571 exercetur,

94 1598 275 1676 impediendo
290 1599 447 1657 scilicetne
463 1599 673 1656 matrimonium
694 1598 804 1655 ineatur
826 1597 913 1666 licite,
928 1599 984 1656 nisi
1003 1599 1087 1657 certis
1103 1599 1207 1676 positis
1222 1617 1292 1657 con·

92 1697 245 1756 ditionibus
258 1716 265 1764 ;
288 1696 332 1754 vel
347 1715 382 1754 ne
397 1697 513 1754 omnino
528 1695 617 1753 valeat
630 1704 800 1753 contractus.
841 1690 1046 1775 Impedientio,
1061 1696 1104 1754 uti
1124 1696 1185 1773 jam
1211 1697 1288 1754 dixi·

93 1813 168 1860 mus,
184 1812 217 1851 ea
231 1805 365 1852 vocantur
375 1792 577 1869 impedimenta
591 1810 654 1865 quae
666 1793 777 1850 obstant
797 1790 881 1850 licitae
899 1792 1082 1851 celebrationi
1097 1793 1286 1862 matrimonii,

93 1892 162 1967 quin
174 1893 230 1951 vim
245 1894 307 1969 ejus
322 1874 428 1957 tollant,
451 1902 479 1948 et
497 1902 616 1964 quatuor
629 1901 830 1948 numerantur:
853 1890 963 1948 scilicet
987 1888 1131 1948 Eccleeise
1146 1890 1288 1959 uetitum,

93 1997 217 2069 tempor,
232 1988 391 2069 spiritantia,
407 1997 519 2048 votum.
561 1987 704 2048 Ecclesiae
717 1988 841 2047 uetitum
859 1989 961 2047 dicitur
976 1989 1130 2066 prohibitio
1155 1990 1190 2047 ab
1212 1991 1291 2067 epis·

92 2109 165 2167 copo
187 2089 259 2148 facta
274 2108 308 2147 ne
323 2089 428 2165 nuptiae
450 2089 666 2161 incautumque
682 2087 847 2164 plerumque
862 2087 895 2144 fit
916 2089 952 2145 ob
977 2085 1095 2146 dubium
1111 2086 1146 2144 de
1162 2087 1288 2164 impedi·

92 2195 187 2247 mento
209 2184 367 2252 dirimente,
382 2199 413 2242 ut
431 2195 544 2261 tempus
566 2182 648 2241 detur
666 2183 816 2260 indagini.¹
861 2182 990 2261 Tempus
1012 2202 1062 2262 per
1076 2182 1152 2257 quod
1174 2185 1290 2261 nuptia·

92 2303 154 2342 rum
169 2283 361 2341 solemnitates
384 2281 576 2358 prohibentur,
593 2290 637 2338 est
649 2280 684 2338 ab
700 2279 828 2338 Adventu
844 2298 935 2353 usque
953 2280 986 2338 ad
1010 2278 1087 2339 diem
1109 2278 1287 2357 Epiphaniae

92 2379 248 2446 exclusive,
263 2389 291 2435 et
312 2397 329 2434 a
351 2377 396 2435 die
424 2378 550 2435 cinerum
566 2395 657 2450 usque
678 2376 711 2435 ad
734 2387 862 2436 octavam
886 2376 1004 2437 Paschae
1028 2376 1193 2436 inclusive.’¹
1234 2378 1289 2437 So·

91 2476 250 2535 lemnitatcs
265 2487 358 2532 autem
382 2472 512 2532 dicuntur
526 2474 668 2550 “nuptias
690 2472 867 2543 benedicere,
888 2462 1024 2551 sponsam
1039 2473 1196 2541 traducere,
1213 2493 1294 2552 nup-¹

93 2573 169 2631 tialia
181 2573 322 2631 celebrare
334 2570 473 2630 convivia.
516 2571 732 2629 Matrimonium
751 2582 844 2630 autem
853 2574 934 2631 omni
948 2583 1076 2649 tempore
1089 2572 1221 2631 contrabi
1236 2592 1288 2651 po·

93 2669 178 2729 test.”
219 2670 262 2729 lta
276 2670 388 2729 Rituale
409 2669 582 2727 Romanum.
623 2668 790 2728 Benedictio
804 2684 867 2743 quae
889 2670 1101 2747 prohibeturea
1115 2679 1160 2729 est
1174 2674 1286 2745 quaein

90 2769 184 2827 Missa
203 2786 257 2847 pro
282 2767 395 2847 §ponec
415 2773 443 2825 ct
463 2784 572 2845 sponsa
592 2767 759 2827 continetur.
801 2767 883 2825 Licet
903 2768 988 2845 igitur
1007 2769 1093 2825 ritum
1119 2767 1150 2826 in
1176 2766 1289 2829 Rituali

91 2867 222 2925 Romano
236 2868 431 2944 prescriptum
446 2866 665 2942 omnitempore
683 2883 827 2943 peragere.
869 2866 941 2923 Item
961 2865 1133 2942 permittitur
1147 2885 1288 2944 sponsam

91 2965 198 3037 absque
212 2983 317 3041 pompa
331 2975 359 3023 et
372 2963 549 3023 solemnitate
570 2963 687 3022 domurn
702 2963 856 3031 traducere,
877 2963 921 3020 uti
938 2961 1090 3021 declararit
1104 2963 1136 3021 S.
1153 2962 1286 3042 Congre-

92 3063 167 3140 gatio
178 3061 328 3121 Οοηαίἱίἰ.8
367 3061 452 3120 Ratio
466 3081 516 3119 cur
531 3061 724 3119 solemnitates
746 3061 908 3137 nuptiarum
922 3060 1074 3133 aliquando
1089 3070 1220 3120 vetentur
1241 3074 1287 3120 est

92 3156 167 3233 quod
175 3158 350 3236 jejuniorum
364 3168 492 3234 ternpore
514 3158 686 3233 penitentie
701 3158 836 3234 operibus
851 3157 1008 3215 vacandum
1021 3158 1069 3225 sit,
1084 3157 1158 3216 etin
1173 3159 1286 3237 magnis

91 3258 171 3316 sestis
185 3255 352 3315 celebranda
365 3255 423 3312 sint
439 3254 585 3330 mysteria.

131 3359 180 3412 88.
206 3349 372 3431 sponsalia,
382 3350 492 3408 scilicet
501 3360 599 3408 mutua
613 3350 785 3408 matrimonii
795 3351 973 3428 promissio,⁴
983 3351 1096 3411 obstant
1110 3369 1147 3411 ne
1161 3351 1289 3413 alterutri

91 3469 156 3509 cum
178 3449 233 3509 alio
256 3460 357 3527 praeter
376 3467 442 3507 eum
465 3448 510 3505 cui
529 3446 615 3505 fidem
637 3448 845 3525 oppigneravit,
860 3447 944 3506 liceat
965 3448 1178 3508 matrimonium
1200 3451 1287 3511 inire.

92 3546 253 3618 Aliquando
281 3548 354 3605 fiunt
374 3564 439 3603 cum
462 3545 651 3612 solemnitate,
675 3545 794 3602 testibus
817 3545 973 3612 accersitis,
996 3558 1024 3603 et
1051 3545 1135 3605 etiam
1159 3549 1288 3624 parocho

92 3654 251 3722 praesente3
273 3645 322 3702 sed
338 3645 396 3702 vim
411 3645 514 3703 habent
528 3643 612 3701 etiam
628 3643 701 3700 clam
717 3641 798 3711 facta,
819 3643 889 3702 solis
910 3642 1118 3720 spondentibus
1139 3647 1289 3721 presenti-

92 3745 156 3801 bus.
198 3743 327 3801 Necesse
342 3755 436 3801 tamen
451 3754 495 3800 est
510 3752 541 3799 ut
555 3741 624 3800 fiant
638 3739 723 3807 serid,
738 3742 835 3799 animo
857 3758 889 3798 se
913 3741 1058 3818 obligandi
1084 3741 1119 3798 ad
1141 3744 1289 3803 matrimo-

92 3840 172 3898 nium
187 3838 352 3907 ineundum,
369 3850 397 3897 et
409 3850 441 3897 ut
454 3837 552 3898 mutui>
577 3847 767 3914 acceptentur.
808 3837 886 3896 Fieri
901 3857 957 3896 non
972 3837 1075 3896 debent
1088 3851 1154 3897 ante
1168 3852 1285 3917 septen·

92 3939 171 3997 nium
184 3942 206 3996 :⁶
220 3956 272 3996 nec
286 3939 412 3996 revocari
426 3949 490 3997 ante
504 3937 658 4014 pubertatis
670 3936 800 4004 annum,⁸
814 3937 864 4010 qui
878 3934 1133 4008 decimusquartus
1145 3940 1285 4010 maribus,

93 4032 220 4092 decimus
233 4033 376 4093 secundus
390 4033 515 4092 foeminis
529 4044 670 4092 censetur.
713 4030 781 4090 Non
797 4032 891 4090 valent
911 4031 967 4089 nisi
987 4030 1076 4088 libere
1099 4033 1180 4104 fiant,
1196 4048 1226 4095 et
1250 4037 1284 4097 de

210 4229 252 4293 (ll
273 4222 335 4293 Cap.
347 4227 372 4276 ii.
384 4225 414 4275 de
426 4226 486 4276 Met.
498 4234 614 4276 contract
626 4233 717 4274 contre.
729 4223 885 4275 interdictum
896 4222 965 4274 Eccl.
975 4223 991 4276 1.
1008 4221 1041 4272 iv.
1052 4221 1090 4275 tit
1101 4227 1164 4278 xvii.

211 4316 253 4379 (2)
272 4314 339 4364 Trid.
351 4313 416 4362 Sese.
426 4312 495 4361 xxiv.
506 4328 527 4361 c.
539 4329 564 4362 x.
575 4313 606 4361 de
615 4311 659 4362 ref.

210 4399 252 4467 (3)
274 4403 343 4454 Dect.
354 4403 384 4450 10
399 4398 460 4450 Julii
471 4415 513 4448 an.
526 4401 599 4448 1684.

213 4483 255 4552 (4)
273 4486 334 4550 Lag.
346 4490 368 4538 1.
380 4491 395 4548 ξ
407 4487 437 4537 de
450 4501 533 4550 spons.

211 4569 253 4633 (ὁ)
273 4570 335 4637 Gap.
347 4574 387 4623 vii.
399 4573 430 4623 de
442 4573 509 4635 desp.
518 4571 577 4636 imp.

212 4655 254 4723 (6)
275 4655 336 4722 Cap.
347 4675 370 4707 v.
382 4667 438 4710 etv.
449 4656 479 4707 dc
490 4655 556 4722 desp.
571 4657 629 4720 imp.
