2798 5092
405 346 465 408 DF.
483 346 914 409 PRAEDESTINATIONE.
1202 350 1257 411 tut

62 503 181 573 directe,
198 524 235 564 eo
248 505 306 565 loci
319 507 487 584 Apostolus,
503 506 554 566 sed
568 507 604 566 de
626 510 775 567 vocatione
799 507 834 566 ad
848 507 936 566 fidem
949 507 1142 567 christianam.
1185 508 1261 566 hile·

62 612 175 678 gaverat
190 603 399 679 promissiones
420 604 507 663 iactas
522 604 665 663 Abraham
679 614 708 663 et
722 605 785 681 ejus
800 605 941 681 posteris:
964 614 992 662 et
1005 604 1256 664 demonstrandum

63 700 193 778 suscepit
215 718 265 759 ees
288 700 431 778 impietas,
452 700 519 760 licet
544 702 688 768 israelitae,
705 701 811 778 posteri
832 701 905 778 ejus,
921 718 937 758 a
956 701 1047 759 salute
1072 701 1259 769 excidissent,

65 795 177 855 Messia
191 797 310 873 rejecto.
352 797 560 856 Animadvertit
574 797 681 855 idcirco
695 808 808 874 gentem
822 797 1005 855 israeliticam
1021 797 1097 855 haud
1111 796 1262 876 designari,

64 893 114 951 sed
128 913 231 953 omues
246 895 296 968 qui
311 895 363 952 filii
377 906 562 954 censerentur
577 894 709 961 Abrahae,
724 894 811 952 iidem
826 895 888 970 ejus
901 892 1038 952 imitando
1054 913 1062 962 ;
1085 894 1162 968 quod
1177 914 1213 954 ex
1228 915 1263 954 eo

64 991 174 1068 probat,
190 990 267 1066 quod
282 991 351 1051 ordo
365 1003 471 1051 naturae
486 992 654 1068 plerumque
669 991 816 1068 neglectus
831 992 912 1049 sitin
934 991 1137 1051 beneficiorum
1153 991 1264 1052 divino·

64 1106 127 1173 rum
142 1088 352 1158 distributione,
367 1099 399 1147 ut
412 1088 468 1147 Dei
483 1090 629 1148 arbitrium
642 1097 671 1148 et
684 1089 787 1147 electio
809 1089 929 1166 gratuita
943 1088 1118 1148 claresceret.
1161 1099 1181 1126 ‘¹
1194 1091 1263 1150 Non

68 1193 162 1249 autem
178 1184 255 1259 quod
270 1185 410 1245 exciderit
424 1186 540 1245 verbum
556 1186 622 1245 Dei.
639 1186 708 1245 Nou
723 1186 800 1244 enim
815 1204 915 1245 omues
936 1187 984 1259 qui
999 1204 1036 1245 ex
1050 1186 1137 1245 israel
1151 1198 1228 1254 sunt,
1243 1187 1263 1245 ii

68 1292 134 1342 suut
158 1282 306 1351 israelite,
328 1300 423 1356 neque
438 1283 487 1356 qui
501 1301 601 1341 semen
619 1293 687 1341 sunt
700 1281 833 1350 Abrahae,
848 1300 949 1340 omnes
970 1282 1041 1340 filii:
1063 1281 1114 1341 sed
1132 1283 1162 1340 iu
1182 1280 1263 1341 Isaac

66 1382 211 1462 vocabitur
230 1382 282 1439 tibi
302 1399 419 1440 semen:
441 1380 538 1450 idest,
559 1399 617 1439 non
638 1382 687 1455 qui
702 1381 754 1439 filii
769 1381 915 1448 caruis,.i1i
930 1380 982 1438 iiiii
994 1379 1060 1448 Dei,
1073 1380 1124 1438 sod
1146 1381 1194 1454 qui
1210 1380 1262 1438 filii

64 1491 131 1540 sunt
138 1478 350 1557 promissionis,
360 1480 535 1538 aestimentur
546 1479 575 1539 in
587 1478 745 1540 semineJ’1
766 1478 909 1548 Ostendit,
919 1479 1040 1538 ismaele
1055 1481 1259 1557 pretermisso,

66 1577 194 1636 isaacum
210 1575 332 1635 electum
347 1593 412 1634 esse
426 1571 652 1653 promissionum
674 1574 815 1633 haeredem
830 1595 837 1632 :
861 1574 937 1648 quod
952 1587 981 1634 et
994 1577 1023 1634 in
1038 1576 1105 1634 tiliis
1121 1576 1261 1634 Rebeceae

68 1675 163 1736 videre
185 1677 271 1734 etiam
294 1684 348 1743 est,
370 1675 464 1753 priore
485 1676 570 1735 enim
584 1675 664 1735 Esau
690 1673 830 1751 neglecto,
845 1673 935 1733 Jacob
957 1674 1160 1734 beneficiorum
1181 1676 1265 1751 copia

67 1784 166 1834 auctus
191 1785 245 1833 est.
287 1774 441 1852 Propheta
467 1773 617 1832 Malachiae
640 1773 769 1847 quaedam
793 1774 878 1832 verba
902 1774 930 1831 iu
959 1793 1019 1832 rem
1048 1793 1129 1832 suam
1151 1774 1266 1834 adhibet

67 1873 237 1952 Apostolus,
257 1890 377 1946 quorum
395 1872 437 1929 vis
455 1882 485 1928 ut
500 1880 650 1948 perspecta
663 1871 809 1938 habeatur,
825 1871 965 1946 integrum
982 1871 1176 1930 testimonium
1193 1873 1263 1940 reci·

67 1981 123 2031 tare
143 1972 246 2050 juvat:
270 1979 290 2007 ‘⁴
303 1970 409 2029 Nonne
434 1970 520 2028 irater
541 1978 601 2027 erat
622 1969 701 2027 Esau
723 1968 826 2035 Jacob,
851 1967 920 2025 dicit
941 1967 1096 2037 Dominus,
1119 1980 1147 2026 et
1175 1967 1264 2027 dilexi

67 2070 168 2140 Jacob,
181 2071 262 2130 Esau
277 2080 370 2129 autem
386 2067 452 2127 odio
467 2069 577 2127 habuit
619 2068 659 2126 Et
672 2068 755 2143 posui
772 2077 884 2135 montes
904 2067 967 2144 ejus
983 2068 1010 2125 in
1026 2066 1220 2134 solitudinem,
1236 2078 1265 2125 et

63 2167 257 2228 haereditatem
282 2168 344 2245 ejus
371 2167 400 2225 in
417 2167 554 2225 dracones
569 2165 672 2224 deserti
683 2164 730 2222 i”¹
768 2165 874 2237 Liquet
900 2175 992 2224 vatem
1016 2163 1070 2223 Dei
1092 2182 1158 2241 erga
1183 2164 1262 2223 Esau

59 2265 246 2327 dilectionem
262 2268 292 2325 iu
314 2283 350 2324 eo
362 2265 522 2332 ostendere,
538 2264 615 2339 quod
630 2266 774 2343 regionem
790 2264 946 2323 feliciorem
961 2276 990 2322 et
1004 2263 1209 2322 ioecuudiorem
1231 2265 1258 2322 ei

65 2364 381 2426 dederithabitundum.
424 2365 576 2422 Malechiee
597 2365 689 2422 verbis
714 2364 801 2422 utitur
823 2363 991 2439 Apostolus,
1007 2373 1038 2421 ut
1058 2362 1133 2436 quod
1156 2362 1262 2422 dictum

55 2475 114 2525 est
127 2464 268 2544 Rebeoom
283 2463 412 2530 illustret,
428 2461 504 2535 quod
530 2481 629 2535 quum,
656 2461 810 2521 insentibus
824 2460 917 2519 edhuo
943 2461 973 2520 in
994 2474 1074 2519 utem
1094 2461 1260 2529 latentibus,

59 2560 170 2622 dictum
185 2562 231 2630 sit,
248 2560 423 2622 demonstrat
438 2560 514 2619 illam
537 2561 639 2619 iacobi
656 2577 713 2638 prae
729 2560 809 2618 Esau
829 2559 864 2618 ad
886 2558 1078 2619 haereditatem
1093 2561 1264 2637 assumptio·

55 2655 138 2728 uelit,
154 2658 252 2718 silvino
267 2658 401 2725 consilio,
413 2666 442 2716 et
457 2659 577 2735 gratuita
588 2657 728 2717 electione
740 2658 906 2734 contigisse,
919 2658 1024 2716 nullam
1035 2659 1111 2717 euim
1125 2659 1208 2717 aliam
1221 2679 1263 2717 ra·

57 2758 168 2816 tiouem
180 2755 324 2834 adsignari
336 2774 421 2833 posse
432 2756 513 2822 dicit,
528 2774 615 2828 quum
632 2755 739 2831 gemini
751 2765 848 2813 essent
859 2754 968 2821 iratres,
980 2766 1009 2812 et
1020 2755 1145 2813 noudum
1157 2755 1263 2830 aliquid

60 2835 199 2934 epissent.
239 2853 311 2912 iude
334 2853 409 2912 sacili
426 2852 631 2925 consequentia
654 2850 738 2910 docet
760 2864 859 2928 gentes
884 2851 970 2916 etiem
993 2868 1051 2927 pree
1066 2848 1202 2909 Israelitis
1227 2853 1263 2910 ad

59 2952 149 3013 fidem
160 2960 280 3013 'vocaus
295 2970 399 3010 aroauo
414 2951 470 3010 Dei
485 2951 617 3017 oonsilio,
634 2963 662 3009 et
682 2948 803 3026 gratuita
826 2948 1030 3007 misericordia.
1073 2948 1118 3008 De
1133 2953 1263 3028 reproba·

61 3051 140 3109 tione
154 3059 233 3109 vates
247 3060 323 3107 certe
339 3067 395 3106 nou
411 3050 486 3125 agit3
509 3066 561 3106 nec
585 3046 751 3124 Apostolus,
766 3044 874 3117 'saltem
895 3040 1012 3111 directe,
1027 3043 1149 3119 ideoque
1164 3047 1262 3108 odium

56 3145 204 3221 illudque
219 3144 299 3215 Deus
315 3144 418 3203 dicitur
433 3145 512 3202 Esau
528 3156 695 3221 prosecutus
711 3160 786 3210 ease,
811 3160 868 3200 uon
883 3141 983 3218 probat
999 3159 1066 3199 eum
1081 3143 1205 3216 aliquem
1221 3163 1262 3202 re·

54 3244 198 3322 probasse
209 3253 237 3303 et
250 3243 401 3320 suppliciis
415 3242 561 3301 addixisse
574 3241 636 3301 solo
647 3259 701 3300 suo
714 3239 901 3318 beneplacito.
942 3236 1066 3298 Ooustat
1088 3239 1185 3299 odium
1202 3241 1259 3300 illio

57 3342 189 3403 indicare
203 3343 343 3401 minorem
359 3341 554 3408 dilectionem,
570 3352 654 3418 prout
668 3341 737 3398 alias
760 3349 868 3417 patrem
894 3350 922 3396 et
947 3348 1066 3398 matrem
1090 3348 1119 3396 et
1142 3357 1262 3400 uxorem

61 3440 129 3515 quis
144 3440 241 3499 odisse
257 3440 370 3508 dicitur,
385 3440 410 3497 si
420 3440 467 3497 eis
483 3439 593 3498 Christi
609 3438 779 3496 voluntatem
796 3445 952 3523 praeponet

104 3541 173 3597 138.
199 3536 265 3616 Obj.
281 3540 310 3596 4.
334 3537 490 3615 Apostolus
505 3538 630 3595 occurrit
641 3536 795 3613 objectioni
808 3535 889 3612 impii
901 3534 1038 3602 hominis,
1055 3532 1090 3592 de
1107 3553 1160 3594 sua
1175 3535 1262 3595 obdu·

46 3637 180 3705 ratione,
195 3646 225 3694 et
239 3637 437 3714 reprobatione
452 3636 608 3709 querentis,
623 3653 675 3692 uec
692 3647 785 3692 tamen
801 3634 918 3692 niteam
943 3633 1012 3692 vitio
1027 3652 1086 3692 suae
1109 3634 1260 3694 voluntatis

51 3753 214 3814 perverse,
229 3745 259 3793 et
270 3734 362 3793 libera
375 3752 427 3792 sua
442 3733 581 3791 electione
595 3735 772 3809 contingere,
785 3731 835 3789 sed
849 3731 942 3789 verbis
958 3731 1119 3809 perspicuis
1130 3733 1179 3810 jus
1197 3734 1258 3792 ileo

50 3833 187 3894 vindicat
200 3834 332 3893 homines
349 3835 378 3892 in
400 3834 545 3891 interitum
563 3830 698 3890 creandi:
722 3835 740 3867 ‘⁸
753 3829 835 3888 Dicis
851 3831 946 3904 itaque
961 3829 1051 3888 milri:
1080 3831 1157 3898 Quid
1171 3833 1263 3890 adhuc

53 3931 215 4006 queritur?
237 3931 375 3990 voluntati
391 3931 467 3988 enim
484 3931 547 4008 ejus
568 3930 633 4002 quis
655 3928 781 3987 resistit?
803 3927 942 3996 Ohomo,
959 3929 1074 4001 tuquis
1089 3947 1120 3986 es
1142 3929 1191 4003 qui
1206 3948 1263 3987 res-

52 4029 190 4105 ponticas
206 4028 294 4088 Deoi
319 4027 470 4102 Numquid
480 4027 549 4086 dicit
563 4027 732 4104 figmentum
744 4026 782 4094 ei,
795 4025 845 4100 qui
856 4045 888 4083 se
898 4025 999 4084 tinxit:
1022 4026 1100 4093 Quid
1112 4045 1158 4084 me
1170 4027 1263 4085 iecisti

60 4110 131 4186 sici
152 4129 197 4186 An
213 4146 272 4187 nou
294 4127 379 4185 habet
392 4136 561 4210 potestatem
583 4125 687 4202 figulus
709 4122 761 4182 iuti
777 4142 814 4182 ex
835 4123 934 4182 eedem
957 4141 1053 4182 massa
1073 4123 1164 4181 iacere
1186 4124 1264 4184 aliud

62 4232 185 4306 quidem
200 4251 251 4291 vas
266 4232 294 4291 iu
310 4232 460 4299 honorem,
473 4231 548 4289 aliud
563 4227 629 4287 verd
646 4231 674 4287 in
689 4226 892 4286 contumeliam
905 4226 916 4284 i
938 4223 1022 4294 Quod
1035 4227 1060 4284 si
1072 4224 1152 4286 Deus
1165 4228 1263 4286 volens

59 4330 216 4390 ostendere
231 4332 313 4398 iram,
327 4339 356 4388 et
369 4340 464 4388 uotam
481 4329 573 4387 iacere
588 4325 745 4402 potentiam
757 4343 850 4393 suam,
863 4323 998 4382 sustinuit
1009 4323 1038 4380 in
1054 4324 1142 4383 multa
1157 4325 1265 4402 patien-

532 4581 574 4650 (l)
595 4583 665 4632 Rom.
679 4582 714 4633 ix.
726 4583 750 4633 11.
1247 4578 1320 4802 Γ

145 4732 149 4739 ¹
535 4672 578 4734 (2)
597 4671 649 4720 Mal
669 4673 691 4720 1.
708 4673 732 4721 3.

146 4774 221 4838 Vos.
241 4775 376 4836 lit-26
1169 4788 1172 4794 ’
1237 4772 1243 4785 “
