2798 5092
94 356 134 412 86
449 349 506 409 DE
527 349 664 410 enolto
686 349 922 412 COELIBATU.

92 513 146 580 sic,
161 509 233 570 alius
256 526 322 568 sero
336 508 388 567 sic.
430 506 504 566 Dico
519 517 612 567 autem
633 526 690 567 non
704 509 802 586 nuptis
822 519 851 568 et
864 509 980 569 viduis:
1000 511 1109 570 bonum
1124 518 1170 569 est
1182 510 1241 570 illis
1261 511 1289 571 si

91 610 135 668 aic
160 614 352 685 permaneant,
374 605 447 664 sieut
466 615 495 664 et
517 604 619 684 ego.”²
658 605 762 664 Verbis
785 607 946 684 perspicuis
968 608 1015 666 sui
1035 608 1206 686 exemplum
1226 624 1286 668 usa

93 706 191 782 nuptis
205 716 234 762 et
248 702 339 761 viduis
354 703 496 781 proponit,
512 704 598 761 uteis
612 703 771 762 suadentia
786 723 821 762 ea
835 704 997 765 conditione
1012 724 1181 783 permanere
1196 723 1285 780 quara

93 804 197 861 bonam
218 817 282 857 esse
303 798 446 875 predicat,
462 799 601 876 potiorem
621 800 730 873 utique,
744 809 773 856 et
785 799 906 859 beatam.
948 799 994 859 De
1008 801 1167 879 virginibus
1189 811 1292 878 postu

92 899 141 959 dat
153 897 303 957 consilium
316 917 324 955 ι
340 907 360 934 “
373 897 519 955 Existimo
531 915 600 976 ergo
619 897 675 955 hoc
688 898 794 956 bonum
809 916 873 956 esse
889 911 1004 976 propter
1017 899 1172 959 instantem
1186 916 1286 958 neces

93 996 286 1056 alutem-ot
297 997 485 1064 coturnoso
496 995 779 1068 &mssa—quoniam
801 995 906 1052 bonum
922 1006 967 1054 est
986 996 1096 1055 homini
1108 996 1153 1055 sia
1174 1014 1242 1055 esse
1254 995 1283 1053 ι”

94 1103 125 1150 τὸ
136 1098 211 1158 locu,
221 1093 294 1149 ἄνοι’
305 1103 419 1147 manere
434 1089 543 1147 scilicet
555 1089 585 1148 in
598 1109 633 1147 ea
646 1109 702 1164 qua
715 1102 760 1148 est
774 1090 901 1167 virginea
914 1091 1104 1150 conditione.⁸
1144 1091 1285 1151 Necessi—

90 1191 133 1239 tas
147 1200 210 1256 que
225 1185 300 1242 inest
313 1183 471 1259 instatque,
480 1185 599 1263 intelligi
613 1196 707 1263 potest
720 1186 812 1243 carnis
827 1187 967 1245 tribulatio
981 1205 1067 1261 quam
1076 1186 1219 1263 conjuges
1233 1205 1282 1264 pa·

90 1281 221 1349 tiuntur‚⁴
232 1281 343 1340 libidini
353 1294 544 1360 repugnantes
559 1283 602 1341 vel
615 1282 804 1350 moderantes,
814 1295 843 1341 et
853 1302 917 1357 que
931 1294 1088 1358 sequuntur
1099 1282 1289 1343 incommoda

89 1377 250 1436 tolerantes.
292 1378 366 1436 Vitae
389 1397 504 1452 quoque
526 1380 618 1439 brevis
639 1399 690 1438 eos
704 1381 764 1438 vult
783 1399 848 1438 esse
870 1398 1013 1439 memores
1028 1379 1147 1448 Paulus,
1163 1397 1287 1439 necesse

91 1474 198 1551 quippe
212 1483 257 1531 est
270 1493 287 1530 a
300 1475 418 1533 terrenis
434 1475 497 1533 volu
501 1476 622 1552 ptatibus
637 1476 763 1534 animum
785 1475 924 1534 abducere
939 1487 970 1534 ut
989 1476 1073 1534 saluti
1086 1476 1288 1535 consulamus.

92 1572 191 1649 Pergit
213 1572 299 1649 igitur
319 1572 507 1649 virginitatem
530 1574 729 1634 commendare
753 1593 791 1632 ex
818 1593 854 1632 eo
878 1574 956 1647 quod
980 1575 1106 1632 animum
1128 1587 1287 1652 praesteta

92 1670 181 1728 nimia
201 1670 287 1747 hujus
302 1671 368 1730 vitae
389 1670 569 1731 solicitudine
590 1674 758 1742 immunem,
773 1682 804 1731 ut
825 1673 889 1731 Deo
903 1674 1020 1732 liberius
1041 1685 1131 1732 vacet.
1176 1673 1289 1732 “Volo

90 1774 185 1824 autem
206 1785 257 1824 voa
272 1767 334 1825 sine
355 1768 535 1827 solicitudine
552 1787 626 1827 esse.
669 1769 726 1837 Qui
747 1770 810 1828 sine
832 1788 919 1828 uxore
941 1783 994 1837 est,
1009 1768 1138 1827 solicitus
1160 1779 1206 1828 est
1219 1788 1285 1843 que

92 1858 211 1923 Domini
232 1877 307 1932 sunt,
323 1865 467 1938 quomodo
482 1867 592 1944 placeat
612 1867 686 1926 Deo.
728 1868 785 1934 Qui
800 1879 894 1934 autern
912 1887 978 1926 cum
992 1885 1082 1925 uxore
1097 1877 1143 1925 est
1155 1867 1289 1927 solicitus

90 1972 136 2022 est
149 1974 293 2046 quaesunt
307 1964 418 2032 mundi,
433 1965 578 2037 quomodo
592 1966 702 2043 placeat
712 1966 796 2025 uxori
810 1977 839 2024 et
852 1966 961 2024 divisus
975 1975 1029 2024 est.
1071 1965 1112 2024 Et
1125 1966 1231 2025 mulier
1246 1967 1289 2025 iu·

90 2071 179 2137 nupta
198 2071 227 2118 et
240 2061 320 2138 virgo
334 2063 439 2137 cogitat
457 2082 520 2136 quae
536 2063 654 2123 Domini
668 2074 752 2132 sunt;
774 2077 805 2122 ut
819 2065 857 2122 sit
878 2073 975 2123 sancta
989 2082 1108 2140 corpore
1128 2072 1157 2122 et
1172 2065 1286 2140 spiritu.

92 2157 163 2225 Qua
178 2169 272 2216 autern
293 2171 381 2235 nupta
402 2171 455 2224 est,
471 2161 577 2236 cogitat
597 2179 660 2233 quae
682 2172 748 2218 sunt
768 2161 878 2228 mundi,
902 2161 1047 2234 quomodo
1069 2160 1180 2238 placeat
1194 2159 1291 2218 vir0.”

93 2253 156 2313 Has
170 2256 291 2312 eximias
313 2256 481 2330 virginitatis
501 2257 637 2314 utilitates
651 2276 689 2315 ex
709 2259 857 2316 contrariis
878 2259 1034 2335 conjugum
1056 2257 1293 2316 solicitudinibus

92 2353 194 2411 merito
208 2352 300 2410 elevat
320 2353 487 2428 Apostolus,
503 2354 657 2413 ostendens
682 2357 799 2433 spiritns
820 2357 996 2415 sanctitatem
1012 2366 1040 2413 et
1060 2356 1164 2414 animae
1180 2355 1295 2415 mundi·

93 2450 161 2507 tiem
176 2467 214 2506 ex
227 2467 260 2506 ea
274 2447 403 2507 derivari.
446 2450 645 2527 Virginitatem
661 2465 690 2511 et
710 2455 876 2531 conjugium
902 2453 1015 2512 tandem
1030 2452 1150 2520 confert,
1167 2471 1291 2527 eamque

93 2544 149 2603 hoc
163 2544 230 2602 lacit
239 2545 398 2621 potiorem:
413 2545 533 2623 “Igitur
547 2557 576 2606 et
590 2549 638 2621 qui
655 2550 835 2607 matrimonio
843 2549 941 2626 jungit
954 2549 1093 2626 virgInem
1105 2568 1200 2618 suam,
1216 2551 1291 2609 bene

94 2641 176 2700 lacit:
193 2640 283 2712 etqui
299 2642 471 2719 conjungit,
487 2643 589 2701 melius
604 2645 717 2702 sacit.”⁵
757 2645 802 2704 De
817 2646 902 2704 vidua
917 2645 1029 2704 tandem
1044 2645 1129 2704 dicit:
1145 2656 1166 2692 ⁴⁶
1181 2647 1291 2705 beatior

96 2749 189 2798 autern
215 2739 269 2797 erit
288 2739 314 2796 si
337 2741 379 2798 sic
400 2742 588 2818 permanserit
608 2742 766 2802 secundum
789 2741 886 2802 meum
910 2744 1082 2802 consilium:
1109 2759 1180 2822 puto
1201 2754 1298 2804 sutem

45 2864 51 2877 ·
97 2837 172 2911 quod
188 2846 216 2896 et
228 2857 283 2915 ego
297 2834 427 2915 spiriturn
443 2838 500 2897 Dei
521 2838 689 2899 babeam.”⁶
728 2841 834 2914 Liquet
847 2841 1017 2917 Apostolum
1031 2841 1180 2901 viduarum
1195 2851 1226 2900 et
1239 2843 1295 2900 vir·

97 2937 196 3014 ginum
217 2938 378 2995 coelibatum
399 2937 533 3016 conjugio
555 2937 691 2997 anteferre
713 2940 748 2997 ab
769 2940 892 2997 rationes
906 2958 944 2997 ex
965 2940 1028 3017 ipsa
1048 2940 1178 3017 conjugii
1193 2952 1296 3000 ustura

98 3033 272 3112 desumptas,
288 3035 410 3108 ideoque
424 3036 503 3095 omni
517 3045 645 3111 tempore
659 3055 739 3094 suam
755 3037 813 3094 vim
828 3037 992 3094 retinentes.

140 3137 205 3193 177.
228 3133 379 3210 Virginum
392 3152 501 3191 merces
517 3133 609 3209 potior
623 3145 651 3190 et
664 3134 813 3200 sublimior
824 3133 948 3192 cbnditio
962 3152 998 3191 ex
1010 3133 1189 3210 Apocalypsi
1202 3133 1291 3192 habe·

99 3240 161 3291 tur:
184 3230 254 3288 vidit
274 3231 350 3289 enim
371 3229 499 3288 Joannes
525 3239 671 3287 “centum
694 3229 1021 3308 quadragintaquatuor
1042 3230 1132 3288 millia
1152 3231 1293 3289 habentes

100 3346 206 3387 nomen
220 3327 282 3404 ejus
299 3325 418 3404 (Agrai)
433 3334 462 3382 et
474 3343 580 3382 nomen
595 3325 688 3383 Patris
703 3326 765 3402 ejus
779 3328 916 3404 scripturn
934 3327 963 3384 in
978 3325 1117 3384 frontibus
1132 3325 1229 3389 auo.²’
1255 3368 1263 3384 .
1287 3367 1295 3384 .

96 3426 142 3501 >Et
156 3426 304 3485 cantabant
318 3425 400 3499 quasi
414 3423 555 3482 canticum
568 3441 674 3480 novum
689 3435 753 3481 ante
768 3425 877 3492 sedem,
892 3434 922 3483 et
941 3435 1005 3483 ante
1019 3433 1140 3498 quatuor
1153 3425 1299 3493 animalia,

103 3533 132 3581 et
144 3524 289 3582 seniores:
312 3515 438 3579 et'nemo
453 3529 562 3597 poterat
575 3518 670 3577 dicere
682 3513 901 3589 canticum,nisi
914 3522 963 3579 illa
977 3531 1092 3578 centum
1107 3519 1298 3596 quadraginta

105 3631 226 3696 quatuor
240 3620 328 3679 millia
347 3619 396 3693 qui
411 3620 498 3695 empti
513 3631 580 3676 sunt
594 3617 628 3676 de
645 3631 725 3676 terra.
768 3618 808 3677 Hi
830 3630 896 3678 sunt
910 3620 960 3693 qui
974 3637 1039 3677 cum
1054 3616 1224 3675 mulieribus
1240 3622 1299 3676 nbn

106 3726 173 3777 sunt
186 3717 378 3790 coinquinati:
402 3715 526 3792 virgines
546 3717 623 3773 enim
638 3725 713 3773 sunt.
757 3716 797 3774 lli
810 3727 967 3789 sequuntur
981 3720 1094 3790 Agnum
1115 3723 1303 3786 quocumque

106 3815 179 3874 ierit.
222 3813 264 3871 Hi
283 3814 371 3890 empti
392 3823 459 3869 sunt
479 3812 843 3888 exhominibusprimitiae
858 3807 1110 3886 Decetrlgno.''⁸
1151 3809 1227 3876 Quae
1242 3828 1304 3868 mu·

143 4045 186 4110 (1)
207 4041 263 4092 Cor.
274 4040 315 4090 vii.
328 4043 351 4090 7.

141 4130 184 4197 (2)
204 4128 305 4188 ibidem,
316 4128 357 4180 26,
775 4190 776 4194 Ἰ

144 4219 183 4283 (3)
193 4225 210 4252 ‘⁸
219 4218 241 4267 1.
252 4233 272 4266 s.
284 4216 349 4265 sicut
358 4210 464 4274 virgines
476 4208 529 4257 sine
540 4209 655 4274 conjugio
674 4209 788 4271 scilicet,”
798 4209 977 4260 Rosenruiiller.
1067 4204 1070 4210 '

144 4306 187 4371 (4)
205 4301 350 4355 Blcomlield
362 4300 387 4350 in
401 4315 424 4346 v.
436 4301 468 4346 28
481 4295 569 4345 scribit
604 4303 619 4327 ‘¹
627 4297 739 4347 Render:
753 4298 892 4348 ‘Howsver
908 4295 970 4346 such
981 4291 1032 4343 will
1042 4289 1105 4340 have
1116 4291 1215 4342 trouble
1225 4289 1255 4342 iu
1265 4291 1308 4343 the

107 4391 184 4453 flesh‚'
195 4391 301 4456 namely,
312 4389 364 4439 that
375 4384 452 4436 nithe
462 4380 556 4452 <inopen
569 4384 708 4433 mentioned
719 4391 745 4434 at
755 4401 777 4432 v.
790 4381 848 4432 263⁹

143 4478 185 4543 (5)
204 4477 224 4526 Ῑ.
237 4476 288 4526 Gor
298 4476 339 4526 vii.
351 4479 392 4524 38.

143 4562 186 4628 (6)
204 4560 304 4621 Ibidem,
315 4561 357 4609 40.

146 4648 188 4713 (t)
207 4648 284 4714 Apes.
295 4645 381 4713 xint.
