2798 5092
90 338 151 395 214
461 333 517 395 DE
539 332 742 394 VIRGINUS
762 332 917 395 CULTU.

21 560 24 568 ⁴
97 558 100 563 ,
131 491 286 552 Probatur
299 491 344 553 II.
357 510 394 552 aa
407 491 560 552 Patribus.

133 595 184 654 89.
205 591 363 651 Oaresnus
387 590 422 649 de
444 591 571 666 angelica
592 590 761 650 salutatione
781 592 869 650 dicit:
893 591 988 651 “Soli
1011 592 1090 652 enim
1110 592 1214 652 Mariae
1229 594 1292 652 haec

94 691 228 768 salutatio
240 691 412 748 servabatur.
455 689 488 746 Si
507 688 585 746 enim
605 689 708 746 scisset
729 688 822 748 Maria
837 702 865 747 et
878 688 913 747 ad
928 689 1015 748 alium
1030 689 1196 766 quempiam
1212 691 1292 749 simi·

94 789 151 848 lem
166 788 270 847 factum
285 805 349 847 esse
363 805 537 853 sermonem,
550 785 685 866 (habebat
696 788 803 863 quippe
818 787 889 864 legis
901 787 1098 856 scientiam,et
1109 798 1169 848 erat
1183 799 1292 855 sancta,

94 896 123 943 et
145 885 348 962 prophetamm
371 884 504 942 vatlcinia
524 884 691 958 quotidiana
713 884 896 943 meditatione
915 883 1111 964 cognoverat)
1133 904 1293 959 numquam

96 981 178 1053 quasi
192 980 343 1058 peregrina
356 997 419 1037 eam
434 973 566 1039 salutatio
582 978 772 1038 terruisset.’'¹
1188 1059 1192 1065 .

135 1080 183 1136 90.
205 1079 313 1137 Auctor
325 1079 540 1151 antiquissimus
556 1079 638 1155 cujus
653 1089 751 1136 extant
765 1089 820 1136 tres
835 1077 960 1137 homilia
976 1076 1011 1136 de
1021 1079 1247 1138 Annuntiatione
1258 1079 1294 1139 D.

97 1175 236 1252 Virginis,
252 1174 322 1234 olim
347 1176 379 1233 S.
402 1174 543 1252 Gregorio
571 1175 801 1233 Neocaesariensi
824 1175 984 1252 adscripta,
1005 1175 1063 1235 ait:
1087 1177 1183 1235 “Ave
1207 1177 1297 1255 gratia

39 1324 43 1329 .
95 1272 190 1349 plena,
206 1271 350 1331 Dominus
365 1283 468 1331 tecum.
502 1270 600 1329 Tuum
615 1272 692 1329 enim
708 1289 774 1328 vere
787 1281 832 1329 est
844 1282 875 1329 ut
887 1290 981 1340 aveas,
993 1271 1199 1349 gaudeasque3
1216 1273 1295 1348 quod

96 1380 189 1429 mcum
203 1370 301 1429 divina
314 1371 413 1448 gratia,
424 1371 463 1428 uti
476 1370 565 1438 novit,
576 1370 766 1428 habitaculum
777 1370 881 1447 elegit;
897 1389 962 1429 cum
972 1371 1085 1440 aneilla,
1099 1372 1165 1430 Rex
1176 1371 1295 1450 glorian

96 1487 162 1527 cum
177 1469 319 1544 speciosa,
334 1471 484 1545 speciosus
510 1467 599 1527 forma
623 1486 684 1544 prae
704 1467 771 1526 filiis
793 1467 963 1526 homiuum:
986 1487 1052 1526 cum
1066 1468 1231 1546 impolluta,
1246 1471 1297 1545 qui

98 1566 258 1625 sanctificat
283 1566 424 1625 universa.
467 1565 580 1624 Tecum
604 1585 637 1624 ac
663 1585 700 1624 ex
722 1577 748 1624 ts
773 1565 853 1624 Deus
874 1567 1020 1639 homoque
1042 1567 1206 1643 perfectus:
1233 1570 1297 1628 Ave

101 1663 190 1740 gratia
205 1663 298 1740 plena,
313 1662 377 1721 fons
391 1663 474 1729 lucis,
490 1683 553 1737 quie
578 1663 719 1721 illuminat
738 1681 839 1722 omnes
861 1663 892 1722 in
912 1663 1006 1738 ipsam
1029 1663 1190 1722 credentes.
1235 1667 1297 1725 Ave

96 1762 184 1838 gratia
200 1761 293 1838 plena,
308 1761 442 1838 spiritalis
458 1760 535 1820 Solis
551 1761 666 1828 Oriens,
680 1772 708 1818 et
722 1761 776 1821 flos
786 1761 850 1820 vitae
863 1761 1109 1820 immaculatus.”³
1150 1763 1191 1822 Et
1205 1764 1297 1823 alias:

97 1869 117 1895 “
133 1859 199 1918 'l'ua
212 1879 281 1919 sane
295 1858 368 1927 laus,
384 1859 411 1918 Ο
437 1859 625 1918 sanctissima
647 1859 756 1937 Virgo!
778 1877 895 1918 onmem
909 1879 1026 1937 prorsus
1041 1860 1154 1920 laudern
1169 1862 1297 1931 excedit,

97 1958 214 2016 obsum
230 1958 341 2016 scilicet
365 1958 475 2031 quiex
497 1969 523 2016 te
550 1957 630 2016 Deus
645 1975 761 2016 carnem
776 1957 867 2016 induit
880 1977 914 2016 ac
928 1958 1016 2017 homo
1031 1958 1114 2018 natus
1129 1969 1184 2018 est.
1216 1947 1298 2020 ‘Tibi

97 2057 191 2115 omnis
206 2056 374 2124 celestium,
389 2055 574 2123 terrestrium,
589 2074 622 2113 ae
636 2054 812 2113 infernorum
829 2066 939 2124 natura,
954 2057 1173 2115 convenientem
1189 2058 1298 2118 cultum

96 2175 130 2214 ac
158 2156 370 2213 venerationem
395 2154 519 2212 adhibet.
572 2154 621 2211 Tu
645 2154 726 2212 enim
750 2171 815 2211 vere
837 2153 956 2212 thronus
977 2154 1147 2212 cherubicus
1167 2155 1242 2214 sacta
1256 2174 1299 2215 es.

99 2253 148 2310 'l'u
161 2253 190 2311 in
202 2253 324 2310 summis
339 2251 475 2328 spiritalis
490 2252 574 2329 regiae
584 2251 696 2321 axibus,
706 2252 778 2310 lucis
790 2250 942 2328 splendore
957 2271 1099 2320 coruscas,
1111 2253 1162 2311 ubi
1176 2263 1300 2313 reoernus

98 2349 266 2409 clarificatur
288 2348 383 2415 Pater,
405 2347 486 2425 cujus
500 2358 582 2407 nacta
604 2365 636 2405 es
658 2348 875 2407 obumbrantem
900 2349 1043 2417 virtutem,
1059 2347 1192 2408 adoratur
1206 2350 1299 2410 Filius

98 2465 185 2520 quem
208 2464 291 2504 carne
312 2446 460 2522 peperisti,
482 2445 597 2504 laudum
619 2447 739 2504 canticis
760 2447 916 2505 celebratur
944 2447 1068 2524 Spiritus
1090 2448 1227 2518 Sanctus,
1249 2449 1300 2524 qui

99 2542 200 2619 Magni
215 2541 304 2618 Regis
317 2554 410 2599 ortum
425 2552 473 2599 tuo
488 2542 516 2600 in
531 2552 611 2599 utero
626 2556 757 2618 operatus
772 2555 824 2601 est.
867 2544 933 2602 'fua
942 2563 1038 2621 opera,
1049 2543 1076 2602 Ο
1089 2545 1179 2622 gratia
1193 2546 1297 2624 plena!

98 2640 226 2698 Trinitas
242 2639 346 2696 Sancta
360 2659 392 2696 ao
406 2639 662 2697 consubstantialis
677 2642 706 2698 in
721 2641 827 2701 mundo
841 2643 1068 2720 cognoscitur.’'⁸

138 2740 188 2795 91.
209 2736 242 2794 S.
259 2737 447 2794 Earruaurus
462 2747 544 2794 vocat
566 2736 690 2795 Mariam
713 2738 882 2797 “selectum
905 2738 1050 2813 quoddam
1065 2760 1115 2799 vas
1130 2752 1218 2816 atque
1238 2743 1299 2802 exi·

103 2831 228 2900 mium,'’
244 2843 273 2890 et
282 2833 512 2891 commemoratis
527 2832 604 2900 Elia,
619 2832 741 2900 Joanne,
758 2834 879 2901 Thecla,
894 2834 992 2893 addit:
1010 2844 1030 2873 ‘⁶
1043 2837 1088 2894 oui
1105 2847 1202 2897 tamen
1215 2839 1301 2916 longe

98 2942 143 2989 est
156 2928 354 3016 anteponenda
374 2929 477 2994 Maria,
496 2930 532 2988 ob
556 2930 667 2989 caeleste
696 2932 765 2990 illud
786 2933 967 3008 mysterium,
983 2933 1059 3006 quod
1085 2934 1116 2994 in
1141 2935 1206 3012 ejus
1220 2947 1302 2997 utero

99 3029 256 3107 perfectum
271 3026 360 3087 est.”⁴
400 3027 615 3106 Collyridianos
630 3031 680 3105 qui
695 3049 758 3090 eam
773 3031 921 3109 collyridis
936 3032 1079 3091 oblatione
1100 3035 1244 3105 colebant,
1259 3055 1302 3096 re·

98 3126 290 3205 prehendens,
307 3126 499 3184 adorationem
514 3127 590 3194 Deo,
606 3127 744 3186 honorem
760 3140 855 3188 tamen
876 3129 977 3187 Mariae
993 3129 1139 3188 vindicat:
1163 3140 1183 3169 ‘⁶
1196 3133 1299 3193 Hono·

100 3240 176 3285 retur
190 3244 257 3284 sane
274 3225 378 3293 Maria,
394 3225 478 3283 Pater
491 3223 569 3291 verb,
586 3225 689 3294 Filius,
706 3236 734 3284 et
758 3226 881 3303 Spiritus
897 3228 1019 3285 Sanctus
1034 3227 1207 3313 adorentur:
1231 3231 1296 3290 Ma·

96 3327 166 3383 riam
180 3324 295 3384 adorare
309 3342 394 3381 nemo
414 3322 576 3382 velit.”-‘⁴
588 3324 681 3381 Maria
702 3327 731 3383 in
752 3326 860 3384 honore
875 3326 930 3392 sit;
954 3325 1097 3402 Dominus
1112 3327 1295 3390 adoretur.”⁵

100 3421 140 3478 Et
153 3421 222 3479 alias
236 3441 243 3479 :
267 3428 286 3460 ‘⁶
299 3420 403 3479 Sancta
414 3422 491 3480 enim
505 3422 596 3498 Virgo
610 3421 703 3480 Maria
716 3431 761 3480 est
773 3441 881 3498 sponsa
895 3423 1054 3495 Trinitatis,
1070 3443 1102 3482 ac
1117 3425 1203 3501 plane
1217 3447 1294 3487 arca·

99 3534 154 3574 nus
169 3517 391 3593 dispensationis
406 3519 564 3586 thesaurus,
579 3519 625 3576 cui
652 3517 768 3577 Gabriel
784 3519 839 3576 ait:
859 3520 921 3577 Ave
935 3520 1025 3596 gratia
1034 3520 1127 3597 plena.
1150 3522 1298 3585 Dominus

100 3615 228 3672 tecum.”
272 3625 292 3652 “
302 3617 368 3683 Quo
382 3629 464 3692 pacto
479 3618 589 3675 beatam
604 3617 680 3675 illarn
697 3617 866 3694 praedicabo,
879 3636 943 3692 quae
958 3628 1016 3676 tota
1031 3638 1063 3676 ac
1085 3618 1223 3680 radicitus
1241 3623 1304 3684 iun·

99 3709 165 3768 data
178 3711 267 3787 gloria
281 3714 348 3770 esti
390 3711 459 3771 Solo
473 3715 550 3772 enirn
566 3713 629 3772 Deo
643 3725 776 3792 excepto,
792 3715 902 3774 cunctis
919 3716 1051 3792 superior
1065 3716 1160 3774 est.'’³

139 3811 188 3866 92.
211 3807 242 3865 S.
258 3811 445 3868 Ananosrus:
468 3811 575 3879 “Quid
590 3812 713 3870 nobilius
734 3813 791 3872 Dei
816 3813 933 3872 Matre?
975 3812 1052 3880 Quid
1067 3813 1252 3891 splendidius
1269 3839 1302 3880 ea

101 3926 186 3982 quam
203 3906 339 3983 splendor
356 3907 443 3984 elegit
451 3908 500 3966 l'’⁷

74 4006 81 4064 .’
141 4009 190 4063 93.
214 4005 245 4062 S.
269 4003 422 4062 cranaus
447 4009 683 4067 Asaxsuomuus
707 4027 802 4068 coram
818 4009 942 4069 concilio
956 4006 1108 4086 Ephesino
1121 4008 1157 4068 de
1172 4012 1305 4092 Virginis

440 4166 482 4231 (l)
501 4164 578 4217 Hom.
588 4166 620 4216 vi.
632 4166 659 4216 in
670 4165 733 4218 Luc.

436 4253 479 4316 (2)
498 4251 574 4302 Hom.
587 4251 603 4301 i.
615 4252 645 4301 de
657 4251 854 4302 Annuntiatione
867 4253 894 4304 Β.
906 4252 974 4315 Virg.

436 4338 478 4402 (3)
498 4337 657 4388 Hom.iii.de
668 4338 761 4388 eadem.

436 4424 475 4488 (4)
496 4422 563 4472 Har.
575 4423 653 4473 lxxix.

439 4509 479 4574 (ὅ)
498 4508 600 4558 Ibidem.

439 4595 479 4658 (6)
500 4593 567 4642 Orat.
578 4592 607 4642 de
619 4594 732 4644 leudibus
744 4592 830 4643 Maria.

350 4667 354 4676 '
444 4678 484 4741 (t)
502 4676 533 4728 L.
541 4678 571 4726 ll.
582 4679 612 4728 de
624 4679 774 4741 Virginibus.
