2798 5092
96 336 153 393 ltu
340 330 397 393 DE
418 329 732 395 lMPEDlMEN'l'lS
752 329 1026 394 MATRIMONII.

583 1100 724 1162 CAPUT
745 1099 813 1160 Vll.

270 1379 329 1430 DE
362 1378 744 1431 lMPEDIMENTlS
777 1375 1112 1431 ttanmttoutt.

134 1628 181 1683 62.
206 1626 386 1685 Matrimonia
406 1626 562 1686 infidelium
582 1626 693 1704 legibus
707 1623 848 1685 Ecclesiae
865 1635 932 1684 suut
952 1625 1104 1695 immunia,
1132 1644 1226 1700 qnam
1242 1626 1289 1687 hae

94 1721 221 1780 subditos
233 1722 331 1781 fideles
347 1725 509 1802 respiciant,
524 1723 645 1797 ideoque
659 1723 775 1782 nonnisi
789 1721 924 1780 indirecte
939 1723 1052 1800 possint
1066 1723 1208 1801 attingere
1223 1723 1291 1783 iuli·

93 1819 182 1889 deles,
205 1832 342 1894 quatenus
369 1824 478 1881 scilicet
497 1832 573 1880 vetet
594 1821 727 1882 Ecclesia
747 1819 879 1879 fidelibus
907 1839 972 1879 cum
994 1821 1030 1879 iis
1054 1821 1128 1879 inire
1157 1822 1286 1899 nuptias.

94 1917 197 1977 Utrum
212 1938 246 1978 ea
260 1921 371 1980 subsint
384 1921 515 1997 potestati
541 1921 702 1997 principum
724 1918 893 1987 infidelium,
910 1919 956 1977 vel
970 1917 1091 1979 aliorum
1105 1919 1154 1981 cui
1166 1919 1292 1979 civiliter

94 2017 281 2094 subjiciuntur
294 2019 502 2086 contrahentes,
517 2018 590 2076 inter
604 2017 753 2094 theologos
770 2017 913 2091 quaeritur.
955 2015 985 2076 N
987 2016 1050 2075 obis
1065 2015 1178 2077 videtur
1191 2019 1290 2079 maci·

90 2115 180 2174 monii
194 2127 292 2176 natura
306 2115 447 2193 ejusmodi
461 2134 525 2174 esse
549 2124 581 2173 ut
601 2115 761 2173 nullatenus
781 2113 859 2171 civili
885 2113 1017 2190 potestati
1039 2114 1196 2190 subjaccat,
1212 2133 1284 2189 qna·

89 2219 174 2269 tenus
187 2219 346 2270 contractus
360 2211 423 2287 ipse
443 2209 597 2269 individuae
616 2210 681 2268 vitae
703 2210 847 2269 societatis
871 2220 1025 2286 spectatur,
1048 2210 1112 2269 haec
1130 2210 1211 2270 onim
1228 2221 1288 2271 tota

93 2306 198 2384 pendet
222 2327 260 2366 ex
285 2307 428 2367 volmrtatc
450 2316 479 2366 et
500 2324 642 2366 consensu
662 2307 899 2366 contrahentium.
942 2307 1034 2366 Statui
1049 2317 1145 2367 tamen
1159 2304 1287 2385 possum

91 2404 169 2463 civili
182 2405 344 2463 auctoritate
354 2403 537 2463 'conditiones
557 2405 705 2478 exquibus
718 2402 859 2481 pendeant
868 2404 936 2481 jura
949 2404 1045 2463 civilia
1057 2404 1196 2483 conjugii,
1210 2396 1287 2465 adeo

92 2512 124 2561 ut
137 2522 190 2561 nec
204 2504 341 2581 conjuges
352 2503 473 2580 legitimi
487 2504 652 2571 habeantur,
667 2522 721 2561 nec
737 2503 831 2579 proles
840 2513 1019 2581 agnoscatur,
1031 2502 1104 2579 legis
1118 2502 1288 2580 praescripto

92 2598 233 2676 neglecto.
275 2598 419 2672 Equidem
434 2599 467 2657 ad
484 2609 592 2658 rectum
607 2617 701 2656 rerum
717 2597 857 2667 ordinem,
878 2607 907 2656 et
928 2598 963 2656 ad
979 2599 1086 2676 justam
1102 2592 1288 2659 bonorumet

92 2714 211 2756 onerum
225 2695 451 2756 distributionem
467 2697 598 2774 pertinet,
612 2706 645 2755 ut
667 2696 832 2772 conjugium
854 2694 979 2755 civiliter
999 2696 1117 2773 agnosci
1131 2696 1237 2773 possit,
1258 2709 1289 2757 et

92 2792 204 2870 probari
218 2812 225 2861 3
247 2792 297 2852 sed
312 2793 347 2852 ad
362 2795 453 2872 ipsam
469 2803 628 2852 contractus
643 2792 778 2860 radicem,
800 2811 863 2866 quas
878 2793 908 2850 in
923 2792 1150 2851 contrahentium
1164 2810 1288 2854 conscu-

92 2889 174 2948 sionc
199 2892 290 2967 posita
313 2901 366 2960 est,
392 2910 451 2951 uon
473 2891 583 2950 videtur
611 2909 697 2968 posse
723 2901 847 2967 potestas
869 2907 947 2948 mere
967 2887 1092 2947 humana
1111 2890 1285 2969 pertingere.

92 2987 276 3048 Matrimonia
290 2990 376 3068 igitur
388 2990 547 3050 infidelium
562 2989 655 3048 valere
669 2989 752 3048 nobis
767 2987 907 3053 videntur,
921 2987 1033 3061 quotics
1053 2987 1127 3046 nibil
1139 2988 1235 3048 obstat
1247 3008 1286 3049 ex

89 3086 154 3164 jure
168 3087 231 3164 ipso
245 3098 350 3147 naturae
365 3088 569 3166 desumptum:
591 3087 705 3147 civilem
720 3096 814 3145 autem
828 3103 888 3144 non
909 3095 1123 3159 consequuntur
1135 3085 1284 3157 effectum,

92 3184 148 3244 nisi
162 3183 233 3262 legis
247 3187 366 3243 servatis
380 3184 602 3244 conditionibus.

131 3286 179 3342 63.
202 3281 246 3342 De
261 3283 452 3340 matrimoniis
475 3280 613 3348 fidelium,
634 3299 685 3339 seu
707 3281 926 3359 baptizatomm,
944 3281 1007 3358 jam
1028 3282 1173 3356 quaeritur,
1188 3291 1285 3342 utrum

92 3380 176 3439 alicui
191 3380 332 3457 potestati,
347 3397 397 3437 seu
412 3378 623 3446 ecclesiasticae,
636 3396 687 3437 seu
704 3379 792 3447 civili,
807 3379 980 3455 subjaceant,
994 3398 1052 3439 non
1065 3389 1174 3439 tantum
1187 3381 1284 3455 quoad

92 3477 210 3536 effectus
225 3479 255 3537 in
268 3489 387 3551 utroque
402 3478 473 3546 soro,
486 3475 537 3536 sed
557 3477 641 3535 etiam
656 3476 749 3551 quoad
769 3479 861 3553 ipsam
877 3479 934 3535 vim
950 3489 1119 3539 contractus.
1160 3479 1196 3539 In
1216 3500 1285 3540 con·

91 3572 168 3632 fesso
182 3576 256 3650 apud
270 3595 370 3634 omnes
384 3584 428 3633 est
441 3575 554 3633 civilem
569 3585 737 3651 potestatem
752 3593 837 3652 posse
850 3574 924 3633 vires
937 3576 965 3634 iu
980 3577 1042 3635 soro
1052 3577 1129 3635 civili
1141 3576 1284 3656 denegare

90 3674 244 3731 contractui
259 3674 466 3740 matrimoniali,
479 3675 529 3748 qui
539 3674 694 3733 celebratus
709 3692 767 3732 non
781 3674 865 3732 suerit
874 3674 958 3751 juxta
970 3674 1048 3751 leges
1063 3695 1073 3746 3
1094 3694 1158 3749 quae
1183 3688 1278 3736 tamen

90 3776 217 3845 potestas
231 3786 287 3825 non
299 3768 416 3827 libidine
430 3769 598 3846 imperandi,
614 3769 665 3828 sed
679 3770 808 3828 utilitatis
822 3771 928 3829 civium
943 3770 1038 3830 studio
1052 3772 1214 3837 exercenda
1227 3785 1281 3833 est.

91 3864 158 3924 Pari
172 3863 208 3923 de
223 3883 307 3922 causa
319 3866 349 3923 in
363 3865 425 3923 foro
439 3866 632 3925 ecclesiastico
647 3878 746 3944 posset
759 3867 869 3927 irritum
891 3867 990 3926 lraberi
1002 3868 1180 3946 conjugium,
1204 3871 1282 3944 quod

91 3973 189 4024 contra
202 3963 280 4039 leges
296 3963 435 4021 Ecclesiae
460 3965 543 4023 luerit
567 3965 679 4023 initum.
721 3965 779 4023 Sed
804 3966 839 4024 dc
865 3966 960 4026 valore
981 3977 1141 4026 contractus
1162 3970 1193 4027 in
1207 3986 1239 4027 se
1254 3981 1282 4030 et

92 4081 188 4123 coram
213 4063 277 4121 Deo
299 4064 450 4135 queritur:
474 4074 565 4121 utrum
590 4064 701 4123 scilicet
723 4065 857 4124 Ecclesia
882 4066 927 4123 vel
941 4075 1066 4142 potestas
1081 4066 1175 4125 civilis
1190 4070 1282 4146 po'ssit
1314 4119 1316 4123 .

91 4159 201 4219 irritum
217 4161 307 4219 facere
321 4170 505 4228 contractum,
515 4160 582 4218 licet
592 4161 790 4220 contrahentes
799 4163 951 4221 voluntatis
960 4161 1049 4222 libero
1063 4180 1206 4225 consensu
1215 4184 1281 4225 cum

91 4252 197 4324 incant,
212 4256 290 4315 nullo
312 4256 438 4314 obstante
455 4257 571 4314 naturali
586 4256 801 4334 impedimento,
813 4257 885 4316 adeo
899 4268 931 4316 ut
944 4259 987 4317 vis
1002 4259 1096 4318 omnis
1110 4260 1138 4317 ei
1159 4260 1280 4330 tollatur,

91 4360 152 4411 tum
167 4353 196 4411 iu
210 4353 271 4411 soro
285 4362 414 4420 catomo,
429 4362 488 4411 tum
511 4371 606 4411 coram
622 4353 696 4413 Deo.
737 4353 893 4414 Dirimcns
916 4367 1031 4414 vocatur
1044 4355 1280 4432 impedimentum

91 4449 266 4528 hujusmodi,
282 4451 358 4524 quod
375 4450 485 4510 scilicet
507 4452 599 4510 obstat
613 4470 650 4510 ns
672 4452 765 4510 valeat
778 4444 955 4511 contractus:
977 4450 1139 4531 impediens
1153 4474 1170 4514 e
1185 4470 1286 4521 contra

91 4558 136 4607 est
154 4545 230 4622 quod
245 4548 336 4606 obstat
350 4568 385 4607 ne
407 4549 490 4609 liceat
506 4559 680 4609 contractum
695 4550 777 4620 inire,
793 4551 843 4625 qui
864 4559 958 4611 tamen
973 4551 1059 4610 initus
1073 4570 1155 4614 suam
1175 4559 1281 4620 obtinet
1327 4558 1329 4577 ²

93 4666 161 4707 vum.
