2812 5092
306 354 363 417 DE
384 353 619 417 consultum
640 352 1009 419 nusunnnomonm
1198 360 1256 419 9θῖ

64 513 207 573 Dominus
222 515 284 591 ejus
299 514 443 594 adoptavit
456 513 568 592 placita.
597 513 665 573 Fuit
675 532 743 592 spes
754 513 803 573 illa
815 512 924 574 Jndoeis
934 514 1067 575 omnibus
1081 517 1253 585 communis,

65 631 125 673 non
144 622 238 672 tamen
254 614 331 692 vulgi
356 613 551 692 prejudicium
565 611 694 673 habenda
717 623 771 684 cst,
786 613 837 673 sed
860 615 982 674 revelata
1003 613 1140 686 doctrina,
1166 634 1251 689 quam

65 711 199 770 Christus
214 722 271 770 tota
285 731 337 770 sna
350 711 512 772 auctoritate
526 711 722 771 communivit.

495 887 785 930 ANIMADVERSIONBS.

105 1034 170 1088 104.
192 1027 302 1088 Eadem
317 1047 380 1103 quse
394 1027 500 1109 singuli
514 986 652 1088 habemus
675 1046 794 1106 corpora
819 1026 943 1105 propriis
957 1025 1104 1087 animabus
1118 1018 1148 1086 in
1161 1046 1269 1088 resur·
1295 1051 1298 1058 ²

61 1125 189 1186 rectione
212 1125 429 1203 conjungentur,
444 1126 485 1184 uti
511 1123 659 1183 excitatis
682 1123 853 1183 testimoniis
873 1123 972 1198 liquet.
1015 1123 1118 1184 Meritb
1137 1123 1253 1184 Tertul-

60 1224 156 1300 lianus
170 1222 257 1280 veluti
281 1223 433 1282 absurdum
456 1221 549 1300 rejicit
563 1221 696 1298 placitum
721 1239 820 1280 eorum
836 1221 885 1295 qui
900 1240 1020 1300 corpora
1032 1222 1172 1296 qnaedam,
1195 1240 1253 1281 non
1366 1221 1371 1235 '

61 1310 157 1378 tamen
172 1336 235 1404 qun
250 1317 333 1376 nobis
348 1306 424 1377 nunc
433 1327 509 1386 sunt,
521 1318 551 1375 in
565 1317 770 1376 resurrectione
784 1315 931 1375 animabus
945 1317 1143 1396 conjungenda
1157 1335 1255 1377 cense-
1306 1367 1309 1374 .

59 1419 176 1477 bant2‘
180 1416 293 1483 ‘Quam
309 1416 473 1499 absurdum,
489 1434 573 1490 quam
594 1424 623 1474 et
642 1416 784 1501 iniquum,
799 1424 950 1491 utrumque
971 1428 1063 1475 antem
1079 1435 1165 1491 qnam
1188 1415 1252 1476 Deo

59 1515 222 1594 indignum,
247 1514 330 1574 aliam
345 1493 530 1573 substantiam
552 1514 673 1589 operari,
687 1513 772 1572 aliam
793 1513 954 1574 mercedem
974 1515 1120 1594 dispungi,
1134 1525 1166 1616 ut
1191 1515 1253 1574 haec

60 1613 179 1688 quidem
193 1631 258 1671 caro
274 1629 326 1689 per
339 1611 473 1689 martyria
486 1611 617 1679 lanietur,
633 1610 688 1668 alia
699 1609 766 1670 verd
781 1611 954 1671 coronetur)
958 1610 980 1647 ’¹

105 1711 172 1771 105.
187 1711 277 1770 Dotes
288 1711 416 1788 corporis
425 1709 636 1788 gloriosilonge
648 1707 900 1780 eruntdivcrsaer
903 1710 1078 1770 seminatur
1094 1710 1123 1773 in
1135 1680 1252 1790 corrup·

61 1811 152 1877 tione,
164 1816 261 1887 surget
273 1808 302 1867 in
317 1805 539 1883 incorruptione.
569 1805 750 1864 Seminatur
742 1825 772 1864 ιιι
784 1807 967 1885 ignobilitate,
982 1818 1079 1884 surget
1091 1808 1124 1865 in
1141 1807 1253 1885 gloria:
1308 1836 1311 1842 ·

63 1908 221 1967 seminatur
234 1907 264 1964 in
276 1905 448 1972 infirmitate,
464 1911 561 1981 surget
572 1903 601 1961 in
616 1903 739 1962 virtute:
763 1905 919 1971 seminatur
929 1922 1032 1981 corpus
1048 1906 1181 1973 animale,
1196 1925 1257 1965 sur·

64 2011 117 2085 get
140 2022 244 2082 corpus
267 1994 441 2082 spiritale.’'⁹
478 1999 556 2060 Hinc
579 1999 807 2079 impassibilitas
830 2003 858 2061 ei
882 2002 1020 2071 tribuitur,
1044 2002 1120 2076 qnod
1145 2003 1256 2063 scilicet
1294 2011 1296 2017 '

65 2103 141 2163 nihil
152 2103 210 2180 pati
225 2103 334 2180 possit:
357 2099 489 2168 claritas,
514 2117 566 2157 seu
587 2098 681 2177 fulgor
694 2099 808 2173 quidam
824 2100 932 2178 gloriae,
947 2118 1013 2158 nam
1033 2100 1166 2177 Obiistus
1181 2111 1201 2139 “
1214 2121 1257 2160 re·
1297 2082 1302 2092 ⁸

65 2202 201 2269 formabit
214 2219 317 2278 corpus
331 2198 500 2259 humilitatis
520 2207 624 2256 nostre
644 2197 851 2276 configuratum
866 2199 976 2276 corpori
990 2199 1122 2258 claritatis
1143 2219 1202 2258 suae
1215 2199 1259 2256 ι”8

64 2297 192 2378 agilitas
205 2300 333 2357 etiamst
357 2294 517 2362 subtilitas,
533 2293 610 2369 quod
634 2295 750 2372 spiritns
773 2297 861 2357 instar
875 2296 1056 2381 velocissime
1081 2315 1113 2356 ss
1127 2294 1291 2386 conserat⁴

64 2412 123 2471 quo
137 2395 233 2455 anima
247 2394 324 2464 velit,
339 2411 392 2452 nec
406 2392 488 2453 obice
502 2391 561 2449 ullo
575 2390 756 2469 impediatur.

394 2567 437 2633 (1)
457 2565 628 2618 Tertullum
638 2582 713 2618 resur.
723 2583 803 2619 curm.

399 2653 439 2719 (2)
461 2656 472 2701 l
486 2651 546 2703 Gor.
557 2668 599 2703 xv.
610 2651 651 2703 42.

398 2739 617 2805 mmmm
