2798 5092
452 110 509 173 un
530 73 838 173 venenarium:
859 110 1023 173 orooro.

623 801 765 863 CAPUT
786 800 855 863 Vll.

377 1026 435 1080 DE
477 1029 846 1082 VENERA'I'IONE
881 1029 1077 1085 ORUGIS.

176 1261 240 1318 155.
257 1259 356 1326 Quum
365 1276 459 1317 saeras
471 1258 605 1332 reliquias
612 1256 786 1317 venerandas
796 1276 860 1316 esse
870 1260 1094 1335 probaverimus,
1104 1260 1194 1335 liquet
1203 1278 1327 1328 erucem,

123 1356 164 1416 in
177 1377 234 1432 qua
247 1376 352 1436 passus
366 1368 410 1415 est
424 1356 569 1426 Christus,
584 1376 648 1415 esse
662 1357 844 1415 veneratione
865 1359 990 1417 maxime
1005 1359 1130 1436 dignam,
1150 1359 1235 1419 habet
1253 1361 1330 1418 enirn

118 1456 287 1534 specialem
308 1455 343 1514 ad
364 1474 430 1514 eum
453 1456 629 1514 relationem.
672 1455 752 1514 Crux
768 1467 862 1514 autem
883 1457 1016 1529 quaelibet
1030 1458 1060 1515 in
1075 1456 1185 1516 Christi
1198 1457 1329 1516 crucifixi

120 1554 302 1613 memoriam
317 1553 400 1621 faeta,
415 1553 548 1630 imaginis
559 1553 646 1612 habet
658 1554 807 1621 rationem,
820 1552 942 1628 ideoque
956 1566 1000 1613 eat
1012 1555 1119 1614 honore
1134 1555 1229 1633 digna.
1252 1555 1332 1614 Adeo

116 1649 277 1710 insederat
300 1650 461 1709 christianae
486 1649 554 1708 fidei
577 1650 732 1708 cultoribus
755 1652 919 1708 reverentiae
944 1671 1012 1727 erga
1032 1670 1145 1710 erucem
1166 1671 1279 1719 sensus,
1302 1662 1333 1711 ut

116 1747 319 1808 leouomaehi
340 1749 367 1806 ei
387 1748 518 1806 reluctari
537 1747 613 1806 haud
634 1746 779 1805 auderent.
822 1747 942 1827 Saeeulo
957 1749 1071 1806 tandem
1093 1769 1170 1808 nono
1193 1750 1332 1809 Claudius
1367 1718 1382 1915 ί

118 1845 296 1925 Hispanus,
310 1845 416 1904 Felicis
432 1845 602 1923 Urgellitani
615 1844 783 1922 discipulus,
799 1837 988 1903 'laurinensis
1007 1846 1171 1923 episeopus.
1187 1848 1217 1905 in
1239 1847 1332 1905 erucis

115 1942 241 2000 cultum
256 1942 419 2000 insurrexit.
461 1940 574 1999 Eodem
590 1940 696 1998 saeeulo
711 1941 869 1998 Pauliniani
884 1941 913 1998 in
928 1939 1045 1999 Oriente
1065 1941 1164 2000 eadem
1186 1943 1332 2018 impietate

114 2037 304 2098 laborarunt.
346 2037 459 2096 Saeculo
475 2036 646 2095 duodecimo
660 2036 817 2114 Bogomili,
830 2036 932 2095 Basilii
946 2036 1094 2114 cujusdem
1110 2037 1253 2115 discipuli.
1269 2057 1333 2097 eam

116 2147 323 2202 renovamuta
345 2154 430 2209 quam
444 2145 473 2192 et
486 2135 516 2192 iu
527 2133 631 2192 Galliis
644 2135 833 2211 propugnavit
842 2135 945 2193 Petrus
957 2136 991 2193 de
1001 2135 1095 2194 Bruis.
1139 2136 1332 2204 Wiokleffitae,
1359 2053 1374 2211 l

120 2243 165 2307 et
190 2232 326 2310 deinceps
354 2231 555 2291 sexto-decimi
583 2231 680 2290 saeouli
708 2241 858 2290 novatores
886 2233 999 2292 illorum
1019 2244 1183 2310 presserunt
1203 2235 1332 2312 vestigia.

123 2331 280 2393 Ceterum
295 2333 411 2410 plurimi
422 2333 496 2390 inter
510 2330 697 2408 Anglioanos,
708 2341 737 2388 et
751 2332 800 2404 qni
814 2331 868 2390 hos
883 2343 1041 2407 sequuntur
1054 2333 1130 2410 apud
1145 2353 1197 2392 uos
1212 2334 1334 2411 Episro·
1358 2362 1383 2562 J

125 2430 250 2505 paliani.
265 2450 379 2490 erucem
401 2431 463 2507 jam
479 2428 566 2487 veluti
580 2429 717 2488 vexillum
735 2430 919 2488 christianum
935 2431 1103 2507 erigendum
1118 2435 1247 2507 probant,
1263 2433 1333 2505 quin

126 2526 167 2584 ei
178 2528 280 2621 onltpm
295 2529 420 2601 aliquem
435 2527 571 2620 deserant.
1284 2529 1303 2550 '

182 2629 244 2684 156.
266 2626 332 2693 Quo
357 2601 449 2683 euhus
478 2641 581 2700 genere
609 2621 775 2680 honoranda
800 2624 839 2679 sit
865 2641 935 2680 crux
960 2644 977 2681 a
999 2624 1141 2700 theologis
1169 2625 1333 2699 inquiritur.
1358 2612 1395 2692 δ’

139 2715 262 2780 Censuit
270 2721 302 2778 S.
318 2720 448 2778 Thomas
464 2721 593 2792 Aquinas
606 2719 693 2777 latriae
708 2718 813 2779 cultum
829 2718 857 2774 ei
871 2716 978 2786 debon,
994 2720 1031 2777 ob
1041 2721 1206 2780 relationem
1221 2723 1283 2799 ejus
1299 2721 1333 2780 ad
1371 2745 1387 2784 ,ι-

89 2768 102 2851 l
144 2813 297 2888 Christum,
310 2822 380 2892 ‚quia
402 2828 565 2876 “creaturae
590 2816 750 2876 insensibili
770 2834 828 2875 non
849 2815 966 2874 debetur
986 2817 1078 2875 honor
1103 2820 1145 2876 vel
1168 2821 1333 2884 reverentia,
1363 2794 1394 2843 ‘s

92 2897 103 3009 J
146 2916 197 2974 nisi
214 2913 322 2978 ratione
343 2917 488 2976 rationalis
510 2928 616 2975 naturae
629 2915 672 2983 ;¹'¹
694 2915 817 2989 ideoque
830 2915 960 2993 ejusdem
978 2934 1042 2974 esse
1066 2918 1177 2994 generis
1201 2938 1234 2976 ao
1252 2918 1333 2977 illum
1376 2939 1383 3005 ς

109 3044 120 3145 l
149 3016 328 3085 quitationali
348 3027 456 3075 naturae
477 3014 604 3073 debetur.
646 3014 839 3073 Bellarminus
861 3027 955 3073 tamen
977 3016 1088 3074 censuit
1109 3016 1246 3076 honorem
1269 3036 1334 3075 esse
1372 2980 1380 3078 l

151 3109 275 3183 inferioris
288 3115 412 3193 generis,
428 3112 619 3187 quianullum
635 3112 718 3189 putat
734 3130 798 3170 esse
819 3113 907 3171 latriae
928 3113 1034 3193 cultum
1051 3115 1100 3188 qui
1115 3115 1260 3173 absolutus
1275 3133 1334 3174 non

152 3209 189 3269 sit.
223 3213 256 3273 In
280 3213 327 3271 die
355 3212 540 3277 Pammenes,
565 3208 634 3268 dum
662 3229 733 3268 crux
761 3210 910 3287 detegitur,
934 3210 1056 3269 dieitur:
1090 3213 1199 3270 “ane
1223 3213 1333 3290 lignum

152 3309 245 3380 erneia3
267 3311 360 3370 venite
370 3308 522 3367 adoremus
535 3307 563 3364 :'’
584 3317 612 3366 et
623 3308 718 3365 statim
729 3326 822 3384 genua
833 3307 994 3366 fleetuntur.
1036 3309 1096 3366 'l'er
1110 3311 1196 3368 etiam
1210 3312 1333 3388 genibus
1370 3321 1376 3336 ‘

149 3402 220 3465 lieris
232 3407 374 3476 sacerdos,
384 3417 413 3464 et
426 3417 492 3482 post
505 3405 600 3482 ipsum
615 3405 742 3477 reliquus
759 3404 853 3463 clerus
868 3404 1050 3480 populusque
1064 3405 1167 3474 fidelis,
1179 3426 1231 3484 pro
1246 3409 1334 3467 animi

150 3502 296 3574 devotione,
312 3504 347 3563 ad
372 3522 486 3563 erucem
508 3501 647 3560 accedunt
663 3500 863 3569 venerabundi,
879 3521 964 3574 quam
977 3513 1015 3559 'et
1034 3503 1207 3594 oseglantur.
1250 3506 1333 3564 Ritus

146 3601 195 3669 hie,
215 3605 264 3678 qui
285 3601 420 3663 odoratio
450 3601 617 3678 appellatur,
637 3600 669 3667 S.
691 3599 814 3659 Thomae
849 3600 995 3658 sententiae
1017 3600 1110 3658 favere
1132 3603 1223 3678 prima
1243 3603 1333 3660 fronte

145 3700 263 3769 videtur;
295 3700 346 3759 sed
369 3719 458 3773 quum
483 3716 541 3756 vox
571 3697 609 3755 ait
636 3697 779 3774 ambigua,
803 3696 838 3754 ad
866 3696 971 3754 cultum
994 3698 1155 3757 inferiorem
1185 3699 1334 3775 designan-

140 3799 201 3859 dum
214 3799 312 3858 referri
327 3808 430 3875 potest.
472 3795 550 3854 Otho
566 3816 582 3851 a
596 3795 699 3853 Tacito
711 3796 814 3852 dieitur
827 3791 939 3871 uulgus
952 3793 1116 3864 odoramen
1130 3798 1195 3869 quia
1210 3796 1331 3855 militum

137 3899 249 3976 gratiam
271 3895 360 3954 inibat
386 3893 516 3951 amicitiae
539 3890 662 3950 indiciis.
706 3890 784 3948 Oitat
805 3890 834 3949 in
857 3910 916 3948 suae
939 3892 1087 3949 sententiae
1113 3891 1272 3950 subsidium
1299 3893 1331 3951 S.

136 3997 262 4056 Thomas
276 3991 379 4052 cantici
393 3991 465 4049 sarri
480 3991 582 4049 verba:
605 3989 663 4046 “O
678 4007 758 4057 crox,
775 4008 827 4046 ave
841 4009 908 4065 spes
924 3990 1017 4057 unica,
1033 3991 1088 4047 hoe
1103 3993 1245 4066 passionis
1264 4006 1333 4052 tem·

132 4113 209 4175 pore,
232 4109 306 4170 auge
327 4089 382 4165 piis
405 4089 557 4166 justitiam,
582 4088 695 4160 reisque
717 4085 791 4144 dona
806 4091 918 4146 veniam
930 4087 972 4157 ;”ἆ
993 4087 1043 4145 sed
1059 4107 1128 4146 oron
1143 4108 1195 4165 pro
1212 4090 1330 4149 Christo

436 4283 477 4347 (l)
497 4281 565 4331 Sum.
574 4279 608 4330 iii.
619 4296 643 4345 p.
653 4297 693 4345 qu.
706 4296 764 4328 xxv.
777 4288 820 4330 art.
833 4280 951 4346 iv.'Resp.

438 4369 480 4434 (2)
494 4367 560 4418 Hiet.
572 4367 589 4416 l.
603 4368 628 4416 1.

435 4454 477 4521 (3)
486 4450 561 4504 'Sum
573 4453 608 4504 iii.
619 4470 643 4520 p.
655 4469 695 4518 qu.
711 4468 768 4503 xxv.
781 4461 824 4505 art.
836 4455 867 4504 iv.
880 4451 930 4505 sed
941 4455 1032 4503 eontra.
