2798 5092
1082 108 1123 157 ,4,
1209 86 1228 139 -’”

1176 178 1199 241 '.'
1246 170 1306 227 aa,

358 332 415 394 nn
436 332 632 394 4444444
650 332 977 397 4444444444.
1016 308 1028 339 ‘'
1099 326 1111 371 ι’
1194 292 1265 417 141

66 491 197 550 meando
204 490 293 570 gradu
303 492 589 569 conjunctidicantur,
600 493 722 570 primurn
731 502 825 553 444444
836 494 989 572 attingunt:
1005 513 1060 555 ex:
1076 514 1128 574 gr:
1144 496 1267 556 avuncu-

17 590 22 597 ’
65 589 111 648 lus
125 591 278 667 atneptis.
319 590 479 650 Prohibitio
504 592 663 668 nuptiarum
676 593 750 650 inter
760 595 986 670 consanguineos
1001 595 1263 654 nititurrererentia
1303 585 1311 604 ⁹

66 704 130 759 444
153 687 328 764 propinquis
349 685 476 756 debetur,
499 698 597 746 natura
618 689 681 761 ipsa
694 687 824 757 docente,
839 699 868 747 et
882 689 916 747 ad
938 708 1050 748 morum
1071 691 1263 767 integritatem
1331 764 1338 775 ·
1360 700 1366 709 “

65 783 223 843 fovendam
239 784 378 862 dirigitur,
393 803 431 843 ex
452 787 662 845 necessitudine
683 787 771 855 enim,
786 806 850 861 444
866 788 939 846 inter
957 790 1133 865 propinquos
1149 791 1268 849 interce·
1292 844 1302 865 ,

65 879 119 948 dit,
134 880 272 954 frequens
288 881 359 940 foret
373 882 649 959 peccandi-occasio,
664 885 721 942 nisi
742 903 809 962 spes
829 886 1001 944 matrimonii
1023 885 1192 945 tolleretur.¹
1232 887 1267 946 ln
1316 870 1324 887 ¹

64 975 145 1035 linea
157 982 236 1035 recta'
250 977 345 1036 nullus
359 989 405 1036 est
426 979 512 1037 vetito
526 978 620 1048 limes,
635 998 690 1039 nec
709 981 785 1040 enim
800 981 894 1053 quivis
915 991 1010 1057 potest
1023 1000 1090 1040 cum
1111 980 1205 1054 aliqua
1225 1001 1264 1041 ex

65 1075 131 1151 ejus
147 1077 272 1152 4444414
288 1078 454 1136 4444414444
468 1097 476 1146 ;
499 1077 550 1135 sed
572 1078 601 1136 in
616 1078 691 1136 linea
704 1079 857 1138 collaterali
874 1081 940 1157 jure
957 1089 1062 1139 natura
1082 1099 1140 1139 non
1155 1080 1268 1141 excedit

66 1174 195 1250 primunr
210 1172 356 1252 gradum!
394 1175 529 1234 Levitico
545 1176 750 1253 prohibitiones
771 1196 829 1236 non
850 1176 956 1237 habent
969 1179 1026 1236 vim
1050 1178 1134 1239 ullam
1150 1178 1179 1236 in
1192 1197 1268 1238 nova

62 1271 129 1348 lege
142 1291 150 1340 ;
165 1258 291 1345 ideoque
306 1291 343 1331 ex
355 1272 495 1332 Ecclesiae
508 1276 672 1333 auctoritate
686 1293 750 1349 quae
764 1287 861 1335 extant
875 1275 1079 1353 impedimenta
1093 1276 1265 1337 derivantur.

63 1369 112 1428 Ad
126 1380 260 1444 quartum
276 1388 368 1444 usque
382 1370 499 1449 gradum
515 1372 678 1431 extenditur
691 1373 857 1450 prohibitio.
937 1394 938 1399 ¹

105 1471 155 1526 96.
179 1466 324 1544 Cognatio
335 1466 502 1545 spiritualia
516 1470 690 1528 contrahitur
706 1471 771 1547 jure
786 1471 979 1530 ecclesiastico
995 1473 1068 1530 inter
1081 1473 1209 1551 patrinos
1230 1491 1264 1531 ac

65 1565 256 1642 baptizatum,
274 1583 362 1639 quem
384 1577 600 1644 susceperunte
615 1568 797 1636 sacrofonte,
813 1578 842 1626 et
862 1569 939 1627 illius
953 1562 1106 1647 patrem&
1126 1581 1263 1639 matrcm3

65 1680 180 1721 necnon
196 1662 270 1721 inter
290 1663 482 1740 baptizantem
504 1674 532 1722 et
546 1665 730 1741 baptizatum.
752 1665 944 1742 baptizatique
965 1679 1073 1744 patrem
1088 1686 1121 1726 ac
1143 1678 1261 1728 matrem

61 1758 221 1817 4444444.”8
259 1758 295 1850 lp
309 1761 523 1820 confirmatione
544 1763 676 1838 cognatio
701 1763 874 1821 contrabitur
896 1764 970 1823 inter
989 1765 1205 1824 confirmantem
1224 1768 1262 1824 'et

68 1856 282 1924 confirmatum,
297 1856 433 1931 illiusque
449 1866 555 1934 patrem
581 1868 610 1916 et
630 1869 759 1927 matrem,
775 1879 808 1917 ac
828 1865 995 1919 tenentem.⁴
1035 1861 1120 1920 Ratio
1144 1863 1264 1940 impedi-

61 1957 150 2015 menti
165 1966 211 2015 eet
224 1966 256 2015 ut
268 1956 384 2015 liberius
398 1957 493 2015 officia
502 1950 565 2030 444
576 1959 737 2034 4444141444
750 1976 904 2036 sponsores
918 1960 1065 2028 obeantur,
1080 1961 1190 2019 sublata
1205 1979 1257 2040 spe

64 2054 250 2122 matrimonii,
267 2054 391 2128 ideoque
404 2056 590 2114 tentationum
605 2057 756 2114 occasione
770 2057 889 2149 inmuta.

103 2142 153 2211 97'.
179 2150 325 2228 Cognatio
349 2148 457 2229 legalia
477 2162 522 2210 est
541 2152 739 2230 propinquitas
755 2173 771 2212 a
790 2152 901 2230 legibus
924 2161 1027 2210 statuta
1047 2153 1083 2211 ob
1108 2153 1264 2230 perfectam
1310 2138 1336 2205 ·'

65 2247 251 2325 adoptionem
266 2268 323 2323 qua
334 2261 485 2308 extraneus
500 2249 533 2307 ad
545 2250 738 2310 baereditatem
754 2260 783 2309 et
794 2251 846 2309 filii
857 2250 923 2328 jura
936 2249 1103 2310 adsumitur.
1145 2251 1264 2311 Dirimit

66 2345 281 2404 matrimonium
304 2347 377 2405 inter
390 2345 572 2423 adoptantem
586 2355 614 2404 et
634 2346 807 2424 adoptatum,
823 2360 1010 2425 posterosque
1033 2347 1158 2426 adoptati
1170 2367 1263 2422 nsque

66 2440 104 2499 ad
114 2454 249 2516 quartum
264 2441 383 2520 gradum
396 2463 404 2512 ;
426 2444 493 2502 item
508 2444 585 2502 inter
595 2462 714 2504 uxorem
729 2445 889 2523 adoptantis
904 2460 934 2505 et
947 2445 1111 2523 adoptatum
1124 2465 1132 2514 ;
1148 2455 1177 2505 et
1190 2448 1264 2505 inter
1348 2470 1351 2475 ·

65 2557 185 2598 uxorem
208 2539 344 2617 adoptati,
360 2525 388 2600 et
403 2540 585 2618 4144444444
607 2541 730 2617 (1441444
749 2544 822 2602 inter
835 2542 1010 2621 adoptatum,
1024 2562 1076 2602 seu
1091 2541 1261 2621 adoptatam,

64 2649 91 2695 et
104 2637 189 2697 filios
210 2637 368 2715 legitimos,
383 2651 432 2696 aut
451 2639 525 2697 111144
545 2638 716 2716 adoptantis,
731 2639 866 2714 quamdiu
881 2640 1038 2699 manserint
1056 2640 1087 2699 in
1107 2640 1198 2718 patria
1212 2658 1262 2718 po·

65 2744 175 2798 testate.
210 2735 302 2794 Patre·
317 2744 411 2795 autem
427 2745 549 2805 mortuo,
566 2737 612 2795 vel
632 2737 699 2796 filiis
714 2738 844 2815 suijuris
859 2738 950 2806 factis,
965 2738 1179 2797 matrimonium
1194 2737 1262 2797 iniri

64 2841 158 2908 potest
177 2850 230 2890 eos
251 2832 325 2891 inter
341 2843 370 2890 et
390 2831 579 2909 adoptatum.⁵
619 2832 859 2909 Impedimeutum
879 2834 936 2892 hoc
949 2834 1161 2910 propinquitate
1176 2851 1261 2907 quam

63 2926 141 3006 leges
150 2939 313 3007 agnoscunt
324 2929 462 2997 innititur,
470 2930 522 2989 sed
532 2949 569 2989 ex
579 2930 718 2989 Ecclesiae
728 2931 954 2991 eamsancientis
965 2940 1051 2990 totam
1060 2931 1259 2992 vimdesumit.

110 3031 149 3086 98
174 3025 296 3086 Crimen
309 3026 468 3095 homicidii,
484 3027 529 3085 vel
545 3026 685 3095 adulterii,
700 3027 745 3085 rel
761 3038 912 3100 utmmque
932 3029 1024 3086 obstat
1039 3046 1076 3086 ne
1090 3029 1181 3088 valeat
1202 3050 1262 3089 ma·

63 3123 228 3183 trimonium
251 3123 325 3182 inter
349 3142 424 3183 reos.
466 3121 672 3182 Homicidium
693 3123 839 3182 communi
859 3123 981 3182 consilio
1003 3133 1153 3200 patratum,
1168 3133 1199 3182 ut
1212 3126 1262 3183 via

64 3223 171 3300 nuptiis
200 3205 324 3298 paretur,
339 3219 406 3279 licet
429 3220 587 3279 alterutrius
608 3230 717 3280 tentum
738 3239 836 3298 opera,
850 3219 970 3299 impedit
990 3238 1027 3279 ne
1048 3220 1261 3280 matrimonium

96 3434 140 3500 (l)
159 3439 175 3465 ‘⁴
185 3433 269 3483 These
278 3431 1263 3499 44441441444,441444414444414]4441414444144444444444444441441444,

62 3521 94 3585 by
106 3520 180 3571 blood
193 3520 358 3584 marriage,
370 3520 420 3586 (for
430 3520 472 3570 tbe
480 3536 561 3571 canon
572 3519 620 3570 end
632 3536 747 3571 common
756 3522 804 3570 law
814 3520 885 3571 made
896 3536 929 3571 uo
940 3519 1081 3571 distinction
1090 3537 1123 3570 on
1134 3521 1264 3587 this'point

64 3606 175 3656 between
186 3605 340 3658 connexione
350 3606 383 3671 by
395 3605 586 3668 consanguinity
595 3606 643 3655 and
655 3605 771 3672 affinity,)
785 3621 825 3655 are
836 3605 959 3670 evidently
970 3605 1078 3655 founded
1090 3605 1117 3655 in
1126 3607 1167 3657 the
1179 3608 1227 3657 law
1237 3606 1266 3657 of

62 3701 163 3753 nature;
181 3691 230 3742 and
247 3691 388 3742 incestuous
404 3692 534 3754 marriages
545 3692 609 3741 have
626 3693 749 3757 generally
761 3695 816 3755 (but
826 3692 886 3743 with
898 3707 965 3742 some
978 3700 1075 3754 strange
1085 3694 1226 3759 exceptione
1238 3700 1263 3744 at

64 3779 173 3846 Athens)
186 3780 250 3829 been
260 3779 375 3841 regarded
387 3779 448 3829 with
466 3779 612 3829 abhorrenca
628 3780 660 3843 by
669 3779 710 3830 the
721 3780 838 3830 soundest
848 3779 944 3834 writers.
952 3778 1001 3828 and
1020 3778 1062 3828 the
1073 3788 1137 3830 most
1152 3779 1263 3846 polished

63 3874 136 3917 states
146 3866 176 3916 of
185 3865 315 3931 antiquity.
349 3865 434 3916 Under
451 3865 492 3916 the
504 3865 625 3916 influenee
636 3866 665 3915 of
678 3865 847 3930 Christianity,
859 3882 874 3916 a
884 3881 955 3931 purer
966 3872 1027 3916 teste
1038 3866 1087 3916 end
1098 3868 1191 3917 stricter
1207 3868 1262 3918 doc·

64 3937 125 4002 uida
141 3951 206 4002 have
218 3951 279 4000 been
290 3949 444 4010 inculcatad;
464 3950 514 4000 aud
525 3967 555 4001 an
571 3951 713 4000 incestuosi
724 3950 864 4001 connexion
874 3951 984 4000 between
995 3966 1027 4000 an
1038 3953 1112 4001 uncle
1128 3952 1176 4002 and
1192 3953 1262 4002 nieoe

65 4032 107 4086 has
117 4037 181 4086 been
192 4035 301 4099 recantly
312 4034 440 4101 adjudged,
452 4037 485 4100 by
497 4042 587 4098 agreat
597 4042 686 4085 master
697 4036 726 4085 os
738 4036 820 4101 public
831 4035 880 4085 and
896 4035 1030 4102 municipal
1041 4037 1096 4096 law,
1106 4045 1131 4087 to
1140 4039 1170 4087 be
1181 4053 1197 4087 a
1206 4037 1261 4088 nui·

66 4137 136 4173 44444
147 4123 282 4186 extremely
294 4120 412 4172 offensive
423 4130 448 4172 to
459 4122 501 4173 the
519 4124 579 4173 lewe
591 4122 639 4172 and
656 4139 771 4173 manners
783 4122 812 4172 of
825 4122 926 4186 society,
938 4123 986 4172 and
1003 4124 1105 4186 tending
1122 4132 1148 4174 to
1165 4125 1261 4175 andless

65 4210 199 4268 confusion,
211 4209 260 4259 and
271 4208 313 4259 the
323 4209 444 4273 pollution
456 4210 484 4259 of
492 4209 533 4260 the
544 4209 649 4274 sanctity
661 4210 689 4260 41
696 4209 788 4276 private
799 4207 864 4260 life.'’
898 4207 988 4260 Kent’s
1000 4209 1200 4274 Commentarios,
1211 4210 1259 4261 vol

63 4293 93 4345 ll.
103 4311 127 4360 p.
138 4296 171 4346 iv.
181 4295 240 4345 Lec.
251 4294 319 4345 xxvi.
331 4310 356 4345 n.
369 4298 410 4344 82.

99 4382 140 4448 (2)
159 4381 262 4441 Ibidem,
272 4397 297 4430 n.
310 4382 351 4431 84.

98 4466 140 4533 (3)
160 4465 240 4517 (lonc.
253 4465 323 4516 Trid·
335 4468 400 4518 Sese·
410 4465 478 4517 xxiv.
489 4481 510 4518 c.
522 4464 553 4516 ll.

99 4551 261 4618 (44414144.
307 4585 310 4591 ,
541 4598 546 4613 Ι

101 4636 140 4703 (11)
160 4636 222 4704 Gap.
234 4636 315 4688 unico.
326 4636 356 4687 da
367 4651 437 4698 cogn·
449 4635 494 4699 leg·
524 4636 528 4643 ’
