2798 5092
586 394 809 456 APPENDlX.
1238 396 1293 452 331

100 555 186 615 simul
210 556 457 625 convenientibus,
471 573 547 613 anno
567 555 677 613 circiter
697 559 766 615 767.
809 552 999 615 Constantino
1013 565 1042 614 st
1055 555 1137 615 Irene
1152 556 1292 632 imperan-

100 656 185 723 tibus,
201 673 279 714 auno
300 654 549 723 tenementum
573 655 780 713 oecumenicum
801 652 869 711 vll.
892 653 998 712 Nicaea
1019 654 1146 713 habitum
1161 665 1215 721 est,
1236 656 1294 711 350

101 752 250 830 episcopis
264 763 408 818 constans,
423 752 473 825 qui
493 770 593 810 omnes
608 769 721 809 summo
736 768 877 808 consensu
893 749 1099 808 loonomachos
1115 749 1292 808 damuamnt.
1374 790 1381 819 ,-

102 851 211 910 Errore
226 851 294 909 sacti
308 850 432 910 concilio
444 851 512 909 hnic
526 849 656 926 refragati
678 861 745 906 strnt
765 848 1028 907 Francolordiensis
1051 848 1176 906 Consilii
1192 861 1295 925 patres,

102 949 210 1024 aliique
227 948 372 1008 Gallicani
387 948 532 1027 praesules,
549 948 678 1020 quemvis
693 947 790 1024 stipsi
804 945 1123 1024 imagineslretinendas
1137 959 1298 1007 reverenter

100 1057 301 1126 agnoscerent.
341 1046 379 1106 ln
402 1047 557 1124 imaginum
583 1046 705 1104 cultores
728 1046 879 1104 sevierunt
904 1056 1003 1122 postea
1027 1045 1210 1121 imperatores
1236 1043 1297 1103 Leo

103 1147 262 1212 Armenes,
278 1142 405 1203 Michael
419 1143 537 1210 Balbus,
560 1153 588 1201 et
612 1141 805 1219 Theophilus.
844 1142 988 1201 Defuncto
1009 1140 1184 1217 Theophilo,
1200 1139 1297 1200 Theo·

99 1240 167 1300 dora
181 1243 248 1320 ejus
261 1242 369 1320 conjux
383 1241 479 1300 effecit
493 1253 524 1299 ut
537 1260 623 1299 sacrm
635 1242 773 1318 imagines
782 1241 837 1299 ritu
851 1241 973 1299 solemni
988 1241 1199 1299 restituerentur
1216 1259 1295 1299 anno

101 1343 155 1398 841
173 1358 181 1409 ;
198 1338 233 1397 ad
247 1338 323 1412 quod
337 1337 617 1398 commemorandum
631 1336 822 1396 Orthodoicioe
836 1355 960 1394 annuum
973 1335 1075 1395 festum
1090 1336 1165 1412 apud
1180 1336 1298 1395 Graecos
1350 1400 1357 1416 ⁴·

104 1439 265 1496 institutum
277 1447 331 1496 est.
717 1448 720 1456 “
880 1506 882 1513 Ι
1341 1435 1344 1439 ’

139 1536 342 1595 Abannnnsns
355 1533 456 1592 Gallus
471 1553 546 1592 enno
559 1534 670 1592 circiter
683 1537 743 1593 744
766 1533 859 1591 turbas
874 1535 947 1591 ciere
962 1531 1058 1609 ooepit,
1072 1551 1152 1591 suam
1163 1531 1298 1611 jactando

103 1632 295 1702 sanctitatem,
323 1650 412 1704 seque
439 1631 616 1690 occultorum
644 1631 792 1689 conscium
820 1630 963 1708 fingendo.
1006 1631 1174 1689 Sanctomm
1203 1631 1302 1690 merita
1391 1628 1397 1669 ¹·

103 1730 194 1788 aiebat
222 1730 328 1788 frustra
353 1729 500 1808 implorari
520 1729 587 1788 dum
613 1748 664 1787 stra
686 1738 789 1805 presto
809 1739 915 1788 esseut.
957 1729 1087 1788 Oratoria
1108 1748 1161 1788 suo
1185 1730 1301 1789 nomine

108 1826 225 1895 dicavit,
241 1827 416 1904 angelosque
431 1827 535 1904 ignotis
550 1826 786 1904 appellationibus
802 1827 932 1885 invocare
947 1828 1104 1885 consuevit.

140 1925 301 1992 Caeneus,
315 1927 428 1983 natione
440 1920 553 1991 Scotus',
566 1923 641 1982 idem
659 1925 711 1980 sub
722 1932 846 2000 tempus,
862 1926 891 1982 in
908 1924 1010 1981 Galliis
1026 1942 1140 1998 quoque
1155 1923 1300 1983 molestias

106 2024 211 2081 creavit
225 2023 257 2081 S.
273 2022 423 2082 Bonilacio
448 2023 657 2080 Germanomm
675 2020 825 2096 Apostolo.
868 2019 1065 2079 concubinam
1088 2021 1142 2078 sibi
1163 2021 1301 2079 retinebat

104 2120 235 2179 sacerdos
258 2120 335 2196 ipse,
358 2119 387 2177 id
405 2121 517 2197 justum
543 2137 608 2177 esse
632 2117 786 2178 affirmans.
828 2117 963 2177 Damnati
987 2127 1055 2177 sunt
1078 2116 1246 2176 Adelbertus
1272 2129 1301 2177 et

108 2217 245 2279 Clemens
262 2218 292 2277 in
307 2218 428 2279 concilio
442 2218 631 2287 suessionico,
646 2237 721 2277 auno
735 2221 804 2285 749,
817 2226 846 2276 et
869 2237 886 2275 a
900 2216 1037 2277 Zacharia
1051 2216 1131 2294 Papa
1143 2216 1173 2274 in
1187 2216 1301 2293 synodo

109 2316 249 2384 Romana,
264 2334 338 2374 enno
352 2318 422 2374 746.

147 2414 259 2479 Fsux,
282 2411 407 2489 Urgellae
428 2412 457 2471 in
480 2410 623 2488 Hispania
643 2411 807 2489 episcopus,
826 2419 855 2469 et
874 2409 1035 2488 Elipandus
1056 2411 1214 2470 Toletanus
1228 2430 1303 2470 anno

110 2514 176 2578 790,
205 2510 379 2570 Nestoriana
400 2507 462 2566 labe
485 2508 581 2567 insecti
606 2519 682 2573 sunt,
704 2518 862 2567 asserentes
888 2508 1037 2568 Christum
1068 2509 1225 2569 secundum
1250 2510 1303 2568 hu·

112 2607 273 2667 manitatem
308 2622 367 2664 non
399 2623 464 2662 esse
493 2605 639 2681 proprium
668 2604 758 2664 filium
787 2605 853 2673 Dei,
882 2605 933 2663 sed
958 2604 1133 2683 adoptivum.
1185 2606 1301 2665 Momm

111 2704 310 2765 sanctimoniae
325 2702 408 2761 laude
433 2700 566 2761 floruisse
591 2702 667 2779 apud
688 2703 836 2779 imperitos
850 2703 977 2760 Felicem
992 2702 1160 2780 Agobardus
1176 2714 1302 2764 testatur.

115 2801 215 2880 lpsum
231 2799 338 2878 pluries
353 2799 479 2876 ejurasse
493 2815 617 2856 errorem
632 2808 751 2866 constat,
774 2796 911 2856 schedula
923 2807 1019 2856 tamen
1040 2810 1106 2874 post
1119 2800 1181 2877 ejus
1195 2801 1303 2859 obitum

112 2899 240 2968 inventa,
254 2896 368 2956 dubiam
380 2895 476 2955 effecit
490 2897 551 2973 eJus
566 2896 793 2954 conversionem.
836 2894 978 2954 Confisus
992 2906 1036 2955 est
1049 2915 1126 2957 error
1139 2897 1170 2956 in
1184 2897 1305 2976 Synodo

110 2992 324 3075 Forojuliensi,¹
338 3010 413 3051 auno
427 2995 497 3060 791,
513 2992 543 3051 in
556 2991 761 3068 Ratisponensi
775 3011 850 3050 auno
871 2995 930 3052 792
945 2993 1081 3068 probante
1096 2993 1243 3055 Hadriano
1263 2995 1299 3064 l.,

110 3092 136 3155 iu
150 3090 267 3172 syuodo
280 3089 539 3159 Francosordiensi,
550 3109 624 3149 anno
635 3093 704 3157 794,
716 3090 746 3149 in
760 3089 1011 3167 synodoRomana
1023 3091 1054 3149 in
1068 3110 1123 3164 qua
1137 3092 1303 3152 Francolor·

111 3190 205 3252 diense
219 3191 275 3249 hac
288 3188 324 3248 de
339 3208 367 3248 re
383 3188 525 3248 decretum
541 3190 737 3248 confirmatum
750 3199 794 3247 est
807 3189 842 3248 ab
855 3187 1012 3256 Hadriano,
1026 3189 1054 3247 in
1066 3189 1301 3262 alteraRomana,

111 3307 182 3351 anuo
197 3292 269 3358 799,
285 3288 404 3366 praeside
416 3286 514 3347 Leone
527 3287 593 3357 ΙΙΙ.,
605 3298 633 3345 et
645 3288 673 3345 in
685 3287 798 3373 synodo
812 3287 996 3365 Aquisgrani,
1008 3288 1107 3347 eodem
1120 3306 1203 3347 anno.

600 3479 654 3541 IX.
678 3484 816 3541 Snouno.

148 3643 314 3701 Snncroum
327 3650 355 3698 et
366 3638 513 3698 Burnum
526 3639 555 3698 in
568 3639 685 3700 Oriente
701 3641 878 3700 Manichaeos
888 3660 997 3701 errores
1013 3650 1210 3709 restaurarunt,
1222 3645 1303 3700 nonis

103 3738 349 3818 appellationibus
364 3756 380 3794 a
394 3737 495 3814 Sergio
511 3747 539 3795 et
554 3737 661 3806 Baane,
677 3739 879 3798 sententiarum
889 3740 1112 3817 discrepantium
1133 3741 1303 3804 auctoribus,

105 3831 285 3914 desumptis.
327 3833 462 3904 Asiatici,
476 3854 527 3893 seu
543 3834 704 3904 Instabiles,
720 3838 857 3913 Sergiotae
869 3838 954 3897 etiam
968 3838 1141 3897 dicebantur.
1164 3837 1240 3896 lnter
1251 3837 1306 3894 alia

100 3944 240 3993 errorum
265 3942 394 3991 monstra
416 3932 634 3992 fornicationem
655 3935 738 4011 culpa
762 3953 861 3992 vacare
884 3933 1050 4004 docuerunt,
1065 3935 1154 3993 solam
1176 3956 1192 3992 a
1212 3936 1305 4012 Sergii

97 4023 240 4103 doctrina
254 4030 442 4090 delectionem
465 4031 659 4090 fornicationis
679 4032 835 4110 spiritualis
851 4034 959 4094 crimen
985 4035 1119 4094 inducere
1133 4033 1305 4093 dictitantes.

93 4112 138 4182 Id
155 4137 325 4187 constater
340 4127 428 4186 Petro
445 4127 556 4186 Siculo.

150 4225 305 4285 Gnanurns
317 4225 526 4285 'Puunrnsrrsrs
537 4227 702 4304 episcopus,
713 4226 864 4304 Hispaniis
878 4227 1026 4296 oriundus,
1040 4227 1107 4285 noni
1117 4226 1213 4284 saeculi
1225 4227 1306 4287 initio

107 4313 288 4401 imaginum,
303 4322 406 4389 crucis,
422 4332 451 4381 et
464 4323 645 4397 reliquiamm
660 4325 870 4383 venerationem
885 4324 1071 4402 impugnavit.
1372 4318 1375 4323 ’

164 4418 412 4488 Gonnnscenous,
427 4421 585 4480 monachus
603 4421 786 4490 Orbaoensis,
801 4424 829 4480 in
857 4420 985 4480 Ilioecesi
1005 4419 1218 4489 Suessioneusi,
1234 4441 1308 4481 anno

109 4511 175 4576 847
188 4518 506 4578 Praedestinatianorum
523 4539 630 4578 errores
645 4518 828 4588 instauravit3
850 4519 999 4578 damnatus
1014 4528 1058 4578 est
1080 4537 1113 4577 ea
1128 4517 1163 4578 de
1177 4539 1263 4578 causa
1279 4522 1308 4578 in

114 4616 227 4684 synodo
254 4616 435 4694 Moguntiua‚
452 4635 526 4676 anno
541 4621 609 4684 849,
625 4617 695 4674 etin
711 4616 831 4694 synodis
847 4615 1018 4676 Gariasiacis
1033 4636 1107 4678 auno
1122 4621 1180 4676 849
1195 4628 1224 4676 et
1237 4621 1308 4675 953.

581 4777 621 4842 (l)
639 4776 722 4840 Vulgo
731 4776 818 4828 Friuli.
