2798 5092
584 374 808 435 APPENDIX.
1233 382 1291 438 827

94 532 255 611 dogmatica
280 533 418 610 rescripta
441 532 531 591 edidit
553 538 592 594 27
613 533 742 595 Jaonarii
767 538 837 598 417.
861 535 962 611 sicque
984 544 1105 595 testame
1129 537 1290 614 Augustino

95 640 111 669 “
121 650 208 691 cauea
222 630 305 689 finita
318 630 408 688 est.''²
448 631 577 698 Zosimo‚
592 633 641 705 qui
656 633 685 689 in
700 633 794 691 locum
809 632 969 691 iunocentii
982 633 1119 692 suffectus
1134 643 1187 701 est,
1199 633 1290 693 illusit

95 726 245 802 aliquando
260 725 406 803 Pelagius,
424 744 456 784 se
473 726 637 803 apostolicis
655 716 777 785 decretis
792 746 888 805 parere
910 747 947 786 ex
968 729 1064 787 animo
1085 730 1216 806 fingens;
1238 728 1290 786 sed

95 824 189 885 fraude
203 825 320 883 detecta
333 823 529 882 Africanorum
545 823 700 900 praesulum
715 843 772 900 ope
787 824 916 901 pontifex
929 825 1078 901 epistolam
1090 823 1292 902 dogmaticam,

96 921 198 981 dictam
213 921 425 988 Tnscronrsrr,
440 921 546 987 emisit,
562 938 625 993 quse
639 921 746 994 ubique
760 940 875 980 summo
890 921 991 999 plausu
1005 935 1126 998 excepta
1138 933 1192 981 est.

131 1019 384 1085 nemausum,
400 1019 450 1091 qui
474 1018 560 1077 etiam
586 1018 786 1077 Massilienses
800 1018 868 1077 dicti
889 1028 967 1087 sunt,
984 1019 1123 1078 Massiliae
1143 1020 1174 1078 in
1189 1020 1293 1079 Galliis

98 1116 241 1192 precipue
261 1117 389 1193 viguere.
431 1110 599 1184 Cassianus,
621 1116 726 1189 aliique
747 1117 894 1175 sanctitate
916 1135 948 1174 ac
972 1115 1101 1174 doctrina
1124 1117 1295 1194 insignes‚a

98 1214 317 1292 Pelagiaourum
331 1214 442 1292 placitis
458 1233 516 1273 non
529 1215 598 1273 satis
611 1215 788 1279 recedentes,
803 1215 857 1273 hos
871 1215 901 1273 in
915 1233 1024 1273 errores
1039 1215 1208 1281 inciderunt,
1223 1217 1295 1287 quin

98 1322 189 1371 umen
218 1313 356 1388 pertinaci
380 1313 477 1370 animo
505 1329 555 1370 ecs
583 1313 835 1389 propugnaverint.
876 1312 1017 1370 Putabaut
1043 1311 1111 1369 fidei
1138 1322 1168 1370 et
1192 1311 1294 1370 saluus

98 1409 210 1468 initium
225 1428 292 1467 esse
306 1429 323 1467 a
337 1407 431 1478 nobis,
445 1409 536 1468 libero
550 1409 666 1481 arbitrio
680 1411 752 1467 bene
770 1410 931 1479 utentibus;
954 1421 983 1468 et
1001 1409 1120 1486 gratiam
1140 1409 1296 1482 unicuique

82 1506 86 1517 '
99 1506 184 1566 tribui
197 1507 244 1565 vel
258 1506 403 1584 denegari,
419 1517 503 1584 prout
516 1506 596 1565 Deus
621 1525 674 1566 uos
698 1524 733 1564 ea
755 1508 828 1565 bene
842 1508 888 1565 vel
909 1508 985 1566 male
1005 1525 1119 1574 usuros,
1132 1508 1158 1564 si
1173 1506 1296 1574 daretur,
1337 1536 1342 1547 ι

99 1603 238 1680 previdit.
279 1605 440 1680 Augustino
455 1602 548 1662 adhuc
562 1605 635 1662 inter
649 1604 741 1672 vivos,
756 1622 865 1663 errores
881 1605 910 1662 hi
932 1594 985 1662 orti
1006 1615 1083 1671 sunt,
1098 1623 1151 1662 nec
1172 1603 1297 1662 solemni

99 1700 276 1759 anathemate
291 1701 399 1760 confixi
422 1720 517 1775 usque
531 1700 567 1759 ad
581 1701 687 1760 Felicis
709 1702 751 1760 IV
766 1712 904 1779 tempora,
920 1704 969 1776 qni
983 1702 1145 1761 sententias
1159 1700 1298 1774 quasdam

98 1797 131 1859 tle
144 1799 236 1876 gratia
260 1798 296 1857 ad
310 1798 469 1859 (insanium
495 1799 703 1868 Arelatensem,
719 1800 750 1858 in
773 1798 888 1876 synodo
913 1800 1114 1867 Arauricana‚’¹
1127 1818 1202 1858 anno
1224 1803 1294 1867 529,

100 1896 320 1974 promulgandas
340 1897 507 1956 transmisit.
520 1906 522 1913 '

138 1996 429 2068 anuasrrusmur
444 2015 518 2069 anno
532 1996 644 2054 circiter
657 1999 726 2064 tua,
741 2015 779 2054 ex
793 1997 866 2055 male
882 1997 1030 2054 intellectis
1045 1996 1198 2072 Augustini
1215 1995 1297 2053 libris

102 2094 155 2151 orti
169 2103 253 2151 sont·
289 2091 417 2151 Lucidus
429 2095 581 2169 presbyter
595 2093 708 2161 Gallus,
724 2094 835 2152 dnobus
849 2090 991 2160 conciliis,
1008 2092 1167 2150 Arelatensi
1187 2092 1299 2150 scilicet

100 2198 128 2247 et
149 2188 348 2266 Lugdunensi.
373 2209 449 2247 anno
473 2193 544 2257 475,
565 2190 743 2267 jubentibus,
765 2190 820 2249 hos
841 2191 962 2269 ejuravit
984 2208 1094 2248 errores
1118 2194 1144 2247 l.
1170 2189 1297 2249 laborem

103 2286 235 2345 humanas
255 2285 424 2344 obedientia
445 2286 549 2344 divinae
573 2287 669 2363 gratim
693 2306 752 2346 non
777 2298 842 2345 esse
866 2286 1057 2366 jungendum.
1081 2291 1111 2345 2.
1128 2290 1193 2364 po'st
1212 2287 1298 2363 primi

101 2383 226 2453 hominis
240 2383 357 2459 lapsum
372 2394 409 2443 ex
424 2393 483 2442 toto
497 2384 642 2443 arbitrium
664 2385 816 2444 voluntatis
837 2387 1004 2445 extinctum.
1026 2391 1055 2444 8.
1071 2385 1148 2459 quod
1162 2385 1299 2443 Christus

101 2480 244 2541 Dominus
272 2481 403 2541 Salvator
423 2493 520 2541 noster
542 2495 663 2542 mortem
693 2503 751 2543 non
775 2503 829 2561 pro
852 2486 986 2544 omnium
1013 2485 1105 2543 salute
1130 2483 1299 2561 susceperit.

100 2583 126 2640 4.
148 2579 227 2654 quod
252 2581 431 2656 prescientia
455 2579 512 2639 Dei
533 2581 681 2640 hominem
704 2582 843 2641 violenter
863 2582 1016 2661 compellat
1037 2582 1073 2641 ad
1088 2593 1226 2650 mortem3
1249 2580 1295 2640 vel

100 2676 176 2751 quod
190 2675 248 2736 Dei
263 2688 379 2753 pereant
393 2678 546 2742 voluntate,
563 2679 612 2751 qui
626 2683 806 2755 pereunt.·5.
818 2680 899 2761 *quod
916 2689 981 2757 post
1002 2689 1149 2757 acceptum
1171 2680 1298 2756 legitime

100 2775 284 2854 baptismum,
297 2775 327 2833 in
341 2774 433 2834 Adam
445 2775 581 2834 moriatur
594 2777 769 2848 quicumque
783 2775 944 2849 deliquerit.
968 2781 996 2834 6.
1012 2777 1083 2834 alios
1097 2776 1247 2853 deputatos
1260 2776 1298 2834 ad

102 2884 234 2946 mortem,
248 2873 318 2932 alios
334 2873 368 2931 ad
383 2875 470 2931 vitam
482 2871 710 2954 predestinatos.

138 2971 323 3036 Nasconros,
349 2969 530 3036 Germanica,
554 2969 647 3046 Syriae
669 2969 818 3046 oppidulo,
843 2980 932 3038 ortus,
952 2971 1120 3038 monachus,
1136 2971 1296 3048 presbyter,

102 3067 225 3140 denique
261 3067 416 3143 episcopus
444 3066 791 3142 Constantinopolitanur,
823 3067 922 3124 evasit.
977 3068 1141 3125 Sanctitatis
1170 3067 1298 3144 speciem

104 3166 307 3244 prresetulerat,
322 3177 350 3224 et
372 3165 466 3223 studio
488 3166 517 3223 in
533 3165 682 3223 hereticos
706 3164 829 3242 flagrare,
843 3154 998 3232 videbatur,
1013 3167 1076 3243 ipse
1098 3178 1193 3223 umen
1208 3184 1299 3224 novos

104 3265 278 3344 excogitavit
291 3282 411 3323 errores.
452 3263 760 3323 Asserebathominam
774 3264 923 3325 Christum
934 3266 1021 3324 alium
1032 3284 1096 3322 esse
1107 3265 1141 3322 ab
1153 3265 1300 3342 unigenito

104 3365 209 3433 Verbo,
233 3363 309 3437 quod
331 3364 362 3421 in
388 3381 424 3421 ec
451 3372 597 3436 tamquam
624 3364 653 3421 in
682 3365 789 3440 templo
815 3364 956 3422 habitasse
983 3363 1104 3423 dicebat.
1146 3363 1297 3438 Virginem

105 3464 226 3523 Mariam
253 3462 359 3521 idcireo
385 3463 505 3537 negabat
529 3461 726 3539 appellandam
752 3463 913 3521 Durrnnsn
927 3473 1053 3528 armosos,
1076 3480 1181 3521 nomen
1196 3463 1299 3520 Matris

106 3560 378 3620 christinianum
399 3558 535 3616 tribuens.
578 3558 714 3617 Nestorio
737 3559 867 3617 haeresim
894 3560 1060 3636 praedicanti
1084 3560 1176 3635 palam
1198 3562 1301 3619 restitit

105 3656 248 3717 Eusebius
263 3662 411 3713 causarum
429 3667 574 3730 patronus.
616 3656 661 3714 Re
670 3656 704 3714 ad
715 3655 901 3714 celestinum
915 3657 1016 3724 delata,
1027 3658 1157 3732 synodus
1168 3658 1300 3717 Romana

106 3753 410 3820 anno.430habitaest‚
420 3753 835 3830 inquapootifaxanathemate
845 3753 1003 3814 feriendum
1013 3755 1182 3814 Nestorium
1192 3756 1297 3821 statuit,

104 3855 157 3912 nisi
168 3853 246 3912 intra
260 3851 359 3908 decem
373 3850 435 3908 dies
455 3870 472 3908 a
490 3850 703 3910 denuntiatione
712 3852 827 3916 decreti.
842 3871 952 3911 errores
963 3854 1103 3930 rejiceret.
1135 3854 1167 3911 S.
1183 3844 1298 3929 cyrillo

105 3948 299 4009 Alexandrino
321 3946 488 4005 demandata
515 3956 560 4005 est
585 3968 603 4006 a
624 3949 758 4024 pontifice
786 3950 934 4006 sententiae
957 3944 1090 4008 executio
1117 3951 1147 4007 in
1175 3947 1299 4007 concilio

105 4048 282 4108 neumenico
293 4046 405 4119 Ephesi
420 4064 487 4104 mox
502 4046 697 4104 convocando.
738 4048 822 4104 Auno
837 4051 893 4105 431
911 4048 1039 4106 habitum
1053 4059 1098 4106 est
1117 4046 1300 4123 Ephesinum

105 4133 270 4210 concilium,
285 4161 451 4217 erroresque
467 4143 595 4201 Nestorii
607 4144 692 4202 simul
704 4163 768 4202 curn
781 4145 846 4221 ipsc
857 4143 991 4203 damnati.
1035 4145 1167 4204 Studium
1178 4144 1299 4205 nimium
1311 4132 1317 4147 ’

104 4244 226 4309 loannis
241 4242 414 4302 Antiocheni
435 4236 609 4318 patriarchae,
626 4241 812 4310 Theodoreti,
834 4254 863 4300 et
888 4243 1008 4303 alioruin
1029 4262 1096 4320 erga
1121 4243 1300 4313 Nestorium,

103 4346 237 4419 quamvis
253 4343 315 4419 ejns
330 4352 440 4399 errores
453 4347 658 4406 aversarentur,
670 4339 767 4398 effecit
777 4350 809 4399 ut
823 4342 948 4418 patribus
960 4340 1130 4429 Ephesinis,
1145 4342 1302 4417 presertim

103 4441 229 4523 Cyrillo,
245 4439 429 4496 vehementer
442 4447 662 4495 succenserent:
685 4455 741 4513 pax
758 4447 851 4495 tamen
866 4456 941 4495 anno
954 4440 1015 4495 432
1029 4436 1104 4496 inter
1123 4454 1174 4499 eos
1188 4439 1302 4499 coaluit.

473 4615 510 4673 (1)
528 4613 606 4662 Ssrm.
618 4612 644 4662 ii.
654 4612 685 4662 de
696 4612 791 4663 Verbis.
803 4613 891 4679 Apost.

473 4704 511 4764 (2)
529 4700 561 4750 D’
574 4701 693 4764 Oranges.
