2798 5092
308 326 363 389 DE
385 327 582 389 ORDINUM
605 322 795 389 MATERIA
816 325 874 389 ΕΤ
895 323 1052 388 FORMA.
1240 333 1280 391 4³

570 1053 710 1115 CAPUT
731 1056 784 1116 VI.

273 1309 328 1360 nn
358 1308 564 1361 censuum
592 1309 801 1362 nanneno
828 1309 884 1361 sn
912 1278 1084 1362 sonna.

124 1537 166 1592 ⁷1.
189 1534 273 1594 Ritus
295 1555 353 1609 quo
373 1537 512 1597 ordinatio
526 1538 675 1599 conficitur
687 1533 815 1599 comerio
828 1537 952 1607 dicitur;
972 1539 1058 1598 verbs
1077 1535 1144 1597 sord
1158 1553 1222 1611 quae
1243 1553 1277 1594 ea

93 1633 228 1693 occasione
250 1633 430 1712 proferuntur
443 1633 552 1715 formu
575 1646 652 1696 suut.
693 1635 771 1697 Inter
794 1636 944 1714 theologos
969 1636 1142 1714 disceptatur
1155 1653 1218 1710 quae
1239 1633 1278 1692 sit

90 1731 193 1789 materia
207 1732 368 1791 essentialis
384 1732 544 1802 sacerdotii,
559 1733 689 1793 nonnulli
703 1735 781 1794 enim
802 1733 893 1793 solam
909 1752 1045 1794 manuum
1060 1732 1276 1812 impositionem

89 1835 176 1900 putant
189 1829 318 1901 requiri-;
339 1829 388 1887 alii
403 1829 656 1904 instrumentorum
671 1829 862 1898 traditionem,
877 1842 990 1908 patenae
1002 1831 1112 1890 scilicet
1124 1838 1154 1888 ct
1167 1827 1278 1895 calicis,

88 1924 207 1985 sufficere
232 1937 371 1995 cementa
393 1927 441 1985 alii
466 1935 616 2001 utramque
641 1929 833 1988 necessariam
859 1929 973 1989 habent.
1016 1928 1171 2006 Scriptores
1184 1926 1277 1986 solam

87 2041 210 2082 nanuum
226 2024 440 2100 impositionem
465 2034 634 2093 memorant,
648 2044 712 2099 qum
735 2046 751 2084 a
778 2026 889 2084 Gracia
905 2037 1013 2087 tontum
1027 2025 1188 2094 adhibetur,
1211 2034 1241 2083 et
1262 2043 1279 2082 e

86 2116 185 2178 Latinis
199 2120 281 2186 olim,
296 2121 404 2179 omissa
417 2121 671 2181 instrumentorum
686 2121 845 2189 traditione,
860 2120 985 2180 adhibita
1006 2121 1144 2180 noscitur.
1185 2118 1277 2197 Igitur

86 2234 113 2275 eo
124 2218 205 2282 nobis
221 2219 314 2277 verior
328 2218 439 2277 videtur
463 2218 614 2286 sententia,
629 2237 693 2293 qum
714 2219 966 2280 instrumentorum
987 2218 1169 2278 traditionem
1184 2215 1278 2294 adjec-

85 2324 133 2375 tam
147 2315 241 2384 tradit,
258 2327 427 2393 potestatem
442 2316 552 2377 ordinis
567 2316 729 2395 explicandi
750 2336 846 2386 causa,
867 2316 991 2392 ideoque
1016 2298 1132 2395 exlege
1154 2316 1215 2394 jem
1236 2333 1279 2374 re·

85 2418 161 2489 quiri,
176 2419 308 2491 quamvis
323 2417 493 2477 sacramenti
509 2417 587 2477 valor
599 2401 667 2481 inde
687 2435 746 2477 non
759 2416 891 2494 pendeat.
933 2417 1031 2484 Quum
1046 2434 1146 2477 manus
1166 2415 1212 2475 bis
1227 2414 1280 2473 im·

83 2527 226 2591 ponantur,
250 2516 341 2575 semel
359 2507 485 2589 'quidem
507 2515 542 2574 ab
563 2515 713 2592 episcopo,
734 2527 764 2572 et
784 2515 959 2592 presbyteris
988 2513 1175 2581 adstantibus,
1200 2510 1279 2571 nulla

83 2631 145 2671 vnce
174 2613 293 2690 prolata,
315 2613 417 2671 iterum
431 2612 467 2671 ab
491 2611 631 2689 episeopo
655 2611 718 2669 solo
742 2612 1078 2689 postcommunionem,
1103 2607 1171 2668 dum
1186 2607 1276 2667 dicit:

83 2711 221 2787 “Accipe
237 2709 375 2787 Spiritum
391 2710 550 2769 Sanctum:
574 2727 694 2782 quorum
710 2709 854 2767 remiseris
870 2717 998 2787 peceato,
1013 2707 1193 2767 remittuntur
1213 2706 1277 2772 cisa

83 2817 109 2867 et
131 2825 254 2881 qnorum
280 2806 439 2874 retinueris,
465 2813 572 2865 retenta
600 2804 709 2874 sunt;''
735 2816 764 2865 et
785 2824 873 2880 quum
896 2805 948 2865 fist
969 2823 1105 2863 manuum
1133 2801 1277 2869 extensio,

83 2902 213 2979 episeopo
227 2911 256 2960 et
270 2903 445 2979 presbyteris
460 2922 561 2963 monus
576 2901 707 2963 dexteras
728 2913 863 2963 extensas
888 2903 1062 2970 tenentibus,
1081 2900 1150 2959 dum
1165 2898 1278 2976 episco·
1300 2887 1302 2891 ἲ

83 3018 130 3076 pus
144 3000 236 3061 fundit
249 3001 405 3060 orationem
419 3013 484 3079 post
500 3003 620 3079 primam
643 3021 779 3061 manuum
793 3002 1010 3079 impositionem
1023 3021 1034 3070 ς
1054 3000 1191 3074 quaeritur
1202 3014 1276 3079 ,quse

83 3115 212 3158 manuum
233 3099 380 3176 impositio
405 3111 572 3177 potestatem
585 3099 738 3159 sacerdotii
763 3099 910 3159 conlocat·
943 3098 1039 3156 Nobis
1052 3096 1163 3173 videtur
1185 3095 1277 3173 prima

83 3214 211 3256 maurium
226 3197 374 3272 impositio
388 3216 454 3255 cum
471 3197 642 3256 extensione
663 3208 693 3256 at
717 3215 881 3274 preceque
900 3201 1059 3270 sequuntur
1072 3204 1159 3251 totam
1178 3208 1276 3249 essen·

82 3295 143 3355 dem
156 3295 349 3363 constituere;
372 3314 437 3355 nem
452 3295 522 3354 ritus
545 3295 593 3355 ille
612 3295 722 3373 integer
746 3295 888 3357 moraliter
907 3296 990 3354 unim
1005 3309 1140 3351 manuum
1156 3289 1276 3366 imposi-

83 3391 117 3449 tio
129 3392 249 3459 videtur,
265 3403 293 3449 et
319 3393 388 3450 satis
412 3393 546 3452 definitus
571 3403 615 3451 est
638 3412 675 3451 ex
692 3385 908 3471 adjunctim’ut
932 3389 1084 3451 sacerdotii
1104 3397 1275 3466 potestatem

82 3489 180 3548 indicet
191 3479 371 3566 ,et'couferat
413 3490 499 3559 Quod
513 3503 606 3574 autem
621 3491 651 3551 iu
666 3491 828 3551 Pontificali
841 3492 974 3551 Romano
985 3498 1121 3547 vocentur
1134 3485 1271 3562 deinceps

82 3587 235 3657 ordinandi,
249 3587 442 3649 ordinatorum
468 3591 584 3648 nominc
606 3587 683 3649 houd
707 3588 783 3657 dato,
798 3590 853 3649 nisi
879 3599 944 3667 post
958 3585 1059 3646 tradita
1071 3587 1271 3651 instrumente,

83 3685 231 3762 contigisse
253 3683 373 3752 videtur,
395 3684 472 3758 quod
493 3685 747 3745 instrumentorum
769 3685 918 3745 traditione
938 3683 1048 3761 adjecta
1062 3681 1097 3740 ed
1120 3680 1272 3740 sacerdotii

83 3801 179 3841 munus
193 3783 370 3860 praecipuum
392 3781 605 3859 explicandum,
627 3781 662 3843 ad
683 3783 873 3861 iutegritatem
888 3784 958 3842 ritus
971 3781 1141 3856 requiratur,
1155 3791 1184 3838 et
1206 3777 1272 3836 ideo

83 3879 193 3938 effeetus
215 3880 408 3957 impositionis
431 3899 567 3939 manuum
588 3898 746 3958 suspensus
775 3878 988 3955 quodammodo
1008 3879 1157 3945 habeatur,
1182 3874 1274 3933 donec

83 3980 168 4055 reipsa
183 3977 335 4037 tradantur.
379 3978 422 4038 Re
436 3989 531 4037 tamen
545 3997 612 4037 vera
626 3988 795 4057 potestatem
807 3978 958 4038 sacerdotii
972 3977 1021 4037 ille
1035 3991 1170 4035 manuum
1180 3973 1273 4050 impo-

83 4076 178 4134 sitione
192 4077 400 4137 communicari
416 4094 454 4134 ex
475 4075 598 4135 concilio
620 4075 840 4154 Carthaginensi
861 4074 1184 4151 Iunonigenaeque
1205 4087 1268 4129 eom

83 4173 206 4252 injungit,
216 4175 294 4234 nulls
303 4173 461 4232 traditionis
470 4175 734 4234 instrumentorum
746 4174 818 4234 lucto
828 4173 990 4233 mentione:
1012 4169 1198 4248 “Presbyter
1205 4186 1273 4228 cum

82 4270 225 4341 ordinatur,
248 4272 387 4348 episcopo
409 4290 474 4330 eum
496 4269 694 4339 benedicente,
715 4283 744 4330 et
764 4289 879 4330 manum
904 4288 989 4345 super
1014 4274 1100 4343 caput
1114 4265 1180 4343 ejus
1208 4275 1268 4323 teu·

81 4379 147 4436 ente,
161 4371 244 4429 etiam
258 4385 362 4426 omnes
373 4369 531 4444 presbyteri
546 4368 593 4440 qui
609 4378 763 4444 presentes
775 4377 852 4436 sunt,
866 4384 968 4425 manus
982 4381 1048 4422 suas
1059 4363 1143 4440 juxta
1152 4379 1270 4421 manum

83 4466 197 4544 episcopi
212 4484 306 4544 super
319 4477 403 4540 caput
416 4465 481 4542 ejus
496 4464 653 4523 teneant.''¹
696 4465 775 4524 ldens
798 4465 916 4524 habetur
930 4462 959 4520 in
980 4460 1053 4520 libro
1073 4457 1270 4519 sacramentali

521 4668 524 4673 .
607 4624 649 4691 (l)
670 4624 730 4691 Cep
742 4624 777 4676 iii.
