2798 5092
89 294 128 349 eo
444 292 501 353 nu
523 292 657 353 saeuo
680 248 916 352 omninum.

132 454 200 510 161.
227 448 295 529 Obj.
310 456 339 510 3.
362 452 520 529 Apostolus
543 453 599 510 sibi
622 453 710 511 licere
733 451 879 512 contendit
899 469 1019 511 uxorem
1034 470 1134 511 secum
1148 451 1238 510 etiam
1259 452 1291 510 in

92 550 181 607 sacris
194 549 379 607 missionibus
391 549 612 618 circumducere,
628 568 716 623 quum
731 550 879 628 Apostolis
891 550 1001 608 caeteris
1014 549 1044 607 id
1057 550 1088 607 iu
1096 566 1177 607 more
1190 561 1293 607 esset:

93 656 113 682 ‘⁶
130 645 281 719 Numquid
309 666 367 705 non
388 647 525 705 habemus
547 658 717 724 potestatem
735 647 885 706 mulierem
899 666 1026 706 sororem
1041 644 1297 714 circumducendi,

92 745 167 802 sicut
179 754 208 801 et
220 745 313 804 ceteri
325 745 503 820 Apostoli,et
513 745 612 803 fratres
625 745 754 812 Domini,
767 757 795 803 et
807 745 925 823 Cephae
935 745 983 802 l”²
999 744 1065 803 Hoc
1073 743 1108 802 de
1121 743 1293 801 mulieribus

94 840 160 917 piis,
183 839 217 897 de
232 859 284 898 sua
298 840 453 899 substantia
467 841 615 919 Apostolis
630 842 866 908 ministrantibus,
882 861 938 900 non
954 851 1049 918 potest
1062 839 1203 917 intelligi3
1227 858 1295 898 nam

94 954 228 1010 nspwysw,
245 938 471 1006 circumducere,
487 958 591 1016 nempe
606 940 636 997 in
651 940 811 1006 itineribus,
841 949 886 997 est
898 941 984 1015 longe
1005 938 1092 1005 aliud,
1107 956 1195 1011 quam
1210 948 1243 995 ut
1257 936 1295 997 dc

93 1037 245 1096 mulierum
257 1036 357 1093 harum
369 1034 472 1094 studiis
484 1035 621 1112 explicari
634 1038 735 1112 possit.
771 1037 899 1104 Accedit,
911 1035 989 1110 quod
999 1035 1109 1094 Paulus
1121 1034 1157 1093 de
1168 1034 1295 1112 publicis

93 1136 255 1212 sumptibus
278 1142 384 1192 tractat.
427 1134 524 1192 lunuit
544 1135 640 1210 igitur,
663 1135 717 1192 sibi
738 1146 902 1211 competere
918 1137 975 1212 jus¹
990 1133 1163 1212 postulandi,
1179 1144 1211 1192 ut
1232 1153 1294 1193 non

95 1244 202 1293 tantum
219 1236 293 1311 ipse,
308 1233 359 1291 sed
374 1233 459 1291 etiam
485 1251 568 1300 uxor,
584 1252 669 1305 quam
691 1233 795 1292 habere
817 1234 910 1310 possit
929 1235 1075 1301 comitem,
1090 1233 1125 1291 ab
1147 1232 1296 1309 Ecclesiis

95 1333 226 1391 aleretur.
268 1332 301 1389 Si
315 1350 384 1390 vero
396 1331 431 1388 ad
448 1331 518 1388 tales
540 1331 675 1389 mulieres
687 1319 882 1409 provocasset,
898 1351 962 1405 quae
977 1333 1039 1390 siue
1054 1340 1172 1408 sumptu
1187 1330 1296 1391 Eccle-

94 1430 212 1499 siarum,
228 1429 263 1488 de
278 1449 331 1488 suo
345 1430 494 1506 Apostolis
510 1440 538 1487 et
551 1429 683 1488 iratribus
697 1429 817 1488 Domini
830 1430 937 1491 uictum
951 1430 1194 1508 suppeditassent,
1207 1429 1295 1508 plane

93 1546 145 1585 sua
159 1546 245 1585 causa
258 1525 442 1585 cecidisset.”
484 1526 528 1584 Ita
542 1526 768 1590 Rosenmiiller?

134 1622 224 1700 Resp.
248 1623 314 1682 Vox
329 1623 378 1681 illa
391 1641 449 1681 non
464 1623 557 1680 obstat
570 1623 639 1696 quin
655 1623 812 1699 Apostolus
827 1622 862 1681 de
877 1624 912 1681 iis
928 1623 1095 1682 mulieribus
1104 1623 1184 1697 loqui
1194 1642 1296 1682 cense-

92 1731 163 1791 atur,
179 1739 242 1792 quae
257 1720 404 1795 religionis
419 1718 514 1777 studio
529 1719 685 1796 Apostolos
706 1720 818 1793 aliquos
839 1721 1058 1794 comitabantur,
1072 1739 1190 1798 opernm
1209 1739 1294 1781 suam

91 1818 148 1876 illis
164 1829 310 1885 navantes,
326 1829 385 1875 turn
401 1817 430 1875 in
455 1837 485 1875 re
499 1817 641 1886 iirmiliari,
668 1829 726 1876 tum
750 1819 779 1876 in
800 1817 955 1876 edocendis
970 1819 1106 1876 soeminis.
1149 1819 1293 1886 Quamvis

93 1915 194 1975 harum
209 1916 338 1988 quaedam
354 1915 389 1973 de
404 1934 456 1974 sua
469 1917 633 1974 substantia¹
649 1917 851 1984 ministrarent,
867 1915 928 1974 aliae
944 1935 1026 1975 suam
1048 1928 1157 1976 tautum
1171 1935 1292 1993 operam

93 2014 159 2074 dare
173 2025 312 2092 poterant,
327 2013 451 2088 ideoque
472 2027 604 2091 sumptus
628 2017 802 2091 augebantur
826 2034 923 2073 earum
939 2016 1102 2073 occasione.
1143 2014 1294 2088 Equidem

91 2114 269 2174 orientalium
292 2122 321 2170 et
343 2113 511 2171 Graecorum
528 2130 622 2170 mores
636 2112 780 2189 ejusmodi
801 2108 891 2179 erant}
908 2124 938 2170 ut
959 2113 1108 2189 Apostolis
1122 2131 1198 2189 opus
1214 2124 1294 2171 esset

94 2231 191 2271 earum
219 2212 389 2276 ministerio,
410 2223 440 2267 et
459 2229 567 2286 opera:
591 2229 647 2282 qua
669 2221 764 2268 tamen
779 2229 874 2268 carere
896 2211 986 2280 uoluit
1013 2211 1131 2278 Paulus,
1154 2228 1191 2269 ne
1213 2211 1296 2270 oneri

93 2315 194 2370 esset.a
236 2309 336 2368 “Non
359 2327 464 2365 uxores
487 2306 663 2366 demonstrat
684 2309 719 2366 ab
734 2310 881 2384 Apostolis
903 2309 1144 2386 circumductas,'’
1166 2310 1296 2369 animad-

94 2409 177 2468 vertit
191 2406 396 2472 Tertullianus,
419 2413 439 2440 “
449 2422 521 2477 quas
542 2415 572 2462 et
592 2406 642 2478 qui
667 2425 724 2464 non
740 2406 854 2472 habent,
877 2417 1046 2483 potestatem
1064 2419 1159 2467 tamen
1175 2409 1298 2469 mandu-

95 2502 179 2561 candi
193 2512 221 2560 et
236 2500 350 2559 bibendi
365 2501 488 2566 habeut;
511 2499 562 2557 sed
577 2501 747 2577 simpliciter
769 2502 913 2570 mulieres,
929 2521 993 2576 quae
1012 2503 1080 2573 illie,
1096 2504 1199 2563 eodem
1215 2506 1296 2565 insti·

96 2610 155 2658 tuto
170 2617 227 2672 quo
242 2608 270 2655 et
283 2597 441 2656 Dominum
457 2597 637 2665 comitantes,
652 2597 874 2656 ministrabant.⁴

137 2702 204 2756 162.
230 2694 295 2774 ooj.
313 2702 341 2753 4.
364 2694 472 2752 Saltem
498 2694 616 2753 Petrum
638 2712 759 2752 uxorem
784 2695 1011 2755 circumduxisse
1034 2708 1155 2766 oonsmt,
1170 2697 1244 2759 adeo
1265 2709 1296 2759 ut

96 2797 159 2872 ejus
173 2795 320 2853 coelibatus
335 2804 401 2871 post
414 2794 592 2852 vocationem
608 2793 642 2852 ad
664 2794 854 2870 apostolatum
867 2796 954 2872 gratis
969 2797 1101 2873 fingatur,
1116 2792 1296 2859 imo-contra

94 2894 176 2957 Pauli
191 2894 396 2952 testimonium.
439 2903 459 2929 ‘⁶
473 2891 592 2960 Petrus,
607 2903 639 2950 ut
659 2892 798 2951 Clemens
821 2894 1032 2954 Alexandrinus
1053 2896 1073 2954 l.
1090 2897 1139 2954 vii.
1155 2916 1193 2956 ex
1208 2900 1294 2977 tradi·

95 2994 171 3051 tione
185 2991 279 3060 refert,
295 2979 414 3049 uxorem
429 3009 510 3050 suam
526 2992 660 3050 comitem
676 2991 774 3049 habuit
787 2992 932 3060 itinerum,
947 3013 1011 3067 quae
1026 3005 1055 3051 et
1068 3012 1165 3053 coram
1181 2997 1249 3075 ipso
1261 3000 1296 3060 ad

94 3099 214 3150 mortem
230 3088 314 3147 ducta
327 3088 402 3146 est.'’
446 3089 489 3147 ita
504 3089 736 3148 Rosenmiiller.⁵

132 3187 222 3266 Resp.
245 3188 289 3247 De
305 3187 408 3264 Cepha
421 3187 471 3260 qui
486 3186 561 3263 apud
577 3185 743 3244 Corinthios
758 3206 838 3245 suam
854 3206 971 3264 operam
987 3189 1054 3248 iidei
1075 3189 1227 3267 diffusioni
1248 3216 1295 3255 na·

94 3286 179 3352 ravit,
194 3305 251 3344 non
266 3293 343 3342 certo
358 3293 478 3350 constat,
493 3294 559 3339 suut
581 3283 658 3339 enim
674 3283 722 3355 qui
740 3302 806 3342 eum
818 3303 835 3340 a
848 3284 935 3343 Petro
949 3295 1048 3361 putant
1060 3286 1294 3351 discernendum.

95 3383 239 3442 Caeterum
266 3393 395 3440 nostrum
421 3399 478 3438 non
492 3380 620 3445 interest,
643 3399 710 3439 nam
732 3379 767 3438 de
780 3400 878 3440 sorore
893 3382 952 3458 agit
965 3383 1141 3460 Apostolus,
1157 3387 1245 3458 haud,
1260 3388 1295 3449 de

93 3501 192 3540 uxore.
236 3477 511 3555 Petrumhabuisse
535 3496 655 3538 uxorem
676 3496 715 3536 ex
740 3478 902 3556 Evangelio
930 3481 1030 3554 liquet,
1045 3481 1098 3541 sed
1117 3502 1182 3543 eam
1204 3487 1294 3547 fuisse

129 3640 172 3706 (l)
196 3642 206 3686 l
222 3637 281 3688 Cor.
292 3637 327 3687 ir.
339 3641 364 3688 5.

131 3726 175 3792 (2)
193 3724 223 3774 ln
232 3724 279 3774 loc.

127 3813 170 3879 (³)
190 3817 205 3842 “
217 3809 246 3859 In
258 3809 300 3858 the
311 3819 406 3859 eastern
423 3808 554 3868 countries,
566 3808 602 3859 for
619 3807 661 3859 the
678 3824 765 3858 reason
782 3808 932 3868 mentioued,
944 3810 1015 3860 Rom.
1026 3810 1076 3860 xri.
1088 3809 1105 3861 i.
1116 3819 1174 3862 note
1184 3816 1210 3875 3,
1221 3815 1297 3867 when

91 3902 178 3966 psople
189 3898 218 3948 oi
226 3897 351 3947 condition
362 3897 485 3957 travelled,
496 3896 555 3961 they
566 3896 645 3946 either
655 3897 743 3959 lodged
755 3895 815 3947 with
826 3896 889 3948 their
906 3898 1091 3962 acquaintance,
1103 3915 1130 3948 or
1146 3901 1240 3952 carried
1251 3919 1299 3953 sen

93 3997 165 4039 rents
175 3986 237 4037 with
248 3984 324 4043 them,
335 3984 391 4033 who
398 3983 514 4048 provided
525 3983 587 4034 such
596 3985 681 4048 things
692 4002 719 4034 as
730 4001 795 4034 were
804 4000 932 4049 necessary
942 3991 967 4035 to
979 3985 1041 4034 their
1052 3987 1263 4040 accommodatiori
1271 3991 1297 4041 in

92 4076 133 4124 the
144 4075 227 4140 publio
239 4071 446 4135 lodginghouses.
480 4071 509 4120 In
522 4071 563 4121 the
575 4072 674 4122 Gentile
690 4073 822 4133 countries,
832 4071 914 4121 where
925 4072 967 4122 the
977 4073 1083 4136 spoatles
1093 4074 1223 4139 preached,
1239 4079 1297 4144 they

93 4159 142 4210 had
153 4177 186 4210 nc
198 4159 386 4224 acquaintances
406 4175 433 4209 or
455 4157 547 4207 friends
567 4159 627 4209 with
639 4159 721 4208 whom
733 4159 792 4223 they
803 4158 876 4209 could
895 4157 980 4220 lodge;
998 4158 1047 4208 and
1058 4160 1176 4211 therefore
1185 4180 1255 4214 some
1273 4165 1301 4215 ol

94 4246 169 4307 theim
180 4247 336 4311 particularly
348 4245 389 4296 the
400 4245 512 4295 brethren
525 4245 554 4293 of
561 4244 603 4295 the
613 4244 679 4297 Lord
690 4237 739 4296 aud
756 4243 834 4306 Peter,
849 4246 927 4297 found
938 4248 957 4299 it
968 4263 1097 4312 necessary
1109 4257 1134 4298 to
1143 4265 1212 4315 carry
1226 4253 1300 4303 about

93 4333 155 4384 with
165 4333 232 4383 thern
244 4351 258 4382 a
269 4332 328 4402 wife
348 4335 471 4399 (woman)
483 4340 508 4382 to
516 4334 587 4383 make
597 4334 722 4400 prorisicn
733 4333 770 4383 for
781 4334 848 4384 thern
857 4344 883 4385 at
893 4335 934 4384 the
946 4351 1053 4401 expense
1064 4336 1093 4385 of
1100 4337 1170 4386 those
1177 4347 1204 4387 to
1214 4339 1296 4390 whom

94 4419 153 4483 they
164 4416 306 4482 preached.'’
340 4417 495 4480 Mackuight.

131 4502 175 4569 (4)
194 4500 233 4551 De
240 4517 339 4564 monog.
351 4503 431 4552 cviii.

133 4588 176 4654 (ὅ)
195 4583 227 4637 ln
241 4588 263 4635 1.
274 4585 305 4635 sd
318 4585 375 4636 Gor.
388 4587 421 4636 ix.
433 4589 458 4636 5.
