2798 5092
436 366 492 425 nn
514 364 658 426 curru
680 364 953 427 snuoronunr.
1236 352 1296 427 irs

93 521 208 584 clusine
221 525 321 599 utique
346 525 521 602 intelligitur,
537 523 618 583 Deus
640 525 717 584 enim
744 523 904 583 adorandus
925 534 978 593 est,
993 526 1078 600 eique
1092 525 1147 585 soli
1168 527 1295 586 servien-

92 620 176 690 dum,
192 641 307 680 summo
322 622 398 680 cultu
413 633 442 680 et
456 622 607 695 obsequio.

137 723 185 778 86.
206 717 273 798 obj.
285 725 315 777 4.
326 719 499 796 Prophetica
510 727 554 776 est
565 719 698 777 monitio²
708 719 858 777 universos
868 729 1001 796 spectans
1014 720 1194 787 christianos,
1207 729 1296 779 “oum

94 831 135 874 ex
147 815 212 874 loon
226 815 294 874 huie
308 816 424 892 gemino
439 815 547 891 (Apoe.
562 813 634 873 xxii.
649 813 680 894 9)
697 815 879 875 manifestum
894 816 940 883 sit,
967 816 1060 893 angeli
1072 817 1294 894 prohibitionem

96 911 132 970 ad
147 932 247 972 omnes
262 914 419 971 universim
434 912 605 971 christianes
620 911 829 973 extendendam
843 913 955 973 esse.”⁹

138 1008 226 1088 Resp.
250 1011 376 1068 Monitio
390 1010 532 1069 Joannem
547 1011 694 1087 respexit:
716 1028 748 1068 se
770 1022 865 1071 autem
887 1012 1037 1088 profitetur
1050 1015 1167 1091 angelus
1182 1036 1296 1076 conser-

98 1123 165 1165 vum
180 1126 277 1166 eorum
293 1108 342 1179 qui
357 1119 471 1164 servant
483 1105 662 1165 verbaillius
676 1096 752 1166 libri.
795 1107 880 1166 Nihil
895 1107 972 1176 inde,
987 1127 1076 1182 quum
1091 1122 1202 1170 constet
1216 1114 1250 1172 de
1266 1134 1296 1173 re

99 1202 176 1264 linita
189 1206 244 1281 agi,
260 1225 277 1263 a
293 1224 350 1278 qna
367 1223 403 1263 ex
418 1204 577 1264 humilitate
593 1205 738 1263 abstinuit.
781 1204 927 1265 Caeterum
941 1207 996 1264 etsi
1006 1226 1072 1265 eum
1084 1211 1217 1269 omnibus
1227 1212 1296 1272 fide·

100 1299 183 1371 libus,
199 1301 319 1361 Christo
333 1302 470 1360 inserviat
490 1301 576 1359 etiam
591 1302 722 1379 angelus,
744 1299 867 1376 ideoque
881 1303 953 1362 ratio
967 1303 1169 1380 prohibitionis
1185 1308 1238 1366 hae
1259 1329 1297 1368 ex

105 1410 176 1473 perte
197 1399 300 1466 subsit,
327 1418 384 1458 non
412 1410 505 1457 tamen
528 1398 600 1458 adeo
620 1399 705 1468 valet,
731 1400 837 1476 potiori
855 1401 932 1459 enim
955 1402 1063 1459 ratione
1077 1413 1122 1459 est
1141 1420 1297 1461 conservus

108 1493 300 1571 Apostolorum
314 1506 343 1554 et
357 1495 571 1573 prophetarum.
613 1495 671 1562 Qui
686 1476 882 1573 propheticam
906 1497 1093 1557 monitionem
1112 1510 1141 1556 et
1154 1499 1294 1558 cautelam

111 1601 195 1650 contre
207 1609 420 1665 quemcumque
441 1590 607 1667 angelorum
622 1591 730 1651 cultum
744 1591 801 1651 sibi
821 1592 935 1669 fingunt
948 1593 977 1650 in
999 1593 1064 1650 loeo
1078 1593 1190 1670 objecto
1215 1612 1296 1670 repe-

113 1685 182 1755 risse,
195 1686 299 1746 dehent
313 1698 421 1745 certum
437 1687 563 1764 preferre
577 1685 783 1746 documentum
798 1706 855 1761 quo
870 1688 934 1746 aliis
948 1686 977 1745 id
992 1686 1139 1746 suadeant.

145 1786 187 1842 87.
211 1781 280 1862 obj.
295 1789 323 1841 5.
348 1783 428 1841 Deus
454 1802 505 1860 per
526 1783 705 1860 prophetam
720 1782 809 1842 dicit:
832 1783 997 1842 “Gloriam
1022 1803 1114 1843 meam
1138 1785 1218 1843 alteri
1231 1805 1297 1868 ‘non

112 1875 216 1937 dabo.'’³
254 1881 412 1958 Apostolus
427 1880 547 1939 clamat:
572 1878 592 1916 ‘³
602 1878 665 1939 Soli
680 1878 744 1938 Deo
758 1881 852 1939 honor
866 1890 895 1938 et
907 1880 1045 1957 gloria.’'⁴

147 1975 224 2058 Resp.
249 1979 350 2039 Gloria
376 1979 482 2046 divina,
497 1977 591 2036 honor
604 1977 715 2035 scilicet
739 1996 881 2046 summus,
896 1977 956 2036 dari
982 1981 1082 2052 nequit
1095 1979 1181 2038 alicui
1196 1992 1298 2056 praeter

116 2071 211 2136 Deum:
233 2077 287 2136 sed
301 2078 393 2136 honor
407 2077 456 2150 qni
471 2087 587 2153 propter
602 2075 697 2135 Deum
712 2076 818 2134 sanctie
830 2076 961 2135 tribuitur
971 2077 1057 2155 longe
1069 2077 1189 2136 inferior
1203 2089 1257 2146 est,
1270 2091 1299 2139 et

116 2169 145 2227 ad
156 2171 241 2233 Deum
257 2173 407 2240 redundat.
449 2172 530 2231 Sicut
545 2171 625 2230 Deus
639 2172 775 2250 diligitur,
791 2172 859 2231 dnm
873 2172 996 2233 fraterna
1011 2184 1126 2252 propter
1139 2175 1236 2251 ipsum
1249 2165 1306 2235 ex?

119 2279 211 2329 arcetur
225 2271 351 2340 dilectio,
369 2271 408 2328 ita
422 2279 452 2326 et
465 2269 629 2337 honoratur,
645 2267 713 2327 dum
728 2268 903 2328 honorantur
924 2270 988 2347 ojus
1002 2269 1111 2328 famuli.
1153 2269 1298 2330 Ceterum

115 2376 179 2424 rates
191 2369 315 2442 loquitur
328 2367 364 2425 de
387 2366 582 2425 moderatione
597 2384 654 2438 qua
678 2365 774 2424 divina
792 2366 904 2443 justitia
928 2367 958 2426 in
981 2366 1116 2426 Israelem
1138 2380 1296 2436 exercetur,

116 2475 147 2517 11³
162 2467 247 2542 gentis
276 2465 421 2523 excidium
436 2463 486 2521 det
509 2463 573 2521 aliis
596 2464 779 2524 occasionem
797 2446 1039 2541 blasphemandi:
1063 2465 1217 2542 “Propter
1239 2483 1297 2531 me,

118 2571 214 2637 propter
237 2580 285 2623 me
314 2562 427 2630 saciam,
443 2569 475 2620 ut
502 2580 561 2620 non
589 2561 790 2638 blasphemer:
811 2571 841 2620 ot
867 2562 988 2638 gloriam
1013 2581 1106 2621 meam
1135 2564 1216 2622 alteri
1242 2580 1299 2623 non

119 2649 205 2717 dhh0,”

109 2769 112 2775 ·
150 2752 190 2812 38.
206 2752 274 2833 obj.
291 2757 319 2812 6.
341 2752 522 2829 Augustinus
545 2752 601 2811 ait:
625 2751 727 2810 “Non
753 2752 792 2809 sit
818 2753 902 2809 nobis
917 2752 1018 2828 religio
1034 2753 1126 2811 enltns
1149 2754 1299 2813 hominurn

119 2860 285 2919 mortuorum,
301 2850 369 2924 quia
382 2850 409 2908 si
423 2850 469 2927 pie
483 2850 616 2908 viserunt
626 2867 685 2907 non
697 2848 739 2906 sie
750 2848 889 2907 habentur
903 2860 933 2905 nt
946 2849 1014 2907 tales
1026 2850 1298 2923 queranthoneres,

121 2944 161 3002 sed
172 2947 246 3008 illum
263 2969 280 3007 a
294 2948 378 3006 nobis
392 2947 448 3006 coli
465 2947 574 3015 volunt,
591 2965 648 3020 quo
660 2946 849 3014 illuminante,
861 2945 994 3005 laetantur
1004 2948 1097 3006 meriti
1109 2948 1155 3006 sui
1167 2967 1220 3007 nos
1235 2966 1299 3006 esse

120 3047 296 3107 mnsnrtes.’'⁵
382 3090 385 3095 .

150 3141 228 3224 Resp.
250 3147 298 3224 Eo
312 3144 369 3203 loni
380 3144 489 3204 cultum
499 3162 667 3221 supremum
683 3142 824 3221 intelligit,
840 3154 1015 3225 quapropter
1025 3142 1193 3219 subjungit:
1217 3155 1235 3180 ⁸⁶
1249 3145 1298 3202 hn-

122 3244 220 3303 amandi
233 3244 319 3323 igitur
333 3254 400 3301 sunt
412 3254 527 3319 propter
538 3242 736 3309 imitationem,
752 3260 810 3299 non
823 3240 958 3299 adorandi
970 3250 1085 3318 propter
1097 3241 1296 3318 religionem.''

123 3332 231 3401 Mentem
245 3361 326 3400 suam
342 3341 446 3399 elarius
462 3340 595 3417 explicat,
610 3340 739 3398 scribens
754 3349 852 3397 eontra
866 3339 1025 3397 Faustum:
1050 3348 1069 3375 ‘⁴
1083 3339 1215 3398 Colimus
1230 3358 1299 3417 ergo

122 3444 239 3513 mutyres
263 3456 300 3497 eo
322 3437 401 3495 cultu
427 3436 588 3495 dilectionis
614 3447 642 3494 et
666 3436 821 3519 societatis,
843 3453 900 3508 qun
919 3443 948 3493 et
967 3435 998 3493 in
1019 3435 1145 3493 haesita
1169 3435 1299 3494 coluntur

122 3534 195 3593 suet
213 3536 345 3595 homiues
369 3534 436 3603 Dei,
458 3554 578 3607 qnorum
603 3553 652 3593 cor
674 3534 707 3591 ad
724 3534 809 3592 talem
831 3551 882 3610 pro
907 3533 1084 3610 Evangeliea
1106 3534 1221 3592 veritate
1237 3554 1300 3611 pas-

122 3625 214 3691 tionem
227 3643 356 3710 paratum
366 3648 432 3689 esse
446 3633 598 3697 sentimus.
639 3630 697 3689 Sed
714 3631 778 3689 illos
793 3629 924 3688 devotius
954 3644 1060 3704 quanto
1082 3632 1212 3696 securius
1236 3645 1301 3709 post

121 3730 254 3788 tentamina
267 3743 409 3807 superata,
425 3741 531 3801 quanto
545 3731 630 3787 etiam
646 3727 795 3786 fidentiore
816 3725 897 3784 laude
912 3725 1101 3803 predicamus
1120 3729 1181 3806 jam
1197 3731 1227 3788 in
1244 3730 1300 3785 vita

102 3879 104 3882 .
123 3812 229 3884 feliciore
243 3829 375 3894 victores,
390 3825 517 3898 quentin
533 3826 587 3883 ista
601 3825 693 3884 adhue
706 3843 797 3898 usqne
811 3835 981 3900 pugnantes.
1023 3825 1061 3882 At
1071 3844 1137 3885 vern
1150 3826 1199 3884 illo
1210 3825 1298 3892 cultu,

123 3918 163 3985 (lli
174 3921 267 3983 Graece
276 3924 390 3989 ,Lotrin
401 3923 512 3991 dieitur,
529 3924 629 3982 Latine
643 3943 702 3983 uno
716 3925 803 3982 verbo
818 3921 875 3979 dici
896 3940 954 3980 nnn
969 3934 1073 3999 potest,
1089 3944 1154 3983 cnm
1171 3926 1208 3982 sit
1222 3943 1299 3995 qnae·

123 4007 174 4075 dtur
186 4022 295 4100 proprie
307 4021 448 4079 divinitati
459 4020 553 4078 debita
564 4022 695 4089 servitus,
708 4039 761 4078 nec
773 4019 905 4084 colimus,
918 4037 971 4077 nee
984 4020 1135 4079 colendum
1150 4021 1298 4085 docemus,

123 4109 170 4171 nisi
181 4132 263 4180 uuum
279 4121 385 4180 Deum.
427 4119 503 4178 Cum
519 4130 614 4180 sutem
629 4119 663 4178 ad
679 4119 756 4177 huno
770 4117 878 4177 cultum
892 4117 1033 4194 pertineat
1047 4118 1152 4176 oblatio
1166 4118 1301 4178 sacrificii

332 4308 480 4360 Bloomfield
488 4309 515 4358 in
524 4309 568 4359 loe.
581 4317 636 4374 post
653 4308 799 4360 Newoomb.

335 4395 424 4445 Bullus
441 4394 495 4444 loeo
506 4394 547 4444 cit.

265 4313 281 4382 ⁴(

270 4398 282 4462 (

271 4483 283 4547 (

272 4570 283 4634 (

285 4312 312 4378 1)

284 4399 314 4461 2)

285 4485 315 4548 3)
335 4480 404 4530 Isaiae
416 4479 494 4530 xlviii.
508 4480 547 4529 ll.

286 4569 316 4634 4)
339 4570 350 4614 1
364 4566 431 4616 Tim.
443 4565 460 4615 i.
475 4568 513 4614 17.

278 4656 322 4722 (5)
342 4653 373 4704 L.
385 4653 415 4703 de
425 4669 484 4703 rere
494 4653 547 4703 ilel¹
562 4670 584 4703 e.
597 4653 638 4703 55.
650 4650 711 4702 elias
722 4666 748 4701 n.
760 4652 816 4700 108.
827 4649 872 4700 eol
885 4649 943 4698 786.
954 4654 971 4700 t.
985 4646 997 4698 l
1009 4647 1047 4701 ed.
1059 4649 1124 4700 Ven.
