2798 5092
596 367 822 429 APPENDIX.
1249 372 1309 432 331

144 529 286 587 Scnrsam
299 529 489 596 Cambonum,
505 527 580 603 quod
595 528 627 586 in
642 528 725 587 VIII.
742 528 874 587 Concilio
895 529 1089 588 OEcumenico
1111 530 1303 609 compositum

103 626 209 695 fuerat,
225 644 242 684 e
258 627 402 685 cineribus
416 625 572 684 rsdIvivnm
589 626 721 703 apparuit
734 645 808 703 anno
825 630 910 693 1053,
927 626 1072 685 Michaele
1086 627 1245 697 Catulario,
1260 646 1309 706 pe·

103 723 233 782 triarcha
248 723 578 800 Constantinopolitano,
593 723 711 782 Latinos
733 724 767 782 de
790 723 959 797 quibusdam
981 724 1140 801 disciplmae
1155 724 1306 803 capitibus,

103 818 303 898 etdeadjecta
313 821 454 898 Symbolo
464 820 610 897 particula,
624 820 802 894 “filioque''
816 821 1012 879 vehementius
1024 834 1169 898 arguente.
1192 823 1309 882 Frustra

107 918 255 979 Romanae
277 919 416 978 Ecclesia
437 919 631 978 auctoritatem
646 918 754 977 erudita
769 939 801 976 ac
816 919 880 978 sorti
895 920 1016 996 epistola
1036 920 1145 978 studuit
1158 921 1305 981 vindicare

101 1016 172 1076 Leo
188 1018 258 1085 IX„
274 1017 391 1091 viasque
406 1019 484 1094 pacis
498 1017 682 1077 conciliandae
698 1019 823 1076 tentavit.
865 1018 1034 1076 Pontificius
1049 1019 1173 1096 Legatos
1188 1020 1304 1078 anathe-

104 1125 189 1173 mate
202 1115 288 1173 scrire
306 1133 391 1173 ausus
406 1126 450 1173 est
463 1115 600 1182 Michael,
616 1117 768 1191 ipsumque
790 1115 932 1191 pontificis
948 1133 1053 1173 nomen
1067 1135 1083 1174 e
1098 1115 1244 1193 dyptichis
1259 1115 1306 1174 de·

100 1206 181 1274 lere,
198 1217 228 1264 et
249 1208 376 1273 schisma
396 1210 509 1285 penitus
532 1208 666 1275 conflare,
681 1208 757 1284 quod
779 1218 874 1266 tamen
896 1227 953 1267 non
974 1209 1068 1267 statim
1091 1208 1225 1267 effectum
1248 1218 1303 1266 est·

100 1302 284 1362 duodecimo
298 1304 375 1362 enim
387 1304 492 1364 seculo
505 1305 622 1363 Grecos
638 1305 789 1381 plerosque
804 1304 943 1363 Ecclesia
955 1304 1092 1364 Romana
1103 1305 1305 1365 communione

102 1401 282 1477 conjunctos
297 1400 385 1460 fuisse
400 1401 579 1478 expluribus
594 1402 771 1460 documentis
787 1402 934 1460 evincitur.

150 1499 355 1568 Roscnurnns,
371 1499 624 1592 compendiensis,
640 1500 823 1567 Dialecticus,
840 1501 960 1558 asseruit
974 1499 1003 1559 in
1018 1500 1081 1558 Deo
1096 1511 1152 1558 tres
1168 1519 1305 1578 personas

104 1616 179 1657 esse
193 1607 251 1655 tres
266 1615 312 1656 res
327 1598 361 1655 ab
376 1598 500 1657 invicem
516 1609 669 1675 separatas,
685 1598 758 1656 sicut
771 1610 838 1656 sunt
853 1608 910 1655 tres
925 1598 1033 1675 ange113
1046 1599 1084 1656 ita
1096 1606 1190 1657 tamen
1203 1609 1237 1656 ut
1249 1618 1306 1657 una

108 1698 152 1757 sit
167 1697 299 1755 voluntas
314 1709 343 1754 et
356 1709 492 1773 potestas,
507 1708 536 1755 et
555 1709 611 1755 tres
633 1696 712 1755 Deos
727 1714 792 1754 vere
815 1714 901 1772 posse
916 1696 982 1762 dici,
998 1697 1022 1754 si
1044 1715 1112 1755 usus
1134 1697 1301 1756 admitteret.

87 1789 185 1869 'Ejus
200 1810 279 1851 error
296 1792 327 1851 in
338 1793 460 1851 concilio
475 1793 678 1851 suessionensi
692 1791 840 1850 damnatus
855 1804 898 1850 est
912 1812 986 1851 anno
1005 1797 1090 1852 1092.

593 1987 664 2046 XII.
684 1988 824 2046 Securo.

152 2146 314 2214 Boanum,
337 2166 411 2206 anno
440 2152 526 2216 1118,
549 2159 720 2205 renovarunt
735 2147 763 2205 in
780 2146 897 2235 Oriente
922 2146 1149 2206 Manichaeorum
1166 2156 1308 2226 portenta,

102 2245 223 2306 Basilio
239 2246 357 2306 Medico
374 2232 456 2306 duce.
479 2247 661 2316 Psalterium,
673 2245 819 2304 sexdecim
835 2246 1004 2323 Prophetas,
1016 2250 1035 2303 4
1047 2246 1214 2323 Evangelia,
1227 2257 1307 2304 actus

102 2343 330 2429 Apostolorum,
340 2345 476 2422 epistolas
488 2357 516 2403 et
527 2344 733 2429 Apocalypsin
747 2344 930 2421 recipiebant,
942 2343 1050 2401 caeteris
1064 2344 1216 2420 Scriptura
1228 2342 1308 2402 libris

102 2441 237 2519 rejectis.
281 2441 355 2499 Tres
378 2442 527 2500 Trinitatis
548 2459 685 2518 personas
710 2441 825 2499 nomme
844 2450 927 2498 tenus
947 2439 1140 2508 admittebant,
1162 2439 1241 2498 Patri
1261 2439 1309 2497 tri·

102 2538 234 2623 buentes
249 2556 415 2616 corpoream
430 2539 561 2606 sormam,
576 2538 683 2597 Filium
697 2537 764 2596 verb
779 2550 808 2596 et
821 2538 960 2616 Spiritum
976 2538 1112 2598 Sanctum
1126 2537 1256 2595 dicentes
1270 2554 1309 2594 ex

96 2633 186 2696 illius
212 2636 321 2694 cerebri
345 2637 420 2695 binis
438 2635 609 2713 panniculis,
635 2648 779 2710 tamquam
804 2634 908 2702 radios,
931 2655 1054 2694 manare.
1096 2635 1141 2693 De
1168 2625 1309 2702 daemone,

101 2752 201 2810 quem
218 2725 395 2793 Satanaelem
412 2735 559 2803 vocabant,
573 2733 681 2791 insulsa
695 2732 848 2792 tradebant.
870 2731 1032 2808 Imaginum
1046 2751 1079 2789 ac
1093 2733 1184 2789 crucis
1200 2733 1312 2808 rejicie-

97 2829 179 2892 bant
193 2830 303 2889 cultnm
317 2831 482 2890 idololatrias
497 2849 563 2888 eum
577 2829 784 2888 insimulantes.
818 2828 998 2904 Baptismum
1013 2847 1093 2901 aquae
1107 2827 1229 2886 loannis
1244 2845 1310 2886 esse

95 2928 253 2996 dicebaut,
267 2927 377 2986 Christi
391 2939 484 2987 autem
499 2927 647 3014 Baptisma
660 2925 787 2985 conferre
800 2944 831 2982 se
846 2924 924 2984 solos
941 2925 1084 3002 jactabant
1098 2924 1236 3003 singulari
1252 2924 1309 2984 hoc

96 3029 165 3087 ritu
179 3045 188 3084 r
212 3035 316 3084 statuto
330 3025 365 3083 ad
379 3026 600 3095 consessionem,
614 3025 833 3098 continuamque
855 3024 1046 3101 precationem
1067 3035 1206 3101 tempore,
1224 3021 1311 3083 Joan·

98 3127 154 3186 nis
184 3124 377 3202 Evangelium
404 3125 489 3202 capiti
517 3124 749 3202 baptizandorum
778 3123 972 3199 imponebant,
999 3121 1137 3198 Spiritum
1167 3121 1306 3181 Sanctum

98 3241 200 3302 suum
217 3220 396 3288 invocabant,
412 3233 440 3279 et
453 3222 591 3280 canebant
604 3219 697 3280 Pater
710 3227 820 3280 noster.
843 3218 1053 3279 Eucharistiam
1068 3218 1182 3295 penitus
1197 3218 1310 3295 rejicie-

94 3320 190 3390 bant,
205 3319 289 3396 panis
303 3319 369 3379 loco
383 3320 539 3382 orati0ncm
555 3319 736 3382 Dominicam
759 3321 907 3388 hebentes,
927 3319 1007 3377 calici
1028 3332 1123 3377 autem
1140 3317 1309 3375 'I'estamen-

94 3427 169 3482 tum
201 3418 426 3486 substituentem
454 3437 555 3477 omnes
577 3417 712 3495 precandi
740 3418 886 3487 formulas,
916 3417 977 3476 sola
1000 3416 1156 3477 Dominica
1183 3415 1310 3474 oratione

99 3527 247 3595 excepta,
271 3515 457 3578 damnabant:
488 3518 690 3576 continentiam
718 3519 850 3576 omnibus
874 3516 1065 3575 necessariam
1093 3515 1307 3593 predicabant3

98 3615 244 3686 aliosque
260 3613 424 3672 innumeros
439 3615 587 3673 tuebantur
602 3618 737 3671 errores²
867 3692 870 3697 Ι
1300 3666 1311 3673 .

148 3711 389 3779 ΤΑΝοιιΕιιΝυε,
405 3730 479 3770 anno
494 3712 704 3779 circitcr1109,
718 3711 884 3788 Antuerpiae
897 3711 1028 3770 haeresim
1043 3711 1220 3789 propagavit,
1233 3709 1307 3786 epis·

96 3825 253 3887 coporum
266 3816 295 3863 et
319 3806 497 3865 sacerdotum
512 3807 700 3866 mInisterium
716 3808 799 3865 inane
811 3826 875 3865 esse
890 3807 1006 3875 docens,
1024 3827 1188 3886 negansque
1205 3823 1308 3882 corpus

96 3918 134 3968 et
150 3905 326 3981 sanguinem
342 3903 452 3962 Christi
467 3904 502 3963 ad
519 3904 639 3967 salutem
663 3904 809 3982 prodesse.
852 3905 971 3964 PictatIs
985 3906 1081 3982 specie
1097 3906 1193 3964 multIs
1208 3902 1308 3972 illusit,

97 4001 197 4083 capta
211 4003 363 4083 occasione
385 4002 551 4061 infundendi
573 4004 649 4061 virus
671 3998 814 4064 haeieseos
835 4023 872 4062 etr
892 4003 1047 4064 sacerdotis
1069 4005 1118 4079 qui
1139 4001 1307 4079 hntuerpiae

96 4113 232 4179 preerat
256 4100 398 4178 flagitiosa
420 4101 495 4167 vitat
519 4100 581 4176 ipse
608 4112 701 4161 tamen
725 4102 902 4179 gravissimis
917 4102 1072 4160 sceleribus
1094 4121 1125 4159 se
1148 4100 1307 4174 inquinavit

96 4199 218 4258 multos
234 4198 297 4276 ejus
317 4197 439 4255 asseclas
454 4198 483 4256 in
498 4196 638 4256 Ecclesia
652 4200 791 4275 gremium
807 4199 920 4259 reduxit
933 4201 965 4258 S.
982 4200 1141 4258 Norbertus
1156 4198 1306 4258 Praemon·

104 4297 265 4357 stratensis
281 4294 398 4353 Ordinis
413 4294 551 4362 conditor,
567 4314 642 4353 anno
658 4300 744 4355 1126.

151 4396 385 4455 Psanoansrnnr
399 4404 463 4451 ante
480 4412 585 4451 annum
602 4398 688 4462 1118,
704 4410 817 4453 auctore
839 4395 925 4454 Petro
940 4393 975 4451 de
999 4393 1094 4461 Bruis‚
1109 4393 1139 4451 in
1160 4394 1311 4470 provincia

108 4491 288 4561 ArelatensI‚
304 4489 425 4563 aliisque
439 4490 568 4548 finitimis
589 4491 707 4568 grassati
722 4503 797 4551 sunt.
839 4491 884 4551 De
899 4493 934 4550 iis
948 4491 1048 4550 scribit
1066 4490 1169 4550 Petrus
1184 4491 1309 4550 Venera-

417 4689 459 4756 (t)
474 4688 538 4738 Vide
548 4689 709 4756 Euthyminm
720 4690 845 4758 Panopliae
857 4692 893 4742 tit.
904 4689 975 4740 xxffl,
