2798 5092
158 372 214 434 lhss
405 366 463 428 Du
483 364 690 428 MINIS'I'RO
711 363 1105 435 SACRAMENTORUM.

647 869 790 933 carur
810 870 852 932 11.
947 851 958 862 ’

346 1096 400 1148 ΒΕ
431 1095 673 1148 MINleurto
702 1097 1163 1152 SACRAMBNTORUM.

507 1327 534 1401 §.
550 1325 574 1384 1.
590 1324 637 1385 Dr
653 1343 787 1385 nrnrsrnr
802 1344 984 1385 rorrsrnra.

192 1568 253 1638 25.ι
265 1563 399 1620 Christus
412 1562 556 1622 Dominus
570 1573 668 1622 auctor
691 1574 932 1622 sacramentorum
956 1582 990 1622 ea
1007 1547 1159 1624 hominum
1187 1568 1341 1629 ministerit

155 1660 277 1738 perficit,
292 1678 345 1716 sua
359 1660 448 1735 gratia
463 1670 492 1717 et
505 1660 668 1718 auctoritate
683 1678 819 1736 praesens.
860 1659 926 1718 Jam
941 1661 1123 1736 probavimus
1138 1682 1203 1722 ease
1219 1666 1341 1728 ordineu

153 1757 294 1833 quendam
308 1776 453 1816 sacrorum
481 1759 686 1826 ministrorum,
701 1776 823 1831 quorum
846 1768 890 1815 est
914 1757 1024 1817 Christi
1039 1761 1155 1819 nomine
1171 1781 1254 1822 sacra
1269 1767 1341 1827 obire

152 1856 258 1915 munia.
301 1855 445 1914 Caeterum
464 1855 670 1932 baptismuma
689 1854 817 1929 quolibet
836 1853 1026 1917 ministratum
1041 1857 1134 1915 valere
1157 1856 1338 1917 ostendimus

151 1953 212 2011 nixi
227 1964 364 2030 perpetua
388 1950 536 2011 traditione
562 1952 723 2020 Ecclesiae3
746 1950 821 2025 quod
848 1962 943 2010 tamen
966 1970 1070 2010 munus
1093 1953 1202 2011 nemini
1228 1971 1245 2010 e
1267 1950 1341 2013 laicit

150 2051 217 2111 licet
231 2071 374 2121 exercere,
396 2051 453 2110 nisi
480 2051 559 2128 gravi
584 2062 701 2127 urgente
721 2051 901 2108 necessitate.
943 2051 1120 2110 Matrimonii
1136 2052 1284 2111 ministros
1298 2072 1341 2132 ag·

150 2149 283 2208 novimus
298 2147 497 2207 contrahentes
511 2148 549 2205 ob
564 2146 719 2223 specialem
734 2147 796 2222 ejus
811 2156 949 2214 naturam,
965 2156 1053 2220 quum
1065 2156 1229 2207 contractus
1245 2150 1294 2220 sit,
1305 2169 1340 2210 ve

150 2245 218 2321 quid
233 2255 392 2303 contractus
407 2243 443 2301 ad
458 2244 555 2302 instar.
596 2243 803 2317 Plerorumque
815 2256 1055 2304 sacramentorum
1069 2246 1203 2305 sacerdos
1216 2249 1341 2309 minister

148 2351 201 2410 est,
217 2342 266 2415 qui
280 2349 375 2398 tamen
383 2338 582 2416 jurisdictione
597 2338 708 2416 indiget
733 2350 764 2397 ut
787 2339 968 2416 judiciariam
985 2341 1013 2398 in
1028 2342 1207 2401 remittendis
1223 2347 1341 2421 peccatis

149 2432 280 2498 exerceat
302 2446 482 2514 potestatem.
525 2437 759 2495 confirmationis
779 2437 908 2500 minister
931 2437 1090 2497 ordinarius
1115 2442 1272 2520 episcopus
1293 2454 1341 2503 est

148 2538 223 2595 sicut
236 2545 265 2594 et
278 2536 405 2603 ordinis;
428 2554 481 2594 nec
498 2535 571 2593 valet
585 2535 728 2603 sacerdos,
745 2554 924 2610 quacumque
951 2539 1156 2598 interveniente
1171 2544 1341 2621 auctoritate

150 2633 340 2693 sacerdotium
356 2634 400 2692 vel
415 2632 595 2692 diaconatum
607 2633 751 2691 conferre:
775 2635 905 2707 quamvis
932 2637 1039 2694 summi
1063 2639 1208 2714 pontificis
1231 2640 1341 2719 delega-

149 2732 226 2791 tione
241 2732 291 2790 fiat
304 2730 425 2790 idoneus
438 2731 596 2790 minoribus
610 2730 757 2789 ordinibus
781 2740 810 2788 et
823 2731 1037 2791 subdiaconatui
1057 2735 1251 2807 conferendis,
1268 2741 1341 2801 sicut

148 2839 177 2887 et
190 2830 398 2888 confirmationi
419 2827 584 2886 tribuendae.
627 2827 700 2886 Haec
725 2827 873 2906 sigillatim
894 2829 955 2906 jam
970 2831 1158 2890 ostendimus.
1202 2834 1341 2913 Lutherur

148 2939 242 2986 tamen
257 2925 354 2986 docuit
367 2926 484 2985 cuilibet
497 2925 651 2984 christiano
667 2925 786 2984 eandem
808 2927 837 2984 in
860 2928 945 2985 verbo
960 2937 989 2985 et
1015 2931 1201 2989 sacramentis
1216 2951 1282 2992 esse
1297 2953 1341 3012 po

147 3035 288 3094 testatem,
304 3024 434 3098 quamvis
452 3042 511 3082 non
532 3024 605 3082 foret
618 3023 673 3081 nisi
688 3042 725 3082 ex
750 3023 913 3082 auctoritate
928 3026 1043 3106 publica
1057 3029 1228 3088 exercenda.
1272 3031 1341 3092 lnter

146 3124 209 3200 ejus
224 3122 436 3201 propositiones
449 3120 594 3179 damnatas
615 3141 631 3178 a
656 3121 754 3179 Leone
768 3121 806 3179 Χ.
825 3139 859 3178 ea
873 3131 936 3180 est:
960 3132 979 3160 “
995 3123 1053 3182 Ubi
1068 3142 1126 3183 non
1141 3135 1185 3183 est
1198 3128 1341 3198 sacerdos.

146 3242 227 3298 aeque
240 3232 337 3301 potest
350 3222 469 3295 quilibet
483 3219 676 3288 Christianus,
692 3220 804 3278 etiamsi
821 3219 937 3290 mulier,
953 3231 1001 3280 aut
1013 3241 1085 3299 puer
1100 3223 1226 3281 esset.”¹

184 3327 234 3381 26.
256 3320 378 3379 Sectarii
392 3319 537 3377 ministros
555 3336 628 3391 quos
642 3317 696 3375 sibi
723 3318 883 3395 praeficiunt
897 3338 933 3377 se·
944 3318 1063 3378 donare⁸
1077 3321 1176 3380 dicunt
1190 3334 1341 3400 potestate

146 3418 297 3496 Anglicani
315 3427 408 3475 tamen
423 3413 567 3492 appellant
592 3415 805 3472 successionem
827 3416 1023 3498 apostolicam,
1039 3436 1128 3491 quum
1151 3438 1210 3477 non
1227 3423 1341 3498 puderet

146 3515 268 3591 majores
283 3533 351 3573 suos
366 3511 518 3587 aliquando
533 3533 548 3571 a
562 3513 641 3591 regio
654 3512 761 3571 indulto
776 3513 922 3573 facultates
937 3514 1065 3575 derivare
1076 3517 1116 3576 od
1128 3518 1341 3599 beneplacitum

145 3613 220 3690 regis
236 3613 280 3670 vel
295 3613 400 3691 reginae
421 3610 606 3669 exercendas.
649 3611 721 3679 Qua
742 3613 777 3669 ab
792 3611 1007 3673 Oxoniensibus
1033 3630 1250 3695 propugnantur
1265 3623 1341 3698 prin·

144 3711 219 3790 cipia
232 3709 267 3768 de
282 3711 391 3788 origine
405 3711 552 3789 potestatis
577 3729 664 3769 sacrae
689 3729 758 3768 sana
778 3721 845 3772 sunt
856 3717 879 3781 3⁸
899 3713 950 3772 sed
964 3715 995 3773 in
1007 3715 1042 3772 iis
1057 3716 1236 3793 applicandis
1252 3721 1339 3781 vehe·

183 3891 227 3958 (1)
246 3889 319 3954 l’rop.
335 3887 388 3938 xiii.
576 3952 578 3954 V

179 3980 222 4046 (2l
242 3975 295 4027 “A
315 3977 418 4026 number
440 3978 468 4026 os
485 3977 609 4038 believers,
626 3976 711 4037 united
734 3977 812 4029 under
832 3977 915 4029 Christ
933 3979 995 4030 their
1013 3980 1125 4045 mystieal
1147 3982 1218 4046 head,
1242 4001 1283 4037 are
1305 3988 1341 4038 be

143 4081 212 4118 eome
224 4081 239 4115 e
249 4061 343 4115 church
352 4063 483 4124 essentie13
500 4063 550 4113 and
562 4081 589 4114 ns
605 4063 668 4115 such
689 4063 710 4114 is
730 4065 771 4114 the
782 4064 835 4114 first
846 4064 894 4115 and
915 4082 1002 4135 proper
1012 4068 1107 4132 subject
1118 4069 1146 4117 of
1154 4069 1197 4119 the
1208 4070 1279 4137 lueys,
1296 4073 1341 4124 and

143 4152 205 4204 have
216 4166 299 4217 power
311 4149 360 4199 and
371 4148 487 4213 privilege
498 4157 524 4200 te
542 4166 633 4212 govern
649 4150 803 4211 themselves,
822 4151 872 4201 and
883 4158 909 4201 te
926 4151 1015 4202 choose
1032 4160 1076 4203 ont
1092 4153 1154 4204 their
1166 4171 1225 4207 own
1236 4158 1341 4211 miniato

143 4240 188 4290 rial
198 4237 317 4289 officers.'’
351 4236 449 4301 Baptist
461 4236 563 4287 Church
570 4236 698 4302 discipline
711 4237 860 4300 concerning
871 4245 950 4288 etrue
961 4238 1011 4288 and
1022 4238 1117 4305 orderly
1128 4240 1222 4307 Gospel
1234 4243 1341 4298 Church.

178 4325 220 4391 (3)
239 4325 304 4374 “No
315 4322 446 4374 eommand
457 4322 486 4372 of
499 4339 531 4372 an
542 4322 635 4387 earthly
648 4323 761 4385 king,'no
769 4323 901 4373 ordinance
918 4320 946 4373 ol
965 4340 998 4374 an
1009 4325 1103 4390 earthly
1114 4326 1255 4389 legislatore
1271 4332 1341 4383 could

142 4412 223 4462 invest
234 4427 264 4460 us
275 4412 335 4461 with
347 4427 429 4477 power
440 4425 497 4459 over
509 4409 550 4459 the
562 4409 619 4472 gifts
630 4409 658 4458 of
665 4409 707 4459 the
718 4410 785 4474 Holy
797 4396 893 4468 Ghost3
910 4409 947 4459 sor
963 4410 1025 4459 such
1036 4427 1092 4476 may
1104 4429 1142 4461 we
1154 4404 1285 4466 well'term
1303 4418 1341 4468 the

142 4513 224 4564 power
235 4496 293 4561 duly
305 4505 330 4547 to
342 4497 485 4547 administer
507 4496 548 4546 the
560 4504 707 4546 sacraments
717 4495 800 4544 which
812 4495 898 4545 Christ
915 4495 960 4545 has
977 4497 1100 4546 ordained.
1134 4498 1176 4548 No
1194 4510 1235 4552 act
1246 4503 1276 4552 of
1284 4503 1341 4554 Per·

142 4585 252 4644 liament,
264 4583 376 4633 however
387 4584 490 4646 binding
501 4582 542 4632 the
552 4581 689 4647 provisions
700 4582 728 4631 of
736 4581 797 4632 such
809 4589 861 4633 acts
873 4598 930 4646 may
941 4583 972 4632 be
982 4583 1044 4633 with
1062 4585 1147 4646 regard
1160 4593 1185 4635 to
1197 4588 1240 4639 the
1251 4597 1341 4657 tempo

69 4736 71 4743 Ι
144 4672 178 4722 ral
190 4671 271 4722 affairs
282 4672 310 4720 of
315 4671 357 4722 the
368 4671 463 4730 nation,
475 4653 550 4720 could
559 4670 630 4720 melre
641 4684 690 4733 any
702 4684 749 4720 one
761 4668 790 4717 of
797 4685 828 4721 ns
845 4669 945 4736 apriest
961 4686 988 4719 or
999 4670 1078 4722 clothe
1090 4687 1120 4723 us
1131 4673 1193 4725 with
1204 4691 1255 4728 one
1262 4679 1302 4745 jot
1318 4695 1341 4730 or
