2798 5092
88 328 127 385 44
319 324 378 385 DE
398 322 596 386 ottutrtunt
618 322 808 384 utuntur
825 321 884 382 ΕΤ
903 320 1058 383 ΡΟΒΜΔ.

91 485 124 542 S.
141 483 285 560 Gregorii.
328 482 472 542 ceterum
487 481 701 543 oxoniensibus
717 481 836 540 minime
850 481 1032 548 assentimur,
1046 478 1097 554 qui
1113 476 1216 539 dicunt
1229 473 1292 533 sols

90 599 229 640 manuum
244 581 439 657 impositione,
453 581 561 655 absque
581 579 648 638 ullis
662 581 767 646 verbis,
788 579 908 638 conferri
921 576 1071 636 sacerdotii
1083 582 1256 654 potestatem
1268 576 1291 628 :¹

93 696 215 738 neccsse
228 689 273 736 est
287 679 363 737 enim
379 689 409 737 ut
422 679 494 737 ritus
507 678 556 738 ille
571 678 664 736 verbis
684 677 887 737 determinetur
900 675 935 735 ad
948 673 1101 735 sacerdotii
1114 689 1222 733 munus
1242 669 1291 729 de·

95 775 268 854 signandum
288 786 317 834 et
337 776 551 845 conserendum,
568 775 645 850 quod
665 794 780 855 semper
799 777 862 834 lieri
882 773 1066 834 consuevisse
1086 772 1117 831 iu
1139 767 1294 831 Ececlesia

96 873 152 950 ipsi
167 871 297 931 fatentur.

134 974 183 1028 72.
206 969 413 1046 Episcopatum
439 980 468 1027 et
491 969 670 1029 diaconatum
699 969 761 1028 sola
787 986 922 1028 manuum
939 965 1122 1045 impositione
1142 961 1228 1030 tradi,
1249 979 1287 1020 ex

96 1067 242 1144 Scriptura
267 1078 295 1125 et
320 1067 407 1124 veteri
438 1067 578 1125 Ecclesiae
602 1066 807 1126 consuetudine
832 1065 1004 1143 colligimus.
1045 1061 1288 1124 subdiaconatum

95 1163 162 1222 verb
184 1176 212 1222 ct
226 1164 350 1223 minores
365 1162 479 1222 ordines
494 1182 645 1224 censemus
659 1165 695 1223 iis
712 1164 782 1222 tradi
796 1164 895 1223 ritibus
909 1182 982 1238 quos
997 1161 1131 1221 Ecclesia
1149 1178 1201 1237 pro
1218 1168 1292 1218 tem·

94 1278 196 1336 porum
206 1271 234 1318 et
246 1259 374 1319 locurum
388 1258 549 1343 diversitate
560 1263 698 1329 statuerit,
718 1261 753 1319 ad
764 1261 853 1320 officii
863 1259 1056 1320 auctoritatem
1065 1255 1292 1335 designandam:

92 1357 128 1415 iis
143 1357 251 1434 quippe
265 1357 440 1416 assentimur
462 1358 511 1431 qui
532 1377 566 1417 ea
585 1358 679 1417 officia
693 1359 728 1417 ab·
750 1357 891 1417 Ecclesiae
914 1356 1083 1435 presulibus
1108 1353 1240 1414 instituta
1259 1351 1294 1412 ad

95 1454 187 1512 cultus
199 1454 332 1513 decorem
347 1454 522 1513 existimant.
665 1527 669 1533 Ι

132 1555 181 1611 73.
202 1550 314 1610 Forma
337 1551 498 1619 sacerdotii,
519 1564 616 1611 nostra
643 1554 792 1619 sententia,
817 1565 862 1611 est
889 1551 979 1610 oratio
999 1549 1058 1620 illa,
1078 1566 1145 1623 qun
1167 1547 1291 1626 primam

93 1665 230 1706 manuum
249 1647 462 1723 impositionem
477 1636 506 1706 et
525 1649 723 1708 extensionem
744 1649 883 1722 sequitur,
898 1657 1031 1725 putamus
1044 1645 1122 1704 enim
1136 1661 1200 1702 eam
1223 1641 1294 1700 satis

93 1762 159 1802 cum
175 1745 284 1803 actibus
298 1744 355 1802 illis
369 1745 506 1822 conjungi
521 1755 552 1803 ut
567 1764 666 1805 corum
680 1745 849 1806 determinet
862 1744 1006 1812 effectum,
1022 1741 1179 1822 presertim
1202 1757 1294 1814 quum

94 1843 225 1919 episcopi
240 1842 368 1900 invitatio
382 1841 416 1900 ad
431 1843 570 1902 orandum
584 1844 644 1911 liat,
658 1843 782 1903 dexteris
797 1843 890 1904 adbuc
903 1843 1032 1902 extensis
1052 1859 1139 1920 super
1160 1837 1295 1898 ordinan-

96 1936 160 1996 dos.
204 1938 299 1996 Verba
315 1939 401 2016 igitur
414 1939 513 1998 forms
538 1941 621 1999 nobis
634 1941 764 2000 ridentur
784 1941 847 2000 illa:
871 1938 1019 1999 “Exaudi
1039 1956 1104 2006 nos,
1114 1953 1294 2010 quaesumus,

97 2032 223 2093 Domine
251 2034 332 2093 Deus
353 2045 459 2104 noster,
480 2047 509 2094 et
527 2056 616 2115 super
640 2037 694 2096 hos
717 2039 838 2097 famulos
859 2051 923 2097 tuos
944 2034 1173 2096 benedictionem
1195 2032 1296 2092 Sancti

95 2131 231 2207 Spiritus,
251 2141 281 2189 et
302 2133 399 2210 gratiae
426 2133 608 2192 sacerdotalis
634 2133 752 2193 infunde
775 2139 907 2192 virtutem
920 2132 952 2201 ;”
972 2142 1026 2191 etc.
1067 2132 1140 2199 Qum
1162 2128 1298 2188 dicuntur

93 2230 180 2287 verba
199 2228 267 2286 dum
289 2229 389 2288 ultima
403 2230 465 2287 vice
481 2248 581 2287 manus
602 2230 725 2306 imponit
744 2231 909 2308 episcopus,
931 2238 1099 2308 potestatem
1114 2226 1296 2287 remissionis

95 2335 278 2401 peccatorum
289 2325 444 2401 explicant,
461 2343 546 2397 quam
564 2336 658 2384 tamen
680 2325 848 2394 sacerdotio,
863 2337 947 2403 prout
960 2346 977 2383 a
991 2324 1109 2384 Christo
1122 2333 1168 2382 est
1189 2322 1297 2381 consti·

94 2431 198 2488 tutum,
214 2422 308 2478 inesse
319 2421 480 2489 eredimus;
501 2431 531 2480 et
541 2421 659 2499 proinde
668 2424 752 2481 ritum
766 2423 847 2482 illum
858 2442 895 2483 ex
907 2422 1047 2482 Ecclesiae
1060 2416 1124 2499 le'ge
1135 2419 1295 2480 adhibitum

94 2517 130 2575 ad
145 2519 297 2576 essentiam
320 2537 377 2577 non
392 2519 532 2595 pertinere
546 2518 690 2597 putamus,
705 2539 771 2579 nom
788 2541 841 2580 nec
855 2521 923 2580 olim
937 2532 1063 2580 serratus
1078 2530 1131 2578 est.

135 2621 184 2674 74.
214 2616 407 2694 Episcopatus
439 2606 557 2675 sormam
582 2630 679 2676 censet
702 2619 861 2677 Martenius
880 2637 944 2677 esse
966 2619 1106 2696 prolixam
1132 2616 1210 2677 illam
1234 2634 1297 2675 ora·

98 2715 215 2782 tionem,
237 2715 328 2773 instar
347 2713 531 2792 prelationis,
553 2734 639 2789 quam
660 2718 814 2794 episcopus
832 2736 898 2795 post
919 2736 1053 2776 manuum
1076 2716 1294 2793 impositionem

100 2812 217 2888 profert,
238 2814 345 2889 quippe
369 2831 432 2886 quae
446 2812 507 2871 sola
527 2815 682 2886 antiquitus
703 2825 837 2892 usurpata
860 2815 1007 2875 noscitur:
1029 2813 1102 2873 Aliis
1117 2812 1209 2872 forma
1229 2822 1295 2871 est:

95 2916 115 2945 ‘⁶
127 2910 237 2986 Accipe
248 2910 387 2987 Spiritum
399 2911 535 2969 Sanctum
550 2910 581 2978 ;”
603 2930 667 2984 quo
683 2912 767 2971 verba
779 2912 924 2988 proferunt
934 2911 1088 2989 episcopus
1102 2921 1295 2977 consecrator,

95 2990 123 3072 et
138 3009 302 3066 assistentes
317 3007 374 3066 duo
388 3009 529 3086 episcopi,
544 3009 611 3068 dum
626 3011 762 3068 ambabus
784 3010 915 3068 manibus
936 3018 1021 3087 eaput
1034 3007 1221 3069 consecrandi
1236 3017 1298 3065 tau·

94 3116 173 3181 gunt.
203 3103 344 3163 Dicuntur
365 3105 481 3180 quidem
500 3106 562 3164 aliis
577 3107 606 3165 in
628 3107 836 3174 occasionibus,
852 3105 939 3166 sicuti
956 3104 987 3164 in
1011 3104 1188 3165 ordinatione
1202 3122 1297 3163 sacer·

95 3202 169 3262 dotis
185 3222 252 3262 mox
266 3202 401 3272 vidimus,
417 3216 444 3262 ct
464 3205 493 3263 iu
516 3204 628 3262 diaconi
652 3205 849 3273 ordinatione;
872 3204 923 3263 sed
948 3223 1011 3280 quae
1026 3203 1197 3282 adjiciuntur
1211 3202 1298 3260 verba

93 3298 233 3358 definiunt
252 3318 351 3358 eorum
366 3301 425 3358 vim
440 3299 474 3358 ad
495 3299 614 3358 effectus
630 3301 768 3376 speciales
788 3300 991 3379 designandos,
1014 3320 1102 3377 quum
1124 3299 1296 3378 simpliciter

93 3395 167 3452 dicta
182 3397 307 3471 Spiritus
322 3396 420 3455 Sanoii
435 3397 641 3474 plenitudinem
656 3400 860 3457 communicari
875 3399 1011 3459 indicent.
1161 3380 1169 3391 ⁴

132 3497 181 3551 75.
205 3492 378 3553 Diaconatus
393 3495 483 3565 forma
492 3496 576 3574 juxta
596 3496 735 3572 plurimos
748 3505 812 3554 est:
835 3507 855 3533 “
865 3497 974 3575 Accipe
999 3498 1138 3575 Spiritum
1153 3499 1294 3559 Sanctum

92 3587 127 3646 ad
142 3591 235 3657 robur,
251 3589 323 3648 etad
340 3590 528 3651 resistendum
541 3591 691 3651 diaboloet
702 3591 903 3652 tentationibus
913 3595 976 3673 ejus
987 3595 1017 3653 in
1030 3595 1146 3653 nomine
1159 3594 1293 3656 Domini.
1329 3629 1332 3633 ·

92 3686 220 3746 Amen.”
263 3688 406 3748 Caeterum
422 3691 580 3749 Martenius
595 3689 740 3749 contendit
753 3711 816 3751 eam
829 3712 887 3751 nnn
898 3712 963 3751 esse
978 3693 1194 3770 quadringentis
1210 3695 1295 3753 anuis

96 3786 185 3844 multo
201 3784 387 3857 antiquiorem
400 3789 423 3854 ς’
441 3800 469 3845 et
494 3775 608 3865 precem
624 3806 687 3861 quae
709 3788 742 3845 ad
758 3788 847 3847 instar
866 3789 1039 3867 praelationis
1062 3799 1115 3856 est,
1131 3797 1220 3848 totam
1235 3790 1295 3849 lor·

95 3899 170 3940 marn
186 3882 367 3949 constituere,
383 3884 412 3942 in
426 3902 461 3942 eu
475 3886 581 3963 quippe
595 3886 664 3943 dicit
672 3886 845 3963 episeopus:
869 3897 889 3924 ‘⁸
900 3887 1007 3945 Emitte
1016 3887 1045 3944 iu
1058 3904 1107 3945 eos
1123 3903 1292 3958 quesumus

97 3978 234 4055 Spiritum
250 3979 419 4043 Sanctum,”
433 4000 488 4054 quo
502 3985 653 4042 occasione
667 3983 735 4041 oiim
747 3984 912 4060 imponebat
926 4003 1037 4043 manus.

134 4080 183 4134 76.
205 4076 431 4135 Subdiscnnatus
447 4077 537 4138 forma
551 4081 645 4139 verbis
657 4099 719 4154 qnae
736 4082 987 4140 instrumentorum
1003 4080 1183 4139 traditionem
1203 4083 1296 4140 comi·

97 4177 190 4227 tantur
214 4187 342 4232 constat:
366 4173 511 4234 traduntur
531 4177 640 4235 scilicet
660 4179 687 4234 ei
707 4177 782 4234 caiis
803 4196 909 4236 vacuus
936 4186 965 4236 et
979 4188 1081 4254 patena
1094 4194 1193 4244 vacua,
1209 4189 1298 4255 prout

131 4376 174 4439 (l)
193 4375 228 4424 “l
239 4377 312 4458 know
324 4381 366 4431 tbe
377 4397 448 4445 grace
460 4381 489 4431 oi
496 4381 634 4434 ordination
655 4385 676 4434 is
693 4385 825 4436 contained
837 4384 864 4435 iu
876 4384 917 4435 the
937 4384 1023 4449 lnyiug
1033 4398 1066 4433 on
1078 4379 1108 4432 of
1115 4381 1204 4443 hands,
1212 4391 1258 4434 not
1273 4384 1301 4436 iu

95 4473 144 4523 any
157 4459 218 4508 form
230 4461 259 4509 ol
266 4465 367 4514 words.”
391 4466 473 4517 Trsct.
486 4470 507 4515 1.

133 4544 175 4610 (2)
195 4542 234 4594 De
245 4546 352 4611 antiquis
364 4550 480 4602 Ecclesiae
489 4552 576 4603 ritibus
587 4553 603 4604 l.
615 4558 638 4606 l.
649 4571 673 4604 c.
682 4556 732 4606 viii.
745 4557 798 4606 Art.
809 4556 843 4605 ix.
