2798 5092
534 347 591 409 Du
613 346 859 411 Rettutomst.

594 991 734 1052 CAPUT
754 991 809 1052 xl.

513 1227 570 1280 Du
598 1227 884 1281 RELIGIOSIS.

138 1460 199 1517 130.
221 1456 370 1525 Quamvis
384 1453 455 1515 ordo
468 1446 620 1532 religiosus
635 1455 670 1514 ab
684 1454 783 1516 ordine
797 1475 889 1538 sacro,
900 1473 985 1530 quem
996 1463 1159 1524 tractamus,
1172 1454 1296 1524 differat,

107 1553 185 1628 aliqua
200 1569 299 1614 tamen
315 1553 351 1612 de
366 1571 401 1612 eo
416 1551 535 1611 dicenda
549 1552 689 1623 ridentur,
704 1563 736 1610 ut
755 1552 908 1612 lectoribus
931 1553 1091 1612 innotescat
1112 1552 1257 1627 quomodo
1279 1571 1297 1611 a

109 1649 210 1709 clericis
240 1650 411 1728 populoque
434 1648 510 1707 fideli
539 1647 757 1726 distinguatur„
791 1648 871 1708 Ordo
893 1649 1043 1728 religiosus
1066 1665 1182 1710 vocatur
1205 1660 1296 1709 coetus

105 1743 243 1805 homiuum
260 1752 373 1804 certum
388 1745 581 1821 profitentium
597 1745 661 1802 vitae
675 1745 848 1816 institutum,
865 1755 896 1804 ut
908 1747 1029 1805 consilia
1050 1747 1216 1824 evangelica
1229 1763 1296 1805 exe·
1380 1756 1385 1763 “

104 1840 199 1900 cationi
215 1839 399 1908 demandent,
415 1851 536 1913 votaque
551 1839 581 1898 in
595 1859 660 1899 eum
676 1840 764 1899 linem
779 1841 920 1900 solemnia
933 1843 1136 1902 emittentium.
1171 1841 1300 1902 Plurimi-

103 1953 135 1996 ex
147 1936 181 1995 iis
196 1945 410 1996 consueverunt
430 1936 519 1995 sacris
534 1935 664 2013 insigniri
685 1935 843 2004 ordinibus,
864 1949 893 1995 et
907 1937 1004 1996 clerici
1025 1938 1169 2015 regulares
1184 1936 1294 1996 idcirco

103 2045 244 2102 vomitum
257 2033 370 2092 clericis
384 2032 566 2091 saecularibus
580 2032 750 2109 nuncupatis
760 2033 809 2105 qui
823 2032 854 2090 in
868 2032 973 2091 seculo
984 2045 1142 2100 manentes,
1153 2034 1294 2112 speciales

102 2126 160 2187 illas
173 2129 290 2189 vivendi
304 2128 416 2206 regulas
431 2138 459 2187 et
483 2129 670 2206 obligationes
686 2148 742 2187 non
761 2138 829 2187 sunt
848 2129 983 2207 amplexi.
1026 2129 1176 2207 Origiuem
1191 2129 1294 2208 hujus·

100 2225 172 2311 modi
184 2228 380 2313 institutorum
394 2226 428 2286 ad
444 2227 583 2286 Ecclesiae
598 2226 753 2305 primordia
767 2226 979 2301 quodammodo
993 2227 1161 2287 reseruntur.

137 2327 203 2384 tel.
225 2325 285 2392 Qui
299 2324 399 2402 primis
415 2323 556 2382 Ecclesia
567 2323 679 2382 seculis
695 2324 844 2383 virtutibus
855 2336 999 2384 strenuam
1011 2325 1150 2383 navabant
1164 2343 1291 2403 operam,

99 2419 200 2481 duriori
214 2421 339 2495 quadam
354 2431 383 2479 et
395 2420 529 2480 sanctiori
543 2421 606 2479 vite
622 2423 729 2481 ratione
749 2422 888 2480 ecateris
903 2421 1036 2480 fidelibus
1051 2421 1167 2481 discreti
1186 2443 1294 2497 ασκηται

99 2519 260 2579 avirtutnm
281 2517 419 2577 exercitio
439 2518 683 2596 nuncupabantur.
725 2519 930 2578 Persecutione
948 2518 1031 2578 Decii
1052 2519 1177 2597 vigente,
1196 2516 1292 2581 medio

98 2616 177 2675 tertio
198 2616 316 2684 seculo,
330 2614 430 2674 fideles
453 2614 582 2674 nonnulli
607 2615 637 2674 in
660 2615 842 2675 solitudinem
866 2634 930 2674 sese
952 2616 1141 2686 contulerunt,
1156 2626 1185 2676 et
1205 2616 1293 2674 vitam

97 2711 238 2772 duxerunt
251 2731 397 2789 aspersam
412 2711 541 2771 simulet
557 2712 747 2786 tranquillam,
762 2732 856 2772 rerum
872 2713 1028 2777 celestium
1049 2714 1291 2792 contemplatione

93 2812 218 2871 recreati.
246 2811 295 2886 ,ld
317 2811 382 2870 vite
407 2829 508 2888 genus,
529 2830 599 2888 pace
616 2831 677 2888 Jam
692 2812 832 2871 Ecclesiae
854 2811 976 2882 reddita,
999 2815 1089 2871 secuti
1104 2825 1171 2872 sunt
1192 2812 1291 2886 aliqui,

99 2909 172 2968 inter
184 2926 259 2983 quos
272 2908 379 2967 Paulus
389 2906 513 2984 primum
525 2907 746 2977 obtinetlncum,
759 2909 900 2967 Antonius
912 2909 1081 2968 secundum.
1104 2909 1168 2968 Hos
1180 2910 1291 2977 imitati,

99 3004 147 3064 alii
172 3004 270 3082 plures
297 3003 354 3063 huc
381 3003 449 3062 illuc
478 3005 508 3062 in
535 3002 653 3084 desertis
681 2997 963 3082 AEgypti''dispersi
990 3006 1291 3079 vivebant-posonen

99 3115 262 3173 ωηωρηται,
276 3100 474 3181 empnsqinde
497 3101 640 3179 appellati.
682 3102 715 3160 S.
736 3100 910 3160 Pachomius
931 3101 1041 3178 primus
1061 3126 1219 3182 percompta,
1240 3114 1292 3156 seu

96 3207 214 3267 mepta,
225 3195 328 3256 domus
344 3196 453 3256 scilicet
473 3197 504 3255 in
518 3198 631 3279 quibus
652 3215 835 3257 communem
855 3196 1001 3273 ducebant
1009 3198 1106 3266 vitam,
1120 3194 1243 3254 instituit
1261 3192 1292 3251 in

97 3289 222 3371 AEgypti
237 3293 398 3353 Thebaide.
440 3294 561 3353 Plurimi
576 3308 670 3353 autem
691 3295 871 3354 morabantur
885 3295 916 3353 in
935 3294 1044 3376 cellulis
1065 3292 1291 3372 separatisque

96 3406 194 3448 omncs
207 3407 285 3464 raupa
298 3390 472 3455 dicebantur.
502 3391 536 3450 lu
550 3391 668 3450 Oriente
680 3391 806 3451 Basilius
819 3393 943 3470 Magnus
955 3393 1075 3452 habetur
1086 3389 1291 3451 monachorum

96 3496 183 3562 pater,
197 3488 235 3546 ob
250 3489 409 3547 institutum
425 3506 522 3548 eorum
538 3489 572 3546 ab
587 3507 622 3547 eo
637 3501 834 3566 propagatum.
875 3489 910 3548 ln
925 3489 1113 3550 Occidentem
1124 3488 1156 3546 S.
1168 3484 1293 3546 Athana·

96 3583 156 3642 sius
179 3586 367 3644 monasticam
393 3587 648 3650 vitam-invexisse
671 3586 804 3654 creditur,
828 3587 942 3661 quando
966 3588 1067 3647 Romae
1089 3587 1293 3654 versabatur‚a

96 3682 161 3742 sede
183 3702 237 3742 sua
258 3685 408 3761 profugus.
449 3697 468 3722 ‘⁶
481 3684 591 3745 crebra
613 3685 754 3763 virginum
778 3687 960 3755 monasteria,
983 3685 1187 3744 monachorum
1210 3685 1293 3742 innu-

96 3779 236 3838 merabilis
251 3779 437 3848 multitudc,”
452 3789 580 3858 tempore
602 3781 777 3857 Hieronymi
797 3781 899 3841 Rumae
913 3786 1016 3841 erant.¹
1058 3783 1090 3840 S.
1114 3780 1290 3841 Benedictus

97 3877 199 3937 saeculo
214 3893 298 3936 sexto
314 3879 503 3937 monasticum
527 3880 687 3938 institutum
701 3880 822 3958 perfecit
835 3894 863 3939 et
889 3882 1058 3959 propagarit
1070 3883 1099 3940 in
1121 3880 1290 3946 Occidente,

97 3973 261 4053 legibusque
277 3977 362 4034 certis
377 3977 534 4035 monachos
549 3977 584 4035 ad
599 3979 837 4055 perseuerandum
852 3979 882 4038 in
897 3981 987 4039 semel
1008 3989 1144 4058 suscepto
1159 3977 1290 4037 instituto

99 4073 252 4134 adstrinxit.
296 4074 432 4149 Plerique
454 4076 585 4134 monachi
608 4076 674 4134 laici
697 4088 788 4146 erant,
812 4077 958 4152 laborique
979 4084 1115 4138 nianuum
1134 4077 1289 4144 vacabant;

98 4190 166 4232 unus
179 4184 275 4235 tamen
290 4184 340 4232 aut
358 4173 428 4231 alter
440 4173 601 4233 sacerdotio
615 4175 645 4234 in
659 4187 826 4235 ceterorum
848 4177 998 4236 utilitatem
1019 4176 1183 4253 insignitus,
1205 4194 1288 4234 sacra

100 4285 208 4331 munera
220 4270 378 4351 peragebat
392 4269 421 4329 in
443 4270 549 4329 sacello
568 4273 745 4332 monasterii.
787 4274 915 4332 Fuerunt
935 4274 1020 4332 etiam
1049 4274 1165 4351 plurimi
1180 4272 1290 4333 ordinis

100 4363 277 4438 benedictini,
294 4367 347 4441 qui
374 4374 405 4422 et
423 4378 519 4426 vetera
539 4369 716 4446 exemplaria
738 4370 971 4436 transcribebant,
986 4378 1016 4427 et
1036 4370 1171 4428 scientias
1192 4389 1290 4429 sacras

49 4508 51 4513 -
100 4470 240 4542 presertim
254 4463 442 4532 excolebant,
453 4464 553 4526 litteris
568 4466 645 4545 apud
658 4467 746 4526 laicos
761 4467 819 4526 lere
834 4466 1048 4527 vilescentibus.

587 4643 630 4710 (1)
649 4642 698 4708 Ep.
709 4641 800 4692 cxxvii
