2798 5092
467 306 524 371 DE
544 305 734 370 vlnemle
755 306 910 373 CULTU.
1222 312 1283 370 est
1350 406 1353 410 ,

112 530 115 535 ,
140 472 206 529 tle.
227 467 297 549 Obj.
320 472 351 528 8.
371 469 405 528 Β.
419 468 522 529 Petrus
536 468 671 529 Dsmlani
685 469 835 547 Virginem
859 468 1009 551 alloquens
1026 468 1088 528 sit:
1110 467 1289 528 “Accedens

96 565 167 625 crim
182 575 248 624 ante
262 564 333 624 illud
346 582 463 625 aureum
476 565 717 625 reconciliationis
732 565 865 624 hnmano
878 565 975 632 altare,
987 583 1046 625 non
1060 565 1155 626 solun
1170 582 1285 644 rogans,
1354 622 1356 627 .

95 662 144 722 scd
157 663 324 740 imperansr
345 662 482 732 Domine,
497 680 556 722 non
570 661 721 722 ancilla.¹’²

128 758 220 838 lteapt
242 759 282 818 lis
296 759 391 818 serbis
405 771 557 838 exaggerat
569 772 686 818 sanctus
700 758 800 818 doctor
813 758 941 838 Virginis
957 758 1035 837 apud
1048 758 1141 819 lilium
1155 759 1286 836 gratiam,

95 855 257 937 precedunt
280 857 391 917 scilicet
415 857 477 916 hnc
502 858 604 916 verbs:
627 866 646 895 ‘⁴
660 856 712 915 Nil
734 857 785 916 tibi
807 858 996 934 impossibile,
1013 857 1061 916 cui
1085 856 1224 933 possibile
1247 867 1293 915 ert

93 956 259 1034 desperatos
283 955 314 1015 in
328 972 411 1033 spem
432 954 612 1015 beatitudinis
636 954 774 1014 relevare.
816 955 969 1024 Quomodo
989 956 1068 1014 cuim
1092 954 1142 1013 ills
1162 965 1290 1032 pesestas

95 1064 146 1112 tue
161 1052 299 1130 potentiae
313 1052 418 1130 poterit
430 1053 556 1122 obviare,
571 1070 635 1127 que
649 1051 684 1111 de
706 1068 790 1111 corne
811 1064 859 1112 tua
871 1053 964 1112 carnis
979 1052 1108 1130 suscepit
1126 1052 1290 1129 originem?

96 1149 217 1210 hccedis
232 1133 309 1208 enim
324 1147 402 1207 etc.”
444 1149 555 1209 Sensus
569 1151 670 1209 obrius
685 1160 738 1218 est,
753 1167 807 1209 nec
821 1148 1048 1210 cavillationibus
1062 1150 1153 1208 locus.

135 1250 202 1305 114.
229 1243 297 1324 obj.
310 1250 345 1305 t..
362 1246 508 1306 Catholici
522 1249 584 1326 jam
598 1236 726 1306 omnies
740 1248 860 1326 Virgine
874 1257 983 1326 petunt,
998 1245 1046 1304 tix
1062 1245 1168 1321 aliquid
1183 1264 1200 1304 a
1214 1246 1290 1315 Deo,

99 1344 148 1408 nisi
170 1363 206 1403 ea
230 1345 423 1422 deprecante:
445 1364 505 1429 quo
527 1355 610 1423 pacto
637 1344 741 1403 fiducia
761 1345 846 1424 longa
870 1345 1012 1422 majoris
1036 1363 1070 1402 ea
1092 1345 1247 1423 reponitur,
1264 1356 1292 1403 et

100 1442 187 1502 cultus
198 1442 393 1516 frequentior:
415 1442 492 1518 quod
504 1462 521 1501 a
532 1453 658 1503 vetemm
670 1443 888 1512 consuetudine,
900 1455 929 1502 et
939 1462 956 1501 a
967 1462 1043 1503 sanae
1055 1443 1171 1503 rationis
1188 1443 1292 1520 princi·

100 1539 149 1617 piis
163 1540 252 1617 longe
266 1540 409 1600 abhorret.

131 1637 224 1717 Resp.
246 1639 280 1698 ln
294 1639 417 1698 solemni
430 1638 564 1698 sacrificii
577 1639 767 1699 celebratione
783 1639 847 1699 Dec
863 1640 1047 1718 porriguntur
1061 1658 1173 1718 preces,
1190 1630 1290 1700 Mariae

101 1734 167 1793 lacta
181 1734 467 1814 mentionesimplici
482 1736 530 1795 illa
543 1737 651 1796 ratione
667 1756 730 1810 qum
745 1737 775 1795 in
789 1737 923 1798 Ecclesia
936 1757 952 1796 a
965 1738 1167 1797 vetustissimis
1183 1747 1292 1816 tempo·

100 1833 170 1891 tibus
185 1833 319 1892 obtinuit.
362 1833 447 1900 Quod
461 1833 568 1910 sapius
582 1833 627 1892 vel
642 1834 731 1892 rarius
745 1834 774 1892 in
796 1834 914 1911 privatis
930 1834 975 1893 vel
997 1835 1092 1892 minus
1106 1834 1284 1893 solemnibus

101 1931 207 2007 pietatis
223 1931 371 1989 exercitiis
383 1931 531 1990 invocetur
553 1931 655 1999 Maria,
670 1949 707 1989 ex
729 1931 837 2007 privata
851 1930 1039 2006 quonumdam
1060 1931 1212 1990 devotione
1227 1951 1291 2009 pro·

104 2028 182 2086 venit.
227 2025 372 2086 Oae'terum
394 2027 507 2100 quoties
531 2027 687 2095 invocatur,
710 2027 789 2085 Deus
814 2027 978 2104 agnoscitur
997 2027 1127 2086 omnium
1152 2028 1289 2088 bonorum

103 2120 224 2201 largitor,
235 2140 289 2182 nec
304 2124 381 2182 enim
393 2123 456 2200 ipsa
467 2121 563 2190 donat,
576 2122 628 2181 sed
639 2122 745 2182 orando
757 2123 907 2201 impetrat:
930 2123 1043 2196 quodsi
1055 2122 1160 2183 donare
1173 2123 1291 2194 dicatur,

104 2220 144 2279 sel
158 2221 255 2278 verbis
267 2214 453 2297 amplissimis
467 2219 601 2301 efferatur
612 2221 675 2298 ejus
690 2232 825 2298 potestas,
835 2239 936 2280 omnes
949 2232 1055 2281 norunt
1067 2220 1129 2297 ejus
1144 2222 1293 2301 privilegia

102 2318 191 2378 allec
215 2316 347 2376 derivari.
389 2317 472 2376 Nihil
495 2318 597 2376 rationi
618 2316 768 2377 adversum
790 2319 821 2377 in
841 2337 877 2377 eo
896 2318 1037 2397 reperitur
1051 2318 1128 2392 quod
1149 2319 1215 2392 quis
1238 2320 1292 2379 ire·

69 2432 71 2439 ·
102 2416 286 2490 quentissime
301 2433 364 2474 eam
385 2414 528 2493 precando
543 2415 635 2484 adeat,
649 2426 680 2473 ut
693 2416 757 2492 ipsa
770 2434 827 2489 qua
841 2415 929 2493 pollet
942 2416 1033 2494 gratia
1047 2415 1123 2493 apud
1139 2417 1238 2477 Deum
1258 2419 1290 2479 in

100 2533 156 2575 rem
168 2533 296 2574 nostram
312 2525 404 2573 utatur
414 2533 422 2572 ι
434 2515 486 2573 'sic
495 2515 572 2574 enim
584 2514 658 2574 litut
671 2515 832 2574 celsissima
842 2525 871 2574 et
882 2515 1062 2575 sanctissima
1074 2517 1155 2594 virgo
1169 2518 1294 2596 supplex

101 2609 163 2670 Deo
176 2610 356 2688 exhibeatur.
399 2610 523 2679 Quodsi
546 2611 638 2688 major
651 2611 755 2669 fiducia
769 2611 816 2670 vel
838 2613 961 2670 tenerior
975 2609 1094 2671 affectus
1114 2612 1205 2672 severi
1226 2631 1294 2692 erga

100 2708 249 2786 Virginem
265 2706 404 2776 videatur,
418 2707 452 2766 ad
466 2707 633 2766 relationem
648 2726 711 2781 quae
726 2709 800 2767 inter
819 2725 882 2766 cam
898 2725 1008 2782 nosque
1023 2708 1182 2778 intercedit,
1197 2721 1295 2787 utpote

97 2825 254 2885 exgenere
271 2806 397 2866 humano
412 2817 513 2874 ortam,
528 2818 556 2865 et
570 2804 606 2863 ad
620 2805 747 2864 officium
762 2817 886 2882 patrone
901 2823 960 2878 quo
979 2806 1116 2884 fungitur,
1133 2807 1225 2865 Mater
1240 2826 1294 2885 pro

97 2905 166 2965 filiis
180 2924 254 2980 quos
269 2907 299 2963 in
314 2903 433 2964 Christo
454 2904 598 2983 adoptarit
618 2903 786 2980 deprecans,
800 2903 966 2962 referendus
981 2915 1035 2962 est.
1079 2905 1203 2964 Pulchre
1225 2906 1295 2964 Ber·

99 3002 223 3062 nardus:
247 3001 366 3061 “Totis
380 3020 449 3079 ergo
471 3000 603 3060 medullis
617 2999 757 3069 cordium,
772 2999 839 3060 totis
861 3000 1081 3077 praecordiorum
1096 3001 1246 3062 affectibus
1268 3014 1297 3062 et

98 3103 175 3162 rotis
200 3101 335 3161 omnibus
363 3100 483 3160 Mariam
500 3118 677 3168 veneremur,
694 3099 761 3174 quia
782 3100 825 3159 sic
839 3110 883 3159 est
904 3100 1033 3160 voluntas
1054 3101 1116 3178 ejus
1138 3101 1188 3174 qui
1206 3111 1296 3161 totum

99 3219 155 3260 nos
169 3200 274 3260 habere
289 3199 378 3258 voluit
390 3217 441 3277 per
455 3198 627 3258 Mariam.'’⁹

604 3394 838 3438 antummum

149 3540 212 3596 115.
237 3536 312 3596 Haec
326 3535 362 3599 de
377 3536 454 3595 cultu
469 3534 598 3615 Virginis
612 3536 704 3596 fusius
719 3536 873 3611 aliquanto,
888 3536 939 3595 sed
953 3537 1074 3596 strictim
1095 3537 1120 3595 si
1142 3536 1226 3615 copia
1240 3546 1295 3596 tes·

100 3637 298 3703 timoniorum‚
311 3645 339 3693 et
352 3635 393 3693 rei
408 3636 571 3711 prestantia
581 3634 785 3695 consideretur.
808 3633 842 3693 ld
855 3633 970 3712 quidem
982 3635 1161 3713 exploratum
1173 3645 1226 3705 cst,
1240 3654 1297 3708 quc

99 3733 186 3795 altior
200 3743 243 3791 eet
257 3732 293 3791 de
308 3732 447 3809 mysterio
462 3733 662 3791 incarnationis
674 3751 787 3800 sensns,
802 3751 838 3790 eo
853 3734 1020 3792 teneriorem
1036 3733 1204 3811 plerumque
1214 3746 1242 3792 et
1256 3754 1298 3793 ar·

100 3834 263 3893 dentiorem
274 3851 341 3910 erga
351 3831 504 3910 Deiparam
515 3849 580 3890 essa
593 3830 786 3890 devotionem.
808 3831 873 3897 Quo
886 3831 946 3891 haec
958 3832 1071 3892 fovetur
1080 3828 1252 3911 diligentius,
1263 3851 1298 3893 en

100 3932 190 3992 etiam
213 3931 325 4014 felicius
339 3930 472 3989 coluntur
484 3930 614 3998 virtutes,
629 3929 747 3989 humilis
771 3930 926 4007 presertim
952 3930 998 3987 sui
1011 3940 1126 3998 sensus,
1149 3928 1296 3999 modestia,

100 4028 230 4103 castitas,
244 4040 273 4086 et
286 4027 360 4086 inter
374 4045 513 4085 aerumnas
527 4026 673 4103 patientia.
714 4027 773 4093 Qui
788 4026 985 4103 juventutem,
1000 4028 1157 4103 presertim
1178 4024 1298 4102 puellas,

139 4265 184 4332 (ll
205 4263 284 4315 Serm.
296 4264 354 4315 xliv.
371 4263 465 4315 Mirum
477 4264 631 4315 oxonienses
642 4263 693 4314 hec
704 4263 800 4329 aliaque
811 4264 969 4316 adducerent
982 4262 1110 4314 insinuent
1120 4263 1235 4328 potentine
1247 4262 1300 4315 Ma·

99 4355 147 4408 riae
159 4351 289 4404 notionem
300 4350 365 4416 apud
377 4351 504 4416 scriptores
515 4351 642 4416 plerosque
654 4350 787 4401 obtinuisse
797 4351 916 4402 disemum
927 4352 957 4400 ab
968 4367 998 4401 ea
1014 4365 1068 4415 que
1079 4349 1202 4402 hodiernis
1212 4350 1302 4402 Catho-

98 4441 158 4495 licis
168 4438 261 4501 Anglis
272 4436 375 4487 arridet:
394 4437 438 4488 sed
447 4437 581 4488 concordie
593 4437 714 4488 studiosos
725 4454 741 4488 s
752 4438 945 4490 cavillationibus
956 4438 1075 4489 abstinere
1086 4436 1163 4500 decet,
1174 4439 1216 4490 ubi
1227 4439 1300 4504 scrip

99 4537 187 4581 torum
198 4541 270 4576 mens
281 4531 355 4589 patet.
389 4524 445 4574 vot
456 4525 491 4575 iii.
502 4523 577 4575 'l'ract
588 4523 615 4573 N
616 4540 638 4574 o.
651 4524 690 4573 71.

139 4614 185 4681 (2)
205 4611 283 4662 Serm.
295 4609 322 4660 in
333 4608 392 4662 Nat.
404 4609 435 4662 B.
445 4610 515 4673 Virg.
527 4610 619 4662 Marias.

686 4700 751 4756 19*
