2798 5092
503 349 561 410 DE
582 350 770 412 VIRGINIS
790 352 944 414 CULTU.
1239 360 1298 417 219

102 511 236 569 tribunali
251 511 312 578 illo,
328 511 390 569 sine
405 509 512 588 pudore
526 531 559 570 ac
583 511 688 570 fiducia
710 511 811 589 plenos
832 512 986 605 adducens,
1008 515 1071 592 ojus
1093 533 1145 575 nos
1167 517 1296 576 stationis

102 626 169 681 quae
184 629 200 665 a
213 607 323 666 dextris
337 618 390 675 est,
408 609 558 685 participes
573 606 705 667 sacias.'‘¹

149 709 215 764 107.
238 705 269 763 S.
296 705 475 773 Germanus,
505 706 662 783 patriarcha
684 706 1027 785 Constantinopolitanus,
1056 707 1125 767 dicit
1151 709 1299 787 Virginem

103 802 263 880 Deiparam
280 823 297 860 a
312 802 429 881 Christo
442 804 622 862 constitutam
645 813 665 841 ‘⁸
678 815 858 881 peccatorum
880 803 1043 863 advocatam
1054 805 1087 873 ;'’
1108 824 1193 878 quam
1214 808 1299 865 etiam

103 901 152 959 his
167 901 261 958 verbis
277 901 406 959 invocat:
430 910 449 937 ·‘
464 901 614 960 Memento
627 920 775 961 servorum
789 913 901 960 tuorum
924 900 1162 962 Christianorum.
1204 902 1300 963 Onne·

104 1010 198 1059 torum
213 998 384 1058 commenda
398 1018 509 1076 preces,
524 1001 722 1060 universorum
737 1011 828 1060 statue
842 1019 920 1079 spes,
935 1000 1021 1060 fidem
1036 1002 1183 1070 confirma,
1199 1002 1300 1061 Eccle-

103 1096 165 1154 sias
186 1094 221 1153 ad
249 1097 385 1154 unitatem
412 1115 494 1173 coge.
535 1095 693 1173 Imperium
722 1097 856 1174 trophaeis
884 1117 967 1176 auge,
992 1098 1128 1157 exercitui
1153 1096 1300 1167 auxiliare,

104 1193 245 1256 mundum
261 1214 330 1273 pace
345 1212 497 1272 compone,
512 1206 720 1269 cunctosquea
740 1196 873 1274 periculis
897 1206 925 1254 et
947 1197 1146 1256 tentationibus
1167 1196 1299 1264 liberans,

105 1292 261 1366 unicuique
275 1312 292 1349 a
306 1290 493 1367 damnationis
514 1302 592 1350 reatu
613 1292 735 1362 solutam
753 1294 879 1372 prestari
900 1312 988 1353 exora
1008 1295 1199 1354 retributionis
1213 1292 1299 1352 diem.

104 1389 153 1449 Ad
167 1409 254 1463 quem
268 1391 345 1449 enim
360 1390 447 1448 alium
459 1391 585 1448 ibimus?
627 1391 722 1450 Verba
736 1393 800 1450 vitm
816 1403 927 1450 aeterum
941 1392 1039 1460 habes,
1055 1403 1103 1451 tua
1116 1393 1250 1452 nimirum
1265 1390 1301 1449 ad

104 1488 202 1547 Deum
218 1508 270 1566 pro
285 1489 367 1547 nobis
382 1488 639 1549 commendationis
661 1500 736 1549 vota.
778 1490 825 1548 Tu
841 1490 964 1549 enimes
981 1510 1044 1565 que
1058 1491 1161 1549 feceris
1175 1509 1299 1568 semper,

102 1604 159 1644 nec
174 1604 309 1659 umquam
333 1605 429 1644 cesses
450 1585 543 1644 facere
566 1587 715 1645 nobiscum
742 1587 892 1663 magnalia.
935 1587 976 1646 Et
995 1598 1124 1646 sanctum
1139 1599 1183 1646 est
1196 1606 1301 1648 nomon

102 1696 197 1752 tunm,
211 1684 288 1758 quod
303 1686 337 1743 ab
352 1684 461 1761 angelis
476 1695 504 1742 et
518 1684 694 1753 hominibus,
717 1686 747 1744 in
760 1704 862 1744 omnes
876 1687 1073 1764 generationes
1088 1687 1300 1763 gonerationum

103 1784 219 1841 beatum
235 1781 448 1859 praedicatur.”²

147 1883 214 1938 1⁰8.
231 1878 288 1937 His
302 1878 445 1956 praeclaris
460 1889 586 1938 veterum
601 1879 771 1938 testimoniis
785 1879 869 1937 liceat
882 1879 1011 1938 melliflui
1023 1879 1147 1938 doctoris
1165 1879 1301 1939 Bernardi

104 1978 192 2036 verba
213 1977 378 2055 adjungere.
421 1977 560 2036 Hortatur
580 1987 757 2054 peccatorem
783 1974 818 2034 ad
843 1976 965 2036 Mariam
984 1978 1137 2055 confugere
1157 1988 1301 2052 tamquam

106 2075 275 2133 advocatam
302 2074 377 2152 apud
403 2075 526 2133 lesum:
550 2073 761 2132 “Advocatum
783 2074 886 2132 babere
912 2073 966 2142 vis,
992 2084 1020 2132 et
1041 2073 1215 2150 adipsum?
1255 2073 1301 2132 Ad

102 2172 228 2230 Mariam
246 2191 368 2231 recurre.
410 2173 487 2230 Pura
501 2170 644 2245 siquidem
659 2170 821 2229 humanitas
836 2171 866 2229 in
881 2169 974 2228 Maria
988 2189 1046 2230 non
1067 2168 1153 2229 modo
1174 2188 1245 2248 pura
1266 2172 1300 2228 ab
1325 2177 1332 2201 ⁸

102 2272 183 2330 omni
198 2272 450 2339 contaminatione,
465 2270 516 2330 sed
531 2280 559 2328 et
573 2289 644 2347 pura
657 2269 851 2346 singularitate
865 2279 982 2328 nature.
1025 2269 1090 2327 Nec
1104 2268 1207 2327 dubius
1221 2267 1300 2327 dixe·

101 2354 360 2436 rim,'exaudietur
388 2377 416 2425 et
444 2368 506 2443 ipsa
526 2386 578 2444 pro
606 2366 764 2424 reverentia
784 2384 845 2424 aua.
888 2365 1033 2424 Exaudiet
1053 2367 1150 2441 utique
1176 2365 1300 2424 Matrem

101 2464 209 2532 Filius,
235 2479 263 2523 et
288 2464 422 2523 exaudiet
442 2463 548 2522 Filium
581 2464 676 2521 Pater.
718 2462 825 2531 Filioli,
847 2462 909 2521 hoec
929 2473 1108 2541 peccatorum
1128 2462 1213 2531 scala,
1239 2461 1300 2522 bac

101 2579 171 2625 mea
183 2561 310 2620 maxima
323 2559 426 2619 fiducia
437 2571 490 2628 est,
505 2559 567 2618 haec
582 2570 639 2620 tota
652 2559 723 2618 ratio
737 2560 800 2638 spei
815 2557 935 2618 meae.”⁸

143 2656 296 2717 Probatur
310 2656 354 2715 II.
370 2675 406 2716 ea
417 2655 582 2734 Liturgiis.

146 2759 213 2816 loe.
235 2756 270 2816 ln
292 2757 425 2815 omnibus
445 2756 575 2831 ‘liturgiis
601 2754 803 2812 vetustissimis
826 2754 985 2812 continetur
1012 2754 1139 2831 Virginis
1168 2753 1300 2832 Deiparoe

100 2853 239 2932 specialis
254 2853 498 2919 commemoratio,
514 2861 543 2909 et
566 2852 629 2928 ejus
655 2850 731 2926 apud
753 2851 847 2909 Deum
869 2849 958 2926 gratia
982 2848 1147 2926 imploratur
1167 2862 1198 2906 ut
1218 2850 1299 2909 nobis

101 2952 204 3030 prosit.
238 2951 279 3009 ·In
294 2950 408 3028 liturgia
422 2949 454 3007 S.
468 2949 568 3007 Basilii
583 2947 705 3024 Coptica
719 2948 784 3024 ipsa
796 2965 861 3005 curn
877 2947 982 3005 sanctis
994 2946 1057 3004 aliis
1069 2958 1298 3012 commemorata,

101 3051 197 3127 pergit
210 3046 364 3106 sacerdos:
389 3056 407 3084 ‘⁶
421 3065 541 3120 quorum
558 3045 690 3122 precibus
704 3055 733 3102 et
753 3042 1007 3121 supplicationibus
1022 3043 1156 3100 miserere
1171 3043 1298 3100 omniurn

101 3145 270 3207 nostrum.’'

144 3244 297 3304 Probatur
312 3242 372 3301 III.
389 3241 582 3301 conciliorum
596 3240 783 3300 auctoritate.

146 3344 214 3401 110.
243 3340 408 3399 Concilium
434 3340 586 3398 Nicaenum
611 3338 650 3397 11.
674 3338 797 3416 plurima
821 3336 904 3394 habet
928 3335 963 3394 de
989 3335 1091 3395 Mariae
1117 3333 1244 3410 Virginis
1270 3342 1299 3391 et

102 3442 277 3499 Sanctorum
311 3438 525 3496 intercessione.
568 3437 646 3495 Inter
672 3446 775 3494 oaetera
802 3434 924 3511 legimus
949 3436 979 3491 in
1006 3434 1127 3491 Actione
1155 3433 1296 3508 septima:

102 3549 126 3575 “
141 3535 216 3595 Cum
232 3536 333 3595 timore
348 3534 403 3592 Dei
419 3535 516 3592 omnia
529 3534 676 3600 faciamus,
692 3543 859 3609 expetentes
873 3532 957 3588 etiam
980 3530 1212 3587 intercessionem
1229 3529 1298 3586 inte·

100 3645 219 3696 menate
233 3634 357 3693 dominae
371 3643 484 3699 nostre,
501 3643 529 3690 et
550 3645 649 3690 natura
673 3631 729 3689 Dei
751 3629 907 3688 Genitriois
928 3647 1042 3705 semper
1056 3628 1173 3706 virginis
1188 3627 1297 3691 Maris,

99 3748 191 3808 atque
205 3746 365 3791 sanctorum
381 3732 556 3809 angelorum,
572 3742 600 3789 et
614 3730 700 3788 simul
715 3728 844 3789 omnium
859 3725 1069 3785 sanctorum.’'⁴

499 3925 698 3967 omucnlonns
722 3920 907 3964 SOLVUNVUR·

146 4074 214 4128 lll.
240 4067 306 4148 ooj.
325 4074 351 4128 1.
373 4069 406 4127 In
422 4069 510 4126 veteri
524 4066 657 4126 Ecclesia
671 4064 834 4131 Rosarium,
849 4061 1022 4139 Antiphone
1037 4061 1072 4120 B.
1089 4059 1189 4119 Mariae
1204 4057 1299 4134 Virgi-

94 4171 174 4237 nis,⁶
189 4180 218 4225 et
231 4169 295 4245 ipsa
309 4166 438 4244 angelica
448 4165 589 4232 salutatio,
603 4183 637 4221 ea
648 4162 748 4222 saltem
761 4172 838 4239 parte
853 4179 910 4234 qua
924 4160 1024 4218 Mariae
1039 4175 1138 4235 preces
1154 4173 1205 4233 pro
1215 4155 1297 4214 nobis

134 4341 182 4408 (1)
205 4340 271 4390 Orat
282 4339 308 4388 in
318 4337 465 4388 Annuntiat.

135 4430 183 4496 (2)
206 4425 267 4476 Orat
277 4425 307 4474 de
318 4423 414 4473 dormit
428 4422 538 4487 Deipnrte
550 4420 667 4483 Virginis.

133 4517 182 4582 (3)
204 4511 283 4561 Serm.
294 4511 321 4560 in
332 4509 417 4559 Nativ.
428 4509 459 4558 B.
471 4508 581 4571 Virginis
599 4507 688 4557 Marias.

133 4603 181 4668 (4)
205 4600 261 4649 Act.
273 4596 313 4646 vii.
325 4597 371 4645 sub
378 4595 461 4651 finem,
472 4594 538 4659 apud
545 4592 668 4643 Harduin.
679 4591 725 4642 col.
737 4593 796 4640 att.

125 4691 175 4756 (5)
203 4682 332 4734 Adnotant
343 4681 498 4731 Oxoniensss
510 4678 666 4744 Antiphontis
678 4685 703 4728 et
714 4675 847 4744 praeessu
864 4672 993 4736 Virginem
1011 4666 1107 4725 decimo
1123 4674 1194 4725 tertio
1213 4671 1301 4723 seculo
