2798 5092
96 276 153 337 128
411 274 469 340 DE
489 274 678 335 vthuuo
699 272 971 337 MATRIMONII.

92 432 235 495 immundi
259 442 365 502 essent,
392 452 468 492 nunc
495 443 590 495 autem
617 434 709 492 sancti
729 442 805 492 sunt.
848 431 978 500 Quodsi
1006 428 1131 491 infidelis
1153 425 1287 495 discedit,

93 529 236 593 discedat:
260 548 317 588 non
338 529 415 588 euim
437 530 565 588 servituti
579 530 724 606 subjectus
739 538 783 587 est
796 529 880 587 frater
894 537 941 587 aut
955 546 1037 589 soror
1051 526 1081 585 in
1097 521 1287 602 hujusmodi:

96 628 126 691 in
145 645 214 703 pace
229 638 324 685 autem
339 628 449 685 vocavit
462 645 514 685 uos
531 625 659 685 Deus.”¹
699 627 732 685 Si
753 624 877 685 infidelis
893 625 1053 683 consentiat
1067 622 1197 681 habitare
1222 636 1290 681 cum

93 741 233 781 converso
248 723 353 795 absque
369 723 470 799 injuria
482 721 638 790 creatoris.
649 731 679 781 ut
693 723 781 790 aiunt,
796 722 906 781 scilicet
916 720 1027 779 nullum
1041 719 1154 779 obicem
1169 716 1250 777 fideli
1262 717 1291 793 in

93 821 139 878 via
163 819 261 877 salutis
277 819 436 888 statuendo,
451 821 595 879 vinculum
622 820 796 879 matrimonii
811 838 867 877 non
883 818 1052 880 solvendum
1079 815 1236 875 declaravit
1256 816 1289 877 8.

94 916 286 993 Congregatio
301 916 447 984 Oomiliii,
464 926 548 993 prout
568 917 652 975 refert
674 915 847 977 Benedictus
863 916 962 975 XIV.²
1002 913 1181 975 Matrimonii
1196 921 1292 973 autem

94 1013 197 1072 solutio
209 1024 315 1071 tantum
330 1013 371 1079 fit,
387 1012 501 1085 quando
513 1013 573 1090 jem
588 1012 664 1072 aliud
679 1033 695 1071 a
709 1030 851 1071 converso
863 1012 974 1071 initur.⁸
1014 1011 1088 1069 Ante
1103 1028 1195 1069 novas
1218 1028 1293 1088 nup·

93 1109 146 1168 tias
161 1109 319 1167 monendus
334 1120 379 1168 est
392 1110 498 1186 conjnx
512 1109 647 1176 infidelis,
664 1110 749 1183 eique
763 1110 842 1185 optio
857 1107 997 1169 datur'vel
1011 1105 1157 1169 habitandi
1168 1107 1291 1184 pacifice

95 1226 159 1267 cum
174 1205 262 1275 fideli,
277 1208 322 1267 vel
332 1208 445 1284 juribus
460 1209 633 1269 matrimonii
647 1227 764 1287 prorsus
778 1207 969 1269 renuntiandi.
1064 1274 1067 1281 ,

469 1687 495 1759 §.
511 1685 562 1744 111.
588 1684 635 1745 Du
651 1702 791 1744 ortonam
805 1702 909 1745 uuoar.
975 1726 978 1731 ·
1076 1719 1080 1725 -

101 1937 104 1942 ’
131 1925 182 1981 60.
204 1921 342 1988 Quamvis
358 1921 436 1980 nullo
451 1941 577 1996 unquam
592 1922 622 1981 in
636 1941 731 1981 rerum
745 1933 848 1981 eventu
864 1922 937 1981 solvi
954 1924 1045 1999 possit
1058 1923 1207 1982 vinculum
1223 1934 1293 1983 mat·

92 2021 206 2080 rimonii
231 2019 357 2079 fidelium
379 2023 468 2081 semel
495 2021 580 2081 validi
607 2032 636 2079 et
658 2023 858 2089 consummati,
881 2022 966 2081 etiam
988 2039 1124 2097 suprema
1145 2022 1290 2081 Ecclesiae

93 2120 266 2186 auctoritate,
296 2118 462 2178 conceditur
490 2132 584 2178 tamen
606 2119 759 2179 divortium
781 2120 856 2178 thori
878 2129 906 2177 et
927 2120 1108 2179 habitationis
1131 2139 1234 2197 graves
1256 2121 1292 2180 ob

91 2237 202 2276 causas.
244 2219 284 2275 Et
298 2216 414 2290 quidem
437 2218 579 2293 imprimis
594 2219 631 2276 ob
645 2216 835 2284 adulterium,
851 2217 918 2275 licet
932 2219 1010 2277 enim
1025 2219 1171 2276 innocenti
1194 2237 1262 2278 sese
1277 2238 1293 2277 a

91 2316 234 2375 consortio
257 2314 374 2372 adulteri
396 2333 537 2390 separare,
560 2316 715 2392 praesertim
741 2317 948 2375 interueniente
969 2316 1076 2393 judicis
1101 2316 1293 2376 ecclesiastici

92 2412 241 2470 sententia.
284 2410 314 2469 ld
330 2430 366 2468 cx
382 2410 492 2468 Christi
513 2413 616 2479 verbis,
633 2414 822 2489 permittentis
844 2425 875 2471 ut
897 2413 1053 2472 dimittatur
1068 2413 1171 2472 mulier
1184 2415 1222 2474 ob
1237 2414 1294 2473 sor·

93 2509 275 2575 nicationem‚
299 2522 417 2566 constat.
460 2507 539 2566 Idem
561 2509 610 2584 jus
637 2511 775 2585 competit
798 2511 892 2578 uxori,
918 2510 984 2569 nam
1006 2531 1040 2569 ea
1061 2520 1106 2568 est
1128 2522 1293 2570 contractus

94 2618 201 2675 natura,
214 2618 244 2664 ut
258 2625 340 2683 pares
356 2607 413 2664 sint
427 2607 457 2664 in
471 2623 506 2664 eo
521 2605 596 2678 quod
612 2608 734 2683 pertinet
747 2607 782 2666 ad
797 2610 923 2687 conjugii
938 2609 1034 2669 fidem.
1077 2610 1120 2668 lta
1131 2609 1294 2670 docuerunt

93 2705 199 2762 summi
214 2704 276 2770 viri,
300 2703 438 2761 Ecclesiae
463 2702 587 2762 illustres
613 2702 754 2762 doctores.
797 2706 829 2763 S.
851 2706 995 2765 Basilius:
1019 2707 1171 2765 “Domini
1194 2721 1291 2767 autem

93 2802 325 2875 sententiaeque
341 2802 408 2859 viris
421 2820 454 2860 ac
469 2801 634 2859 mulieribus
649 2803 791 2871 convenit,
807 2803 884 2877 quod
899 2824 957 2862 non
971 2805 1085 2863 liceata
1104 2807 1292 2864 matrimonio

93 2897 249 2967 discedere,
266 2908 452 2976 preterquam
468 2909 582 2975 propter
596 2899 860 2959 fornicationem.’‘⁴
900 2901 930 2958 S.
949 2900 1201 2978 Chrysostomus:
1226 2911 1247 2938 ‘⁴
1258 2901 1294 2960 In

93 2997 155 3054 aliis
171 2996 286 3071 quidem
301 2997 365 3074 plus
378 2997 488 3064 habeat,
504 2997 605 3070 inquit,
622 2998 680 3055 vir:
705 2999 752 3057 ubi
768 3017 834 3056 vero
847 2996 916 3057 ratio
932 3000 1061 3058 habenda
1075 3013 1118 3057 est
1134 2999 1292 3076 pudicitiae,

95 3093 213 3152 minime
227 3095 356 3171 superior
370 3099 416 3151 sit.
458 3094 512 3151 Vir
525 3096 570 3152 sui
585 3096 713 3171 corporis
728 3107 897 3172 potestatem
913 3097 1080 3165 nonhabet,
1097 3116 1190 3170 neque
1207 3116 1292 3156 uxor.

95 3191 203 3268 Magna
227 3191 273 3248 hic
301 3191 415 3268 peritas,
441 3200 470 3249 et
497 3192 682 3267 prerogativa
701 3192 825 3251 nulla.'’⁶
866 3193 939 3251 Haec
964 3193 1015 3261 illi,
1042 3213 1092 3270 pro
1117 3197 1292 3252 sacramenti

94 3289 250 3355 sanctitate,
261 3299 289 3345 et
302 3286 452 3362 dignitate3
467 3287 552 3363 longe
567 3287 635 3345 alias
651 3307 684 3345 ac
699 3290 869 3347 recentiores
884 3289 1000 3363 quidam
1014 3292 1063 3363 qui
1078 3300 1198 3348 censent
1209 3290 1292 3368 leges

93 3403 151 3442 non
172 3384 274 3442 debere
299 3382 467 3440 adulterium
488 3383 540 3440 viri
563 3383 685 3459 plectere
711 3385 825 3461 paribus
847 3385 951 3461 poenis,
974 3404 1009 3443 eo
1031 3385 1107 3459 quod
1129 3405 1187 3444 non
1210 3385 1292 3445 idem

93 3483 220 3540 societati
235 3481 310 3540 civili
325 3481 473 3558 proveniat
486 3479 645 3539 damnum·
685 3482 795 3542 Eadem
820 3494 914 3541 tamen
936 3484 969 3542 fit
982 3485 1085 3560 injuria
1100 3495 1295 3559 sacramento,

95 3592 124 3635 et
150 3577 221 3634 fides
249 3576 441 3635 contrahendo
459 3578 590 3654 *praestita
610 3578 739 3647 violatur,
751 3599 827 3637 cum
849 3581 927 3657 gravi
955 3581 1069 3638 alterius
1095 3580 1293 3638 contrahentis

98 3675 211 3751 injuria.
1015 3670 1020 3675 ’

134 3776 183 3832 ul.
206 3770 367 3832 Divertium
382 3775 418 3832 nb
432 3773 600 3833 adulterium
614 3793 785 3833 concessum
803 3783 978 3853 perpetuum
1000 3785 1053 3843 est,
1069 3775 1140 3833 adeo
1162 3786 1193 3834 ut
1208 3776 1293 3836 iuno·

95 3890 162 3931 cens
177 3889 332 3943 numquam
347 3883 470 3930 teneatur
487 3872 649 3932 condonare
663 3872 775 3950 culpam
791 3874 870 3931 alteri
892 3874 960 3933 licet
982 3874 1142 3951 poenitenti,
1163 3873 1198 3932 ad
1223 3895 1293 3935 con-

131 4068 174 4133 (1)
196 4069 206 4114 l
222 4064 281 4114 Cor.
292 4063 334 4114 vii.
347 4065 389 4114 ta.

129 4155 170 4220 (2)
190 4151 229 4203 De
240 4152 302 4218 Syn.
314 4151 391 4202 Dirce.
403 4152 419 4202 l.
431 4152 482 4203 xiii.
494 4169 515 4203 c.
527 4153 578 4203 xxi.
591 4157 615 4214 §.
628 4157 649 4203 1.

132 4239 172 4305 (8)
192 4239 230 4296 lb.
239 4240 255 4290 l.
266 4239 297 4289 vi.
310 4256 330 4289 c.
339 4239 371 4288 iv.
384 4255 409 4288 n.
421 4239 447 4287 4.

129 4328 169 4393 (4)
189 4326 237 4391 Ep.
251 4331 274 4378 1.
285 4327 314 4376 ud
327 4324 535 4392 Amphilochium.

130 4413 170 4479 (5)
189 4412 267 4463 Hom.
276 4413 327 4462 xix.
339 4413 365 4462 in
376 4429 397 4462 c.
410 4411 449 4460 vii.
461 4427 490 4476 ep
506 4411 524 4460 i.
534 4399 564 4460 ad
575 4409 631 4460 Gor.

129 4499 169 4564 (6)
188 4498 368 4563 Montesquieu‚
383 4497 488 4558 Pothier‚
500 4507 525 4548 et
541 4497 634 4562 'Paylor
656 4490 722 4562 apud
734 4486 802 4547 Kerit
814 4493 912 4547 Corum.
925 4497 973 4548 vol.
985 4497 1010 4549 ii.
1022 4513 1046 4564 p.
1056 4498 1088 4550 ir.
1106 4497 1167 4552 Lec.
1177 4503 1256 4554 xxvii.
1268 4520 1294 4555 n.

96 4584 151 4633 106.
