2798 5092
136 349 196 405 288
504 344 561 407 ΒΕ
579 343 723 405 CULTU
745 344 977 405 thGlNlJbl.

137 504 271 581 desuper,
287 512 316 561 et
330 522 394 578 quo
406 505 437 563 in
452 513 524 563 terra
536 503 691 564 deorsum:
715 503 783 563 Nou
795 503 927 562 adorabis
939 522 983 572 ea,
999 521 1094 577 neque
1107 502 1234 563 coles.”²
1258 503 1341 562 Hine

138 602 283 663 Pontificii
306 601 462 663 secuudum
488 603 544 662 hoc
568 602 696 680 decalogi
718 616 892 680 preceptum
914 613 1125 662 consueverunt
1145 603 1290 671 omittere,
1311 612 1343 661 et

138 701 271 761 ultimum
286 699 316 759 in
331 700 388 760 duo
402 700 544 770 scindere,
559 712 590 759 ut
604 719 722 760 numero
738 700 856 778 impleto
870 700 997 759 fraudem
1011 700 1114 759 celent.

177 797 268 874 Resp.
291 797 426 857 Adoratio
449 817 484 857 eo
508 809 650 876 precepto
672 799 759 866 vetita
778 817 812 857 ea
831 809 876 857 est
896 817 958 872 quae
982 799 1046 864 Deo
1067 797 1127 857 dari
1152 797 1341 873 solet„quaut

137 895 216 954 uelas
231 907 275 952 est
289 895 324 953 ad
338 897 477 974 imagines
492 915 544 954 sen
559 884 702 973 sculptilia
716 896 888 955 transferre:
914 905 933 932 “
946 896 1015 954 Non
1029 896 1138 954 iacietis
1153 894 1224 954 deos
1240 914 1342 974 argeu-

139 1002 210 1059 teos,
225 1010 279 1050 nec
293 992 363 1050 deos
377 1012 478 1051 aureos
494 993 604 1051 societis
620 993 748 1051 vobis.”⁸
789 1004 808 1030 ‘⁸
820 994 908 1051 Recte
930 993 965 1051 de
987 993 1043 1051 illia
1066 994 1197 1052 observat
1209 992 1342 1053 Joanues

141 1090 304 1159 Clericus,'’
320 1092 415 1164 iuquit
429 1090 594 1159 Walchius,
620 1091 716 1151 “heic
731 1091 827 1149 Deum
841 1090 975 1150 damnare
989 1108 1084 1150 mores
1104 1102 1133 1150 et
1150 1090 1342 1152 idololatriam

141 1189 350 1267 AEgyptiornm
365 1190 439 1248 inter
453 1208 526 1263 quos
541 1189 670 1248 vixerant
684 1189 829 1248 Israelita.
871 1189 957 1267 Apud
973 1190 1132 1266 AEgyptios
1153 1191 1232 1249 enim
1246 1190 1345 1250 sidera

137 1297 259 1353 etates,
274 1293 424 1363 quaesunt
440 1303 533 1362 supra
546 1284 580 1343 itt
594 1283 671 1344 coelt'a
680 1307 693 1356 ,·
715 1286 867 1344 simulacra
888 1286 1038 1346 hominum
1059 1297 1089 1345 et
1107 1287 1255 1346 brutorum
1276 1304 1344 1366 qne

136 1383 220 1465 infra
233 1384 363 1443 interris
374 1405 386 1454 ,·
402 1385 497 1460 pisces
510 1382 645 1457 denique,
660 1383 713 1461 qui
726 1391 798 1442 aunt
811 1383 844 1442 t‘rt
858 1402 939 1462 uque
949 1384 1038 1443 terra‘r
1051 1384 1195 1464 subjectu,
1208 1385 1344 1445 coleban-

139 1480 233 1539 ιιιι.”8
273 1480 359 1547 Quod
375 1481 403 1538 in
419 1479 595 1537 brevioribus
617 1480 788 1552 quibusdam
810 1480 993 1539 catechismis
1014 1482 1101 1539 verba
1123 1482 1238 1559 objecta
1257 1481 1345 1540 omit·

139 1589 243 1644 tantur,
258 1578 337 1636 nullo
352 1576 459 1635 fraudis
474 1577 597 1635 consilio
610 1578 759 1656 contingit,
771 1575 822 1634 sed
838 1586 869 1635 ot
881 1578 977 1654 poeria
992 1578 1166 1647 consulatur,
1182 1590 1343 1657 praecepto·

139 1692 201 1733 rum
217 1674 373 1731 substantia
388 1683 495 1732 tantum
511 1674 656 1733 memorie
666 1672 902 1733 commendanda.
924 1673 1020 1739 Quum
1034 1674 1120 1751 igitur
1130 1675 1227 1752 priora
1238 1677 1342 1734 rerba:

141 1780 161 1809 ‘⁵
175 1771 244 1830 Nou
260 1770 379 1829 habebis
394 1769 463 1829 deos
478 1770 700 1829 alienoscoram
715 1789 762 1829 me
773 1768 804 1839 ;'’
826 1779 913 1829 totam
935 1771 1071 1850 praecepti
1092 1772 1151 1828 rim
1165 1772 1343 1841 conducant,

138 1888 202 1943 qnoe
226 1868 397 1946 adjiciuntur
419 1868 517 1936 veluti,
532 1867 696 1945 explicandi
719 1887 816 1935 causa,
837 1867 945 1942 absque
966 1867 1026 1926 ullo
1047 1886 1150 1927 sensus
1171 1868 1345 1929 detrimento

140 1978 262 2042 possunt
275 1965 380 2023 omitti.
422 1965 534 2024 Placuit
547 1965 774 2024 Protestantibus
790 1964 935 2041 plerisque
949 1983 1056 2024 norum
1071 1963 1138 2024 inde
1151 1964 1255 2024 cudere
1270 1984 1346 2044 prae·

140 2074 274 2140 ceptum:
307 2060 358 2120 sed
383 2061 540 2120 Lutheraui
563 2062 646 2121 uobis
671 2063 864 2120 assentiuntur
888 2061 1099 2121 distinctionem
1126 2059 1202 2139 apud
1229 2071 1345 2123 veteres

139 2161 231 2239 magis
245 2172 390 2238 receptam
404 2162 600 2233 sequentibus,
616 2178 680 2234 qua
695 2161 787 2237 aptior
801 2173 863 2218 est:
880 2160 1010 2226 “Quum
1024 2159 1199 2228 reformati,”
1215 2160 1347 2220 animad-

139 2258 225 2316 uertit
238 2259 340 2317 iterum
356 2257 519 2327 Walchius,
543 2267 563 2333 ‘f
576 2275 628 2334 pro
649 2275 703 2315 sua
716 2257 857 2316 divisione
871 2256 971 2315 acriter
985 2265 1123 2334 pugnent,
1137 2268 1166 2314 et
1179 2275 1267 2331 quam
1288 2276 1345 2318 nos

140 2357 301 2430 sequimur,
321 2366 354 2414 ut
366 2356 465 2415 salsam
480 2369 564 2431 atque
579 2375 726 2416 erroneam
742 2357 884 2434 rejiciunt,
906 2358 1008 2416 merito
1027 2357 1085 2416 illis
1108 2357 1343 2424 contradicimus.

140 2465 170 2512 et
183 2453 360 2529 gravissimis
374 2455 559 2529 argumentis,
575 2464 702 2512 nostram
723 2453 868 2512 diuidendi
884 2453 1022 2512 rationem
1044 2453 1248 2531 preferendam
1264 2473 1343 2527 sese,

139 2546 341 2608 monstramus.
382 2548 512 2606 Primum
527 2548 555 2606 id
572 2559 647 2625 patet
661 2567 698 2608 ex
712 2549 808 2608 indole
822 2550 915 2626 ipsius
927 2551 979 2619 rei,
992 2568 1056 2624 quae
1065 2551 1094 2609 iu
1107 2551 1259 2628 preceptio
1274 2570 1346 2611 cou-

141 2648 276 2707 troversis
291 2645 493 2723 praescribitur.
534 2646 568 2705 ln
589 2647 684 2724 primo
706 2657 735 2705 et
754 2647 832 2721 quod
852 2647 998 2707 reformati
1011 2649 1197 2718 constituunt,
1212 2649 1347 2710 secundo

139 2745 262 2804 occurrit
276 2763 321 2802 res
338 2742 449 2801 eadem.
491 2743 576 2810 Quod
591 2744 669 2802 enim
684 2745 713 2802 iu
735 2745 828 2821 primo
843 2745 1009 2822 prohibetur
1024 2745 1118 2820 quoad
1139 2765 1249 2825 genunt
1271 2746 1346 2807 illud

140 2859 255 2915 quoque
271 2841 300 2899 in
314 2839 441 2898 secundo
457 2840 623 2917 prohibetur
637 2851 666 2899 et
689 2840 892 2901 determinatur
916 2842 1011 2916 quoad
1031 2844 1170 2922 speciem.
1213 2832 1252 2903 Al
1271 2862 1344 2905 vero

140 2941 170 2998 iu
185 2939 334 3016 praeceptis
349 2956 425 2995 nono
440 2946 469 2994 et
494 2936 617 3005 decimo,
633 2957 696 3012 quae
711 2939 855 2998 reformati
869 2941 957 2999 veluti
971 2960 1059 3000 unum
1082 2934 1274 3020 conjungunt,
1293 2941 1344 3001 ob-

129 3040 244 3118 ¹jectum
258 3049 303 3096 cst
312 3036 455 3094 diversum
470 3055 503 3094 ac
514 3046 623 3113 spectat
636 3036 676 3094 ad·
686 3037 877 3098 diversitatem
892 3057 985 3115 pravae
1000 3038 1173 3117 cupiditatis.
1216 3038 1252 3098 ld
1263 3039 1345 3114 quod

140 3144 337 3214 argumentum
353 3152 388 3192 eo
402 3134 518 3191 nomine
532 3133 646 3192 firmum
661 3144 748 3193 estet
767 3154 862 3212 grave,
888 3137 1024 3208 quoniam
1045 3155 1083 3196 ex
1107 3137 1288 3215 objectorum
1302 3137 1345 3197 di·

142 3235 274 3299 versitate
289 3230 432 3308 dependet
445 3229 595 3288 diversitas
610 3241 828 3308 praeceptorum.
870 3232 916 3292 Ad
941 3233 1002 3293 haec
1025 3245 1125 3293 nostra
1143 3233 1249 3293 divisio
1271 3253 1344 3312 prte-

139 3331 244 3391 sidium
260 3347 344 3387 suum
361 3327 446 3385 habet
463 3327 493 3385 in
508 3328 733 3397 accentuatione,
748 3329 825 3403 quod
841 3330 968 3406 pluribus
984 3331 1111 3409 theologi
1133 3332 1224 3391 nostri
1237 3318 1344 3392 docue-

139 3426 250 3486 runt.”⁴
291 3425 364 3484 Haec
373 3423 552 3482 Lutheranus
566 3423 726 3503 theologus.
769 3426 803 3485 Id
814 3427 898 3485 liceat
908 3427 1030 3505 adjicere
1043 3429 1128 3487 verba
1143 3427 1276 3506 decalogi
1283 3448 1344 3489 nou

140 3523 240 3581 eadam
254 3525 327 3581 serie
346 3521 377 3581 iu
391 3521 642 3590 Deuteronomio,⁵
662 3533 690 3580 et
704 3523 932 3592 Exodorelerri,
948 3525 1022 3583 unde
1037 3534 1115 3602 patet
1137 3544 1256 3586 sensum
1271 3545 1345 3605 pras·

144 3620 229 3696 cipue
243 3620 358 3696 respici,
373 3619 424 3693 qui
444 3630 572 3677 accurate
589 3631 618 3677 et
639 3619 749 3679 sincere
764 3622 794 3679 in
809 3621 978 3680 brevissima
991 3640 1105 3696 quaque
1121 3623 1344 3684 Catholicoram

144 3715 266 3776 formula
275 3716 402 3774 habetur.
432 3714 577 3775 Ceterum
592 3717 740 3794 ipsissima
750 3720 835 3777 verba
848 3737 884 3778 co
898 3737 956 3798 quo
970 3718 1128 3778 referuntur
1142 3730 1264 3795 utroque
1278 3721 1346 3781 loco

142 3815 242 3874 ordine
257 3815 287 3872 in
302 3814 404 3872 Bibliis
420 3813 579 3872 Catholicis
593 3817 791 3892 reperiuntur;
814 3830 842 3874 et
855 3818 886 3876 in
899 3816 1075 3877 catechismo
1089 3818 1233 3888 Romano,
1256 3831 1346 3897 prout

142 3914 170 3972 in
186 3910 291 3992 Exodo
306 3922 382 3976 sunt,
397 3911 560 3980 recitantur,
575 3913 649 3971 sient
662 3924 692 3970 et
715 3913 745 3970 iu
760 3913 904 3989 plerisque
926 3913 1109 3973 catechismis
1123 3917 1342 3993 prolixioribus,

142 4010 299 4087 praesertim
313 4008 361 4079 qui
377 4004 535 4065 adultorum
550 4010 616 4067 usui
630 4008 816 4076 destinantur,
826 4010 898 4068 adeo
912 4021 944 4068 ut
954 4009 1053 4088 putida
1066 4011 1104 4069 sit
1118 4013 1263 4073 calumnia
1274 3994 1346 4093 prte-

142 4117 255 4184 ceptum
270 4104 428 4169 secundum
443 4104 545 4163 omitti.

406 4326 450 4392 (l)
469 4323 550 4374 Exod.
562 4326 639 4374 ml.

405 4414 448 4479 (2)
468 4410 561 4461 Ibidem
573 4414 614 4462 2³.

406 4497 449 4563 (3)
468 4495 560 4546 Introd.
570 4495 601 4553 ad
613 4495 654 4546 lib.
672 4497 775 4560 symbol.
787 4496 830 4546 tt
842 4511 862 4546 o
875 4495 907 4545 vi,
920 4498 944 4554 ξ.
955 4495 989 4544 xl·
997 4510 1021 4560 p.
1034 4495 1092 4543 656.

406 4579 448 4643 (4)
470 4577 572 4628 Ibidem.

405 4664 448 4729 (5)
467 4662 542 4714 Dent.
552 4678 575 4711 r.
660 4724 662 4735 Ι
