2798 5092
150 366 209 424 243
457 358 514 422 DE
533 358 842 420 VENERATIONE
863 358 1029 422 CRUCIB.

150 521 320 583 adorandam
332 519 449 600 populo,
461 520 594 598 princeps
607 519 672 598 ipss
686 521 881 578 venerantium
894 519 1049 598 promit.”¹
1088 518 1131 578 lta
1146 519 1232 578 refert
1249 519 1348 580 Pauli·

149 640 203 682 nus
218 621 360 680 Nolanus.
402 619 433 679 S.
449 619 676 696 chrysostomus
689 617 776 676 dicit:
799 626 819 656 ⁴⁸
829 616 932 695 ipsum
956 618 1067 697 lignum
1090 619 1121 677 in
1142 637 1201 692 quo
1217 619 1347 696 positum

35 750 37 757 ·
148 728 278 778 sanctum
293 734 395 794 corpus
417 717 536 776 Domini
556 726 586 775 et
598 716 777 784 cmcifixum,
792 726 898 788 quanto
912 716 1041 775 omnium
1056 714 1152 774 studio
1173 717 1347 794 expetitur!

149 817 249 891 ltaque
263 815 344 875 multi
358 816 495 893 exiguum
509 832 548 873 ex
562 830 598 874 ec
623 813 742 873 frustum
757 812 863 892 adepti,
876 826 947 873 turo
970 813 1158 882 includentes,
1174 814 1230 873 viri
1245 815 1351 892 pariter

149 934 181 974 ac
201 914 335 982 t'oeminre,
357 911 393 970 de
404 912 478 971 collo
491 929 546 970 suo
560 909 785 988 suspendunt.”⁸
815 911 847 969 S.
863 910 924 970 Leo
938 910 973 970 nd
986 909 1156 970 iuvenalem
1172 910 1350 988 Hierusoly-

150 1015 288 1072 mitanum
302 1012 434 1089 scripsit:
458 1019 477 1046 “
490 1009 660 1069 Particulam
677 1008 840 1068 Dominicss
853 1009 947 1068 crucis
962 1028 1028 1068 cum
1045 1009 1169 1086 eulogiis
1184 1007 1351 1069 dilectionis

148 1122 248 1170 restrae
262 1118 430 1171 veneranter
442 1105 589 1185 accepi.‘'⁸
628 1106 701 1165 Huc
715 1106 751 1164 de
765 1127 832 1166 vera
845 1125 940 1166 cruce.
981 1107 1027 1166 De
1050 1107 1176 1180 qualibet
1198 1109 1263 1185 ejus
1279 1109 1352 1166 ima·

148 1209 214 1287 gine
229 1219 273 1267 sat
287 1208 340 1266 erit
354 1205 533 1266 Theodoreti
546 1205 664 1263 recitare
680 1205 784 1263 verba:
808 1214 828 1242 ‘⁸
842 1205 948 1274 Greci,
964 1205 1099 1273 Romani,
1115 1224 1148 1263 ac
1159 1205 1273 1266 barbari
1290 1224 1354 1265 cru·

90 1279 112 1413 l
145 1306 265 1365 cifixum
280 1304 446 1382 profitentes
461 1302 568 1370 Deum,
583 1301 733 1375 crucisque
748 1283 862 1380 signum
877 1300 1090 1406 venerantes-”⁴

551 1477 752 1519 ossuc'rtotoes
765 1477 951 1520 SOLVUNTUR.

188 1625 254 1681 163.
280 1620 347 1700 Obj.
370 1625 397 1679 l.
419 1618 564 1678 Fabellam
579 1618 654 1697 sapit
668 1619 716 1678 illa
730 1619 765 1677 de
781 1637 865 1678 cruce
879 1618 910 1677 in
924 1619 998 1678 coelo
1014 1618 1075 1679 visa
1089 1621 1227 1679 narratio.

186 1716 277 1795 Resp.
300 1717 496 1776 Gravissimus
511 1715 639 1794 profecto
651 1717 730 1774 testis
743 1715 951 1774 Constantinus
962 1716 1111 1775 habendus
1123 1728 1179 1785 est,
1190 1719 1351 1795 praesertim

149 1833 239 1889 quum
252 1815 413 1874 christianae
435 1814 583 1892 religionis
603 1814 791 1891 patrocinium
812 1815 980 1892 susceperit,
997 1815 1140 1892 majorum
1161 1835 1284 1876 suorum
1300 1836 1348 1877 ex·

149 1913 253 1991 amplis
268 1913 448 1990 posthabitis.
491 1913 586 1971 Tanta
599 1930 694 1971 rerum
708 1913 861 1971 conversio
880 1930 948 1972 eum
963 1914 1074 1973 visione
1087 1914 1136 1973 illa
1149 1917 1345 1996 conjungitur,

150 2028 181 2071 ut
194 2012 257 2071 haec
272 2012 397 2071 maxime
412 2010 564 2070 suadeatur
577 2010 730 2070 credenda.

191 2113 259 2169 164.
285 2109 352 2189 ooj.
367 2114 397 2167 2.
419 2109 565 2168 Eusebius
580 2107 615 2166 de
629 2127 714 2167 cruce
734 2109 850 2168 inventa
868 2109 944 2180 silet,
959 2109 1084 2190 diligens
1098 2111 1230 2186 alioquin
1251 2132 1344 2174 rerum

150 2228 204 2269 suo
218 2216 346 2286 tempore
360 2221 504 2285 gestarum
518 2207 630 2266 relator.

189 2307 280 2386 Resp.
303 2307 456 2365 Silentium
471 2305 556 2364 unius
571 2304 693 2365 Eusebii
707 2324 764 2365 non
781 2317 875 2384 potest
896 2307 1050 2384 praevalere
1068 2309 1243 2369 testimoniis
1260 2312 1347 2390 scrip·

149 2415 244 2464 torum
258 2403 446 2481 plurimorum
462 2421 623 2461 coaevurum
639 2403 685 2461 vel
698 2407 877 2482 supparium,
893 2415 922 2464 et
936 2407 1091 2467 notissimo
1106 2408 1197 2467 cultui
1212 2409 1263 2483 qui
1279 2409 1350 2470 Hie·

151 2499 307 2577 rosolymis
322 2499 399 2557 cruci
420 2496 556 2575 deinceps
571 2500 765 2574 prestabatur.
808 2499 938 2580 Cyrillus
960 2504 1258 2582 Hierosolymitanus,
1275 2526 1350 2567 mnu

153 2599 212 2654 350
233 2593 267 2652 ad
283 2591 487 2653 Constantium
508 2595 648 2664 scribens,
665 2595 792 2672 optimus
812 2607 858 2656 est
872 2600 952 2657 testis
973 2601 1013 2659 rei
1036 2600 1253 2681 Hierosolymis
1276 2624 1352 2664 anno

154 2694 213 2751 326
226 2699 326 2769 geste,
340 2699 369 2747 et
383 2689 498 2767 publico
514 2690 592 2749 cultu
605 2691 771 2751 celebratas:
795 2694 973 2774 “Tempore
997 2699 1113 2774 quidem
1135 2700 1202 2759 Deo
1223 2702 1352 2763 dilectis·

152 2791 229 2858 simi,
252 2789 399 2862 beataque
425 2789 570 2847 memoriae
594 2790 681 2867 patris
697 2791 738 2849 tui
761 2791 955 2865 Constantini,
977 2797 1099 2856 salutare
1120 2801 1215 2858 crucis
1236 2801 1350 2880 lignum

152 2892 300 2948 inventum
314 2898 378 2947 est:
401 2886 497 2946 divina
510 2888 600 2965 gratia
614 2889 640 2946 ei
654 2890 704 2962 qui
725 2891 860 2966 pietatem
875 2904 949 2952 recte
964 2897 1109 2969 quaerebat
1122 2897 1210 2958 etiam
1222 2901 1351 2960 occulto·

153 3005 216 3045 rum
243 2997 402 3044 sanctorum
425 2984 556 3045 locorum
577 2986 772 3047 inventionem
787 2989 978 3050 annuente.'’³
1019 2994 1161 3053 Proeterea
1175 2997 1205 3055 in
1227 2999 1351 3075 epistola

154 3081 337 3141 Constantini
352 3081 388 3140 ad
403 3081 561 3140 Macarium
574 3082 886 3161 Hierosolymitanum,
902 3105 989 3162 quam
1007 3089 1092 3149 essert
1104 3091 1265 3163 Eusebius,
1280 3095 1352 3154 indi·

155 3179 476 3269 ⁰Qmffifflffl

198 3283 262 3338 165.
289 3276 356 3357 obj.
372 3283 400 3335 3.
423 3276 571 3335 Minucius
586 3276 670 3335 Felix
685 3288 829 3353 tamquam
840 3280 1012 3343 calumniam
1025 3284 1127 3344 refellit
1139 3287 1251 3353 crimen
1263 3290 1352 3350 chris·

155 3376 238 3435 tinnis
254 3376 395 3453 objectum
411 3371 489 3447 quod
511 3391 624 3432 crucem
639 3374 784 3434 colerent:
816 3377 957 3437 “Cruces
972 3380 1059 3440 etiam
1079 3400 1134 3442 nec
1148 3385 1284 3457 colimus,
1300 3408 1352 3448 nec

156 3468 336 3548 optamus.’'⁷

196 3565 285 3645 Reep.
307 3566 489 3643 Objiciebant
502 3566 610 3625 ethnici
631 3568 803 3638 christianis,
819 3571 896 3644 quod
918 3581 937 3609 ‘⁶
950 3573 1098 3635 hominem
1113 3595 1230 3639 summo
1244 3583 1353 3661 suppli·

158 3664 204 3722 cio
224 3683 277 3740 pru
291 3664 415 3722 facinore
436 3663 624 3740 puditumst
643 3669 736 3723 crucis
756 3668 834 3745 ligna
856 3667 954 3729 feralia
974 3672 1133 3732 colerent.”
1177 3676 1298 3754 Optime
1314 3699 1354 3739 re·

158 3761 276 3840 spondit
289 3762 336 3820 ille
350 3760 520 3819 christianos
535 3781 588 3821 nec
601 3764 696 3822 colere
712 3783 763 3822 nec
778 3777 876 3842 optare
891 3787 991 3829 cruces
1000 3771 1066 3829 illes
1078 3772 1107 3830 in
1121 3776 1226 3848 quibus
1239 3779 1353 3837 scelesti

159 3860 291 3918 homines
315 3859 431 3918 luebant
452 3877 570 3935 prenes3
592 3878 645 3919 nec
668 3860 733 3920 ideo
757 3864 922 3941 censendus
940 3879 984 3927 est
1004 3887 1126 3946 negasse
1148 3875 1226 3932 cruci
1248 3876 1277 3934 in
1299 3896 1355 3951 qua

162 3957 295 4016 Christus
310 3974 413 4033 passus
428 3966 471 4014 est
485 3954 586 4015 deferri
599 3957 749 4016 honorem.

426 4131 468 4199 (l)
487 4133 535 4197 Ep.
547 4135 580 4184 ri.
591 4134 621 4184 sd
638 4135 764 4189 Seuerum.

424 4221 466 4286 (2)
486 4220 561 4270 Hom.
574 4221 646 4281 Quod
656 4220 770 4272 Christus
780 4222 812 4272 sit
823 4222 898 4274 Deus

425 4309 465 4373 (3)
485 4306 534 4372 Ep.
544 4308 612 4357 lxxii.

426 4396 469 4462 (4)
489 4395 567 4445 Serm.
580 4396 610 4446 vi.
621 4395 716 4447 Contra
726 4397 832 4448 Graecos.

428 4483 470 4549 (5)
489 4483 538 4548 Ep.
550 4481 581 4532 ed
592 4481 773 4533 Constantium.

429 4567 471 4633 (6)
490 4568 521 4617 In
532 4568 582 4618 vitu
592 4567 751 4619 Constantini
763 4571 779 4618 l.
791 4569 826 4618 iii.
838 4585 858 4618 c.
870 4568 940 4621 xxix.

427 4654 469 4716 (7)
489 4654 522 4705 ln
533 4655 642 4706 Octavio.
