<?xml version="1.0" encoding="UTF-8"?>
<!DOCTYPE html PUBLIC "-//W3C//DTD XHTML 1.0 Transitional//EN"
    "http://www.w3.org/TR/xhtml1/DTD/xhtml1-transitional.dtd">
<html xmlns="http://www.w3.org/1999/xhtml" xml:lang="en" lang="en">
 <head>
  <title>
</title>
<meta http-equiv="Content-Type" content="text/html;charset=utf-8" />
  <meta name='ocr-system' content='tesseract 3.04.00' />
  <meta name='ocr-capabilities' content='ocr_page ocr_carea ocr_par ocr_line ocrx_word'/>
</head>
<body>
  <div class='ocr_page' id='page_1' title='image "./theologidogmati02kenrgoog_0079.png"; bbox 0 0 2798 5092; ppageno 0'>
   <div class='ocr_carea' id='block_1_1' title="bbox 92 337 886 401">
    <p class='ocr_par' dir='ltr' id='par_1_1' title="bbox 92 337 886 401">
     <span class='ocr_line' id='line_1_1' title="bbox 92 337 886 401; baseline -0.005 -1"><span class='ocrx_word' id='word_1_1' title='bbox 92 342 134 401; x_wconf 77' lang='grc'>76</span> <span class='ocrx_word' id='word_1_2' title='bbox 492 337 626 397; x_wconf 82' lang='lat' dir='ltr'><strong>SACRO</strong></span> <span class='ocrx_word' id='word_1_3' title='bbox 650 338 886 398; x_wconf 83' lang='lat' dir='ltr'><strong>OOELIBATU.</strong></span> 
     </span>
    </p>
   </div>
   <div class='ocr_carea' id='block_1_2' title="bbox 90 495 1303 1239">
    <p class='ocr_par' dir='ltr' id='par_1_2' title="bbox 90 495 1303 1239">
     <span class='ocr_line' id='line_1_2' title="bbox 102 495 1303 573; baseline 0 -19"><span class='ocrx_word' id='word_1_4' title='bbox 102 496 255 555; x_wconf 84' lang='lat' dir='ltr'>Generalis</span> <span class='ocrx_word' id='word_1_5' title='bbox 269 496 317 555; x_wconf 84' lang='lat' dir='ltr'>lex</span> <span class='ocrx_word' id='word_1_6' title='bbox 330 496 408 555; x_wconf 87' lang='lat' dir='ltr'>civili</span> <span class='ocrx_word' id='word_1_7' title='bbox 423 497 580 565; x_wconf 88' lang='lat' dir='ltr'>sanctione,</span> <span class='ocrx_word' id='word_1_8' title='bbox 595 498 750 573; x_wconf 81' lang='lat' dir='ltr'>Ancyrano</span> <span class='ocrx_word' id='word_1_9' title='bbox 764 508 868 555; x_wconf 87' lang='lat' dir='ltr'>statuto</span> <span class='ocrx_word' id='word_1_10' title='bbox 882 496 1045 557; x_wconf 89' lang='lat' dir='ltr'>ediametro</span> <span class='ocrx_word' id='word_1_11' title='bbox 1060 495 1190 563; x_wconf 81' lang='lat' dir='ltr'>adversa,</span> <span class='ocrx_word' id='word_1_12' title='bbox 1199 507 1303 573; x_wconf 89' lang='lat' dir='ltr'>postea</span> 
     </span>
     <span class='ocr_line' id='line_1_3' title="bbox 99 593 1296 672; baseline 0.003 -20"><span class='ocrx_word' id='word_1_13' title='bbox 99 597 208 653; x_wconf 88' lang='lat' dir='ltr'>munita</span> <span class='ocrx_word' id='word_1_14' title='bbox 221 604 282 653; x_wconf 91' lang='lat' dir='ltr'>est:</span> <span class='ocrx_word' id='word_1_15' title='bbox 306 605 326 630; x_wconf 90' lang='grc'>“</span> <span class='ocrx_word' id='word_1_16' title='bbox 336 596 367 652; x_wconf 83' lang='lat' dir='ltr'>Si</span> <span class='ocrx_word' id='word_1_17' title='bbox 383 594 492 652; x_wconf 81' lang='lat' dir='ltr'>iuturus</span> <span class='ocrx_word' id='word_1_18' title='bbox 506 593 630 653; x_wconf 90' lang='lat' dir='ltr'>ordinari</span> <span class='ocrx_word' id='word_1_19' title='bbox 644 593 781 659; x_wconf 90' lang='lat' dir='ltr'>diaconus</span> <span class='ocrx_word' id='word_1_20' title='bbox 796 614 855 653; x_wconf 93' lang='lat' dir='ltr'>non</span> <span class='ocrx_word' id='word_1_21' title='bbox 876 595 1006 654; x_wconf 85' lang='lat' dir='ltr'>habuerit</span> <span class='ocrx_word' id='word_1_22' title='bbox 1019 613 1139 654; x_wconf 87' lang='lat' dir='ltr'>uxorem</span> <span class='ocrx_word' id='word_1_23' title='bbox 1155 596 1296 672; x_wconf 84' lang='lat' dir='ltr'>conjunc·</span> 
     </span>
     <span class='ocr_line' id='line_1_4' title="bbox 96 692 1297 770; baseline 0.002 -20"><span class='ocrx_word' id='word_1_24' title='bbox 96 704 151 751; x_wconf 92' lang='lat' dir='ltr'>tam</span> <span class='ocrx_word' id='word_1_25' title='bbox 168 693 233 757; x_wconf 89' lang='lat' dir='ltr'>sibi.</span> <span class='ocrx_word' id='word_1_26' title='bbox 247 711 304 751; x_wconf 93' lang='lat' dir='ltr'>non</span> <span class='ocrx_word' id='word_1_27' title='bbox 327 692 406 751; x_wconf 83' lang='lat' dir='ltr'>aliter</span> <span class='ocrx_word' id='word_1_28' title='bbox 430 692 586 757; x_wconf 86' lang='lat' dir='ltr'>ordinetur,</span> <span class='ocrx_word' id='word_1_29' title='bbox 601 693 656 751; x_wconf 90' lang='lat' dir='ltr'>nisi</span> <span class='ocrx_word' id='word_1_30' title='bbox 680 695 758 769; x_wconf 85' lang='lat' dir='ltr'>prius</span> <span class='ocrx_word' id='word_1_31' title='bbox 784 694 818 751; x_wconf 88' lang='lat' dir='ltr'>ab</span> <span class='ocrx_word' id='word_1_32' title='bbox 842 692 991 752; x_wconf 88' lang='lat' dir='ltr'>ordinante</span> <span class='ocrx_word' id='word_1_33' title='bbox 1003 712 1069 752; x_wconf 92' lang='lat' dir='ltr'>eum</span> <span class='ocrx_word' id='word_1_34' title='bbox 1092 693 1297 770; x_wconf 82' lang='lat' dir='ltr'>iuterrogatus,</span> 
     </span>
     <span class='ocr_line' id='line_1_5' title="bbox 97 789 1295 867; baseline 0.003 -20"><span class='ocrx_word' id='word_1_35' title='bbox 97 790 260 866; x_wconf 80' lang='lat' dir='ltr'><strong>promiserit</strong></span> <span class='ocrx_word' id='word_1_36' title='bbox 273 809 359 866; x_wconf 89' lang='lat' dir='ltr'>posse</span> <span class='ocrx_word' id='word_1_37' title='bbox 374 803 439 866; x_wconf 91' lang='lat' dir='ltr'>post</span> <span class='ocrx_word' id='word_1_38' title='bbox 452 789 659 849; x_wconf 83' lang='lat' dir='ltr'>ordinationem</span> <span class='ocrx_word' id='word_1_39' title='bbox 674 802 702 848; x_wconf 90' lang='lat' dir='ltr'>et</span> <span class='ocrx_word' id='word_1_40' title='bbox 717 792 779 848; x_wconf 90' lang='lat' dir='ltr'>sine</span> <span class='ocrx_word' id='word_1_41' title='bbox 793 790 920 867; x_wconf 84' lang='lat' dir='ltr'>legitima</span> <span class='ocrx_word' id='word_1_42' title='bbox 934 809 1023 849; x_wconf 86' lang='lat' dir='ltr'>uxore</span> <span class='ocrx_word' id='word_1_43' title='bbox 1038 790 1158 849; x_wconf 81' lang='lat' dir='ltr'>honeste</span> <span class='ocrx_word' id='word_1_44' title='bbox 1174 791 1295 851; x_wconf 84' lang='lat' dir='ltr'>vivere:</span> 
     </span>
     <span class='ocr_line' id='line_1_6' title="bbox 93 887 1295 965; baseline 0.002 -19"><span class='ocrx_word' id='word_1_45' title='bbox 93 907 152 946; x_wconf 92' lang='lat' dir='ltr'>nou</span> <span class='ocrx_word' id='word_1_46' title='bbox 166 888 275 946; x_wconf 84' lang='lat' dir='ltr'>valente</span> <span class='ocrx_word' id='word_1_47' title='bbox 287 907 322 944; x_wconf 93' lang='lat' dir='ltr'>eo</span> <span class='ocrx_word' id='word_1_48' title='bbox 337 888 387 961; x_wconf 91' lang='lat' dir='ltr'>qui</span> <span class='ocrx_word' id='word_1_49' title='bbox 401 888 522 954; x_wconf 88' lang='lat' dir='ltr'>ordinat,</span> <span class='ocrx_word' id='word_1_50' title='bbox 538 889 567 945; x_wconf 93' lang='lat' dir='ltr'>in</span> <span class='ocrx_word' id='word_1_51' title='bbox 590 900 718 964; x_wconf 85' lang='lat' dir='ltr'>tempore</span> <span class='ocrx_word' id='word_1_52' title='bbox 733 889 920 946; x_wconf 73' lang='lat' dir='ltr'>ordinationis</span> <span class='ocrx_word' id='word_1_53' title='bbox 948 888 1112 965; x_wconf 83' lang='lat' dir='ltr'>permittere</span> <span class='ocrx_word' id='word_1_54' title='bbox 1135 887 1295 948; x_wconf 89' lang='lat' dir='ltr'>diaconum</span> 
     </span>
     <span class='ocr_line' id='line_1_7' title="bbox 90 986 1297 1064; baseline 0.002 -20"><span class='ocrx_word' id='word_1_55' title='bbox 90 997 139 1044; x_wconf 83' lang='lat' dir='ltr'>eut</span> <span class='ocrx_word' id='word_1_56' title='bbox 162 987 378 1052; x_wconf 78' lang='lat' dir='ltr'>subdiaconum,</span> <span class='ocrx_word' id='word_1_57' title='bbox 404 1001 469 1063; x_wconf 90' lang='lat' dir='ltr'>post</span> <span class='ocrx_word' id='word_1_58' title='bbox 491 986 698 1044; x_wconf 84' lang='lat' dir='ltr'>ordinationem</span> <span class='ocrx_word' id='word_1_59' title='bbox 726 1007 846 1045; x_wconf 90' lang='lat' dir='ltr'>uxorem</span> <span class='ocrx_word' id='word_1_60' title='bbox 867 986 1046 1064; x_wconf 84' lang='lat' dir='ltr'>accipere.&#39;’²</span> <span class='ocrx_word' id='word_1_61' title='bbox 1087 987 1213 1064; x_wconf 89' lang='lat' dir='ltr'>Insuper</span> <span class='ocrx_word' id='word_1_62' title='bbox 1235 989 1297 1047; x_wconf 85' lang='lat' dir='ltr'>ani-</span> 
     </span>
     <span class='ocr_line' id='line_1_8' title="bbox 91 1081 1298 1161; baseline 0.003 -21"><span class='ocrx_word' id='word_1_63' title='bbox 91 1081 327 1140; x_wconf 85' lang='lat' dir='ltr'>madvertendum</span> <span class='ocrx_word' id='word_1_64' title='bbox 343 1083 422 1159; x_wconf 90' lang='lat' dir='ltr'>ipsos</span> <span class='ocrx_word' id='word_1_65' title='bbox 440 1095 532 1158; x_wconf 88' lang='lat' dir='ltr'>patres</span> <span class='ocrx_word' id='word_1_66' title='bbox 547 1085 716 1157; x_wconf 83' lang='lat' dir='ltr'>Ancyranos</span> <span class='ocrx_word' id='word_1_67' title='bbox 732 1085 906 1160; x_wconf 90' lang='lat' dir='ltr'>presbyteris</span> <span class='ocrx_word' id='word_1_68' title='bbox 921 1083 968 1141; x_wconf 87' lang='lat' dir='ltr'>vel</span> <span class='ocrx_word' id='word_1_69' title='bbox 978 1083 1125 1161; x_wconf 89' lang='lat' dir='ltr'>episcopis</span> <span class='ocrx_word' id='word_1_70' title='bbox 1151 1102 1210 1142; x_wconf 92' lang='lat' dir='ltr'>non</span> <span class='ocrx_word' id='word_1_71' title='bbox 1233 1102 1298 1144; x_wconf 81' lang='lat' dir='ltr'>eam</span> 
     </span>
     <span class='ocr_line' id='line_1_9' title="bbox 91 1179 385 1239; baseline 0.003 -2"><span class='ocrx_word' id='word_1_72' title='bbox 91 1179 196 1238; x_wconf 85' lang='lat' dir='ltr'>fecisse</span> <span class='ocrx_word' id='word_1_73' title='bbox 211 1180 385 1239; x_wconf 84' lang='lat' dir='ltr'>facultatem.</span> 
     </span>
    </p>
   </div>
   <div class='ocr_carea' id='block_1_3' title="bbox 598 1359 832 1400">
    <p class='ocr_par' dir='ltr' id='par_1_3' title="bbox 598 1359 832 1400">
     <span class='ocr_line' id='line_1_10' title="bbox 598 1359 832 1400; baseline 0.009 -2"><span class='ocrx_word' id='word_1_74' title='bbox 598 1359 832 1400; x_wconf 75' lang='lat' dir='ltr'><strong>ANIMADVERSIO·</strong></span> 
     </span>
    </p>
   </div>
   <div class='ocr_carea' id='block_1_4' title="bbox 89 1491 1301 1966">
    <p class='ocr_par' dir='ltr' id='par_1_4' title="bbox 89 1491 1301 1966">
     <span class='ocr_line' id='line_1_11' title="bbox 129 1491 1298 1577; baseline 0.003 -22"><span class='ocrx_word' id='word_1_75' title='bbox 129 1497 177 1555; x_wconf 83' lang='lat' dir='ltr'>Ex</span> <span class='ocrx_word' id='word_1_76' title='bbox 192 1496 358 1576; x_wconf 80' lang='lat' dir='ltr'>disceptatis</span> <span class='ocrx_word' id='word_1_77' title='bbox 379 1499 469 1572; x_wconf 91' lang='lat' dir='ltr'>liquet</span> <span class='ocrx_word' id='word_1_78' title='bbox 483 1499 630 1559; x_wconf 84' lang='lat' dir='ltr'>coelibatus</span> <span class='ocrx_word' id='word_1_79' title='bbox 645 1499 838 1577; x_wconf 85' lang='lat' dir='ltr'>disciplinam,</span> <span class='ocrx_word' id='word_1_80' title='bbox 854 1510 994 1574; x_wconf 90' lang='lat' dir='ltr'>quatenus</span> <span class='ocrx_word' id='word_1_81' title='bbox 1009 1491 1086 1557; x_wconf 73' lang='lat' dir='ltr'>uetat</span> <span class='ocrx_word' id='word_1_82' title='bbox 1099 1517 1136 1557; x_wconf 92' lang='lat' dir='ltr'>ne</span> <span class='ocrx_word' id='word_1_83' title='bbox 1150 1498 1298 1558; x_wconf 88' lang='lat' dir='ltr'>matrimo-</span> 
     </span>
     <span class='ocr_line' id='line_1_12' title="bbox 89 1594 1296 1673; baseline 0.005 -22"><span class='ocrx_word' id='word_1_84' title='bbox 89 1594 170 1652; x_wconf 88' lang='lat' dir='ltr'>nium</span> <span class='ocrx_word' id='word_1_85' title='bbox 185 1607 249 1670; x_wconf 90' lang='lat' dir='ltr'>post</span> <span class='ocrx_word' id='word_1_86' title='bbox 264 1595 393 1654; x_wconf 91' lang='lat' dir='ltr'>ordinem</span> <span class='ocrx_word' id='word_1_87' title='bbox 405 1617 517 1656; x_wconf 89' lang='lat' dir='ltr'>sacrum</span> <span class='ocrx_word' id='word_1_88' title='bbox 529 1610 696 1673; x_wconf 91' lang='lat' dir='ltr'>susceptum</span> <span class='ocrx_word' id='word_1_89' title='bbox 707 1598 818 1656; x_wconf 91' lang='lat' dir='ltr'>ineatur</span> <span class='ocrx_word' id='word_1_90' title='bbox 828 1596 949 1654; x_wconf 87' lang='lat' dir='ltr'>derivari</span> <span class='ocrx_word' id='word_1_91' title='bbox 961 1597 995 1654; x_wconf 89' lang='lat' dir='ltr'>ab</span> <span class='ocrx_word' id='word_1_92' title='bbox 1008 1597 1072 1673; x_wconf 89' lang='lat' dir='ltr'>ipsa</span> <span class='ocrx_word' id='word_1_93' title='bbox 1086 1597 1296 1673; x_wconf 77' lang='lat' dir='ltr'>Apostolorum</span> 
     </span>
     <span class='ocr_line' id='line_1_13' title="bbox 90 1693 1301 1772; baseline 0.003 -22"><span class='ocrx_word' id='word_1_94' title='bbox 90 1703 181 1758; x_wconf 80' lang='lat' dir='ltr'>oetate,</span> <span class='ocrx_word' id='word_1_95' title='bbox 196 1703 224 1750; x_wconf 93' lang='lat' dir='ltr'>et</span> <span class='ocrx_word' id='word_1_96' title='bbox 235 1693 324 1752; x_wconf 85' lang='lat' dir='ltr'>fuisse</span> <span class='ocrx_word' id='word_1_97' title='bbox 338 1714 453 1772; x_wconf 88' lang='lat' dir='ltr'>semper</span> <span class='ocrx_word' id='word_1_98' title='bbox 468 1696 579 1754; x_wconf 77' lang='lat' dir='ltr'>Grecis</span> <span class='ocrx_word' id='word_1_99' title='bbox 593 1696 700 1772; x_wconf 87' lang='lat' dir='ltr'>pariter</span> <span class='ocrx_word' id='word_1_100' title='bbox 713 1707 742 1753; x_wconf 89' lang='lat' dir='ltr'>et</span> <span class='ocrx_word' id='word_1_101' title='bbox 756 1696 866 1753; x_wconf 85' lang='lat' dir='ltr'>Latinis</span> <span class='ocrx_word' id='word_1_102' title='bbox 887 1713 1072 1753; x_wconf 90' lang='lat' dir='ltr'>communem</span> <span class='ocrx_word' id='word_1_103' title='bbox 1084 1714 1092 1752; x_wconf 83' lang='lat' dir='ltr'>t</span> <span class='ocrx_word' id='word_1_104' title='bbox 1116 1707 1301 1772; x_wconf 88' lang='lat' dir='ltr'>quapropter</span> 
     </span>
     <span class='ocr_line' id='line_1_14' title="bbox 90 1789 1299 1869; baseline 0.006 -24"><span class='ocrx_word' id='word_1_105' title='bbox 90 1789 253 1865; x_wconf 83' lang='lat' dir='ltr'>Anglicani,</span> <span class='ocrx_word' id='word_1_106' title='bbox 278 1793 563 1869; x_wconf 84' lang='lat' dir='ltr'>sectariiqueomnes</span> <span class='ocrx_word' id='word_1_107' title='bbox 588 1794 660 1851; x_wconf 91' lang='lat' dir='ltr'>inter</span> <span class='ocrx_word' id='word_1_108' title='bbox 683 1813 757 1866; x_wconf 89' lang='lat' dir='ltr'>quos</span> <span class='ocrx_word' id='word_1_109' title='bbox 773 1811 931 1861; x_wconf 82' lang='lat' dir='ltr'>versamur,</span> <span class='ocrx_word' id='word_1_110' title='bbox 945 1791 1059 1850; x_wconf 87' lang='lat' dir='ltr'>clericis</span> <span class='ocrx_word' id='word_1_111' title='bbox 1081 1792 1299 1852; x_wconf 87' lang='lat' dir='ltr'>matrimonium</span> 
     </span>
     <span class='ocr_line' id='line_1_15' title="bbox 90 1888 753 1966; baseline 0.011 -23"><span class='ocrx_word' id='word_1_112' title='bbox 90 1888 298 1962; x_wconf 88' lang='lat' dir='ltr'>permittentes,</span> <span class='ocrx_word' id='word_1_113' title='bbox 314 1891 366 1950; x_wconf 85' lang='lat' dir='ltr'>toti</span> <span class='ocrx_word' id='word_1_114' title='bbox 381 1890 567 1950; x_wconf 79' lang='lat' dir='ltr'>adversantur</span> <span class='ocrx_word' id='word_1_115' title='bbox 581 1892 753 1966; x_wconf 88' lang='lat' dir='ltr'>antiquitati.</span> 
     </span>
    </p>
   </div>
   <div class='ocr_carea' id='block_1_5' title="bbox 599 2103 785 2144">
    <p class='ocr_par' dir='ltr' id='par_1_5' title="bbox 599 2103 785 2144">
     <span class='ocr_line' id='line_1_16' title="bbox 599 2103 785 2144; baseline -0.005 0"><span class='ocrx_word' id='word_1_116' title='bbox 599 2103 785 2144; x_wconf 76' lang='lat' dir='ltr'><strong>PROPOSI&#39;I&#39;IO·</strong></span> 
     </span>
    </p>
   </div>
   <div class='ocr_carea' id='block_1_6' title="bbox 89 2241 1325 4170">
    <p class='ocr_par' dir='ltr' id='par_1_6' title="bbox 89 2241 1299 2494">
     <span class='ocr_line' id='line_1_17' title="bbox 136 2241 1298 2324; baseline 0.003 -24"><span class='ocrx_word' id='word_1_117' title='bbox 136 2241 295 2302; x_wconf 81' lang='lat' dir='ltr'>Coelibctna</span> <span class='ocrx_word' id='word_1_118' title='bbox 314 2243 363 2302; x_wconf 81' lang='lat' dir='ltr'>lec</span> <span class='ocrx_word' id='word_1_119' title='bbox 376 2263 437 2323; x_wconf 84' lang='lat' dir='ltr'>qua</span> <span class='ocrx_word' id='word_1_120' title='bbox 451 2245 545 2303; x_wconf 84' lang='lat' dir='ltr'>sacris</span> <span class='ocrx_word' id='word_1_121' title='bbox 560 2241 717 2302; x_wconf 82' lang='lat' dir='ltr'>ordinibus</span> <span class='ocrx_word' id='word_1_122' title='bbox 730 2243 877 2322; x_wconf 80' lang='lat' dir='ltr'>insigniti</span> <span class='ocrx_word' id='word_1_123' title='bbox 890 2243 1138 2323; x_wconf 82' lang='lat' dir='ltr'>adstringuntur,</span> <span class='ocrx_word' id='word_1_124' title='bbox 1156 2244 1298 2324; x_wconf 79' lang='lat' dir='ltr'>conjugii</span> 
     </span>
     <span class='ocr_line' id='line_1_18' title="bbox 89 2338 1299 2421; baseline 0.002 -23"><span class='ocrx_word' id='word_1_125' title='bbox 89 2356 149 2398; x_wconf 82' lang='lat' dir='ltr'>usu</span> <span class='ocrx_word' id='word_1_126' title='bbox 162 2338 319 2398; x_wconf 87' lang='lat' dir='ltr'>interdicto</span> <span class='ocrx_word' id='word_1_127' title='bbox 329 2339 466 2399; x_wconf 81' lang='lat' dir='ltr'>etiamiia</span> <span class='ocrx_word' id='word_1_128' title='bbox 478 2339 529 2417; x_wconf 85' lang='lat' dir='ltr'>qni</span> <span class='ocrx_word' id='word_1_129' title='bbox 544 2339 693 2398; x_wconf 78' lang='lat' dir='ltr'>ducerent</span> <span class='ocrx_word' id='word_1_130' title='bbox 704 2346 773 2397; x_wconf 86' lang='lat' dir='ltr'>unte</span> <span class='ocrx_word' id='word_1_131' title='bbox 784 2339 1004 2400; x_wconf 82' lang='lat' dir='ltr'>ordinationem</span> <span class='ocrx_word' id='word_1_132' title='bbox 1016 2359 1136 2411; x_wconf 73' lang='lat' dir='ltr'>uxores,</span> <span class='ocrx_word' id='word_1_133' title='bbox 1146 2341 1299 2421; x_wconf 82' lang='lat' dir='ltr'>antiquis·</span> 
     </span>
     <span class='ocr_line' id='line_1_19' title="bbox 91 2434 239 2494; baseline 0 -1"><span class='ocrx_word' id='word_1_134' title='bbox 91 2434 239 2494; x_wconf 83' lang='lat' dir='ltr'>simueet.</span> 
     </span>
    </p>

    <p class='ocr_par' dir='ltr' id='par_1_7' title="bbox 130 2531 727 2614">
     <span class='ocr_line' id='line_1_20' title="bbox 130 2531 727 2614; baseline 0.002 -23"><span class='ocrx_word' id='word_1_135' title='bbox 130 2531 284 2592; x_wconf 83' lang='lat' dir='ltr'>Probatur·</span> <span class='ocrx_word' id='word_1_136' title='bbox 297 2533 323 2592; x_wconf 90' lang='lat' dir='ltr'>I.</span> <span class='ocrx_word' id='word_1_137' title='bbox 338 2533 525 2614; x_wconf 77' lang='lat' dir='ltr'>Pontificum</span> <span class='ocrx_word' id='word_1_138' title='bbox 539 2535 727 2594; x_wconf 83' lang='lat' dir='ltr'>auctoritate.</span> 
     </span>
    </p>

    <p class='ocr_par' dir='ltr' id='par_1_8' title="bbox 90 2629 1325 4170">
     <span class='ocr_line' id='line_1_21' title="bbox 130 2629 1291 2707; baseline 0.006 -23"><span class='ocrx_word' id='word_1_139' title='bbox 130 2631 197 2686; x_wconf 80' lang='lat'><strong>149.</strong></span> <span class='ocrx_word' id='word_1_140' title='bbox 219 2629 251 2686; x_wconf 86' lang='lat' dir='ltr'>S.</span> <span class='ocrx_word' id='word_1_141' title='bbox 267 2629 409 2698; x_wconf 84' lang='lat' dir='ltr'>Smrcrus,</span> <span class='ocrx_word' id='word_1_142' title='bbox 424 2629 551 2707; x_wconf 78' lang='lat' dir='ltr'>pontifex</span> <span class='ocrx_word' id='word_1_143' title='bbox 577 2642 687 2688; x_wconf 89' lang='lat' dir='ltr'>creatus</span> <span class='ocrx_word' id='word_1_144' title='bbox 708 2649 783 2688; x_wconf 87' lang='lat' dir='ltr'>anno</span> <span class='ocrx_word' id='word_1_145' title='bbox 797 2634 866 2698; x_wconf 79' lang='lat'>385,</span> <span class='ocrx_word' id='word_1_146' title='bbox 882 2630 1043 2690; x_wconf 81' lang='lat' dir='ltr'>coelibatum</span> <span class='ocrx_word' id='word_1_147' title='bbox 1069 2631 1291 2692; x_wconf 86' lang='lat' dir='ltr'>commendavit</span> 
     </span>
     <span class='ocr_line' id='line_1_22' title="bbox 91 2724 1298 2802; baseline 0.006 -20"><span class='ocrx_word' id='word_1_148' title='bbox 91 2736 189 2802; x_wconf 92' lang='lat' dir='ltr'>utpote</span> <span class='ocrx_word' id='word_1_149' title='bbox 201 2726 264 2802; x_wconf 85' lang='lat' dir='ltr'>lege</span> <span class='ocrx_word' id='word_1_150' title='bbox 273 2726 417 2786; x_wconf 90' lang='lat' dir='ltr'>insolubili</span> <span class='ocrx_word' id='word_1_151' title='bbox 427 2736 562 2786; x_wconf 91' lang='lat' dir='ltr'>statutum</span> <span class='ocrx_word' id='word_1_152' title='bbox 575 2748 582 2786; x_wconf 76' lang='grc' dir='ltr'><strong>ε</strong></span> <span class='ocrx_word' id='word_1_153' title='bbox 606 2738 626 2764; x_wconf 85' lang='grc'><em>“</em></span> <span class='ocrx_word' id='word_1_154' title='bbox 639 2724 782 2786; x_wconf 87' lang='lat' dir='ltr'>Dominus</span> <span class='ocrx_word' id='word_1_155' title='bbox 793 2727 892 2795; x_wconf 88' lang='lat' dir='ltr'>Jesus,</span> <span class='ocrx_word' id='word_1_156' title='bbox 903 2747 968 2787; x_wconf 91' lang='lat' dir='ltr'>cum</span> <span class='ocrx_word' id='word_1_157' title='bbox 992 2747 1045 2787; x_wconf 92' lang='lat' dir='ltr'>nos</span> <span class='ocrx_word' id='word_1_158' title='bbox 1057 2747 1111 2787; x_wconf 91' lang='lat' dir='ltr'>suo</span> <span class='ocrx_word' id='word_1_159' title='bbox 1123 2729 1298 2790; x_wconf 81' lang='lat' dir='ltr'>illustrasset</span> 
     </span>
     <span class='ocr_line' id='line_1_23' title="bbox 91 2816 1296 2905; baseline 0.005 -24"><span class='ocrx_word' id='word_1_160' title='bbox 91 2820 226 2889; x_wconf 86' lang='lat' dir='ltr'>adventu,</span> <span class='ocrx_word' id='word_1_161' title='bbox 242 2824 270 2881; x_wconf 92' lang='lat' dir='ltr'>in</span> <span class='ocrx_word' id='word_1_162' title='bbox 285 2824 446 2902; x_wconf 85' lang='lat' dir='ltr'>Evangelio</span> <span class='ocrx_word' id='word_1_163' title='bbox 462 2835 642 2902; x_wconf 88' lang='lat' dir='ltr'>protestatur,</span> <span class='ocrx_word' id='word_1_164' title='bbox 658 2825 726 2898; x_wconf 89' lang='lat' dir='ltr'>quia</span> <span class='ocrx_word' id='word_1_165' title='bbox 739 2825 831 2902; x_wconf 86' lang='lat' dir='ltr'>legem</span> <span class='ocrx_word' id='word_1_166' title='bbox 848 2825 925 2883; x_wconf 87' lang='lat' dir='ltr'>venit</span> <span class='ocrx_word' id='word_1_167' title='bbox 940 2825 1070 2902; x_wconf 89' lang='lat' dir='ltr'>implere,</span> <span class='ocrx_word' id='word_1_168' title='bbox 1086 2844 1143 2885; x_wconf 92' lang='lat' dir='ltr'>non</span> <span class='ocrx_word' id='word_1_169' title='bbox 1159 2816 1296 2905; x_wconf 65' lang='lat' dir='ltr'>solveret</span> 
     </span>
     <span class='ocr_line' id='line_1_24' title="bbox 92 2917 1298 3002; baseline 0.007 -26"><span class='ocrx_word' id='word_1_170' title='bbox 92 2917 160 2976; x_wconf 90' lang='lat' dir='ltr'>ideo</span> <span class='ocrx_word' id='word_1_171' title='bbox 176 2919 352 2988; x_wconf 83' lang='lat' dir='ltr'>Ecclesiam,</span> <span class='ocrx_word' id='word_1_172' title='bbox 368 2923 450 2999; x_wconf 87' lang='lat' dir='ltr'>cujus</span> <span class='ocrx_word' id='word_1_173' title='bbox 465 2941 590 2999; x_wconf 89' lang='lat' dir='ltr'>sponsus</span> <span class='ocrx_word' id='word_1_174' title='bbox 606 2937 650 2980; x_wconf 91' lang='lat' dir='ltr'>est</span> <span class='ocrx_word' id='word_1_175' title='bbox 664 2922 813 2999; x_wconf 87' lang='lat' dir='ltr'>speciosus</span> <span class='ocrx_word' id='word_1_176' title='bbox 828 2921 929 2989; x_wconf 90' lang='lat' dir='ltr'>forma,</span> <span class='ocrx_word' id='word_1_177' title='bbox 945 2923 1081 2980; x_wconf 85' lang='lat' dir='ltr'>castitatis</span> <span class='ocrx_word' id='word_1_178' title='bbox 1097 2923 1186 2981; x_wconf 83' lang='lat' dir='ltr'>voluit</span> <span class='ocrx_word' id='word_1_179' title='bbox 1200 2924 1298 3002; x_wconf 88' lang='lat' dir='ltr'>splen·</span> 
     </span>
     <span class='ocr_line' id='line_1_25' title="bbox 91 3014 1294 3098; baseline 0.006 -24"><span class='ocrx_word' id='word_1_180' title='bbox 91 3015 159 3075; x_wconf 91' lang='lat' dir='ltr'>dore</span> <span class='ocrx_word' id='word_1_181' title='bbox 179 3017 298 3087; x_wconf 85' lang='lat' dir='ltr'>radiare,</span> <span class='ocrx_word' id='word_1_182' title='bbox 320 3031 350 3077; x_wconf 92' lang='lat' dir='ltr'>ut</span> <span class='ocrx_word' id='word_1_183' title='bbox 370 3021 399 3078; x_wconf 91' lang='lat' dir='ltr'>in</span> <span class='ocrx_word' id='word_1_184' title='bbox 420 3020 466 3078; x_wconf 88' lang='lat' dir='ltr'>die</span> <span class='ocrx_word' id='word_1_185' title='bbox 490 3020 594 3097; x_wconf 90' lang='lat' dir='ltr'>judicii</span> <span class='ocrx_word' id='word_1_186' title='bbox 615 3020 677 3078; x_wconf 88' lang='lat' dir='ltr'>sine</span> <span class='ocrx_word' id='word_1_187' title='bbox 700 3019 811 3077; x_wconf 88' lang='lat' dir='ltr'>macula</span> <span class='ocrx_word' id='word_1_188' title='bbox 832 3032 860 3076; x_wconf 91' lang='lat' dir='ltr'>et</span> <span class='ocrx_word' id='word_1_189' title='bbox 875 3014 944 3096; x_wconf 84' lang='lat' dir='ltr'>ruga</span> <span class='ocrx_word' id='word_1_190' title='bbox 958 3039 1022 3078; x_wconf 92' lang='lat' dir='ltr'>eam</span> <span class='ocrx_word' id='word_1_191' title='bbox 1041 3021 1134 3096; x_wconf 89' lang='lat' dir='ltr'>possit</span> <span class='ocrx_word' id='word_1_192' title='bbox 1154 3022 1294 3098; x_wconf 86' lang='lat' dir='ltr'>reperire.</span> 
     </span>
     <span class='ocr_line' id='line_1_26' title="bbox 91 3114 1296 3195; baseline 0.006 -23"><span class='ocrx_word' id='word_1_193' title='bbox 91 3114 219 3181; x_wconf 87' lang='lat' dir='ltr'>Quarum</span> <span class='ocrx_word' id='word_1_194' title='bbox 235 3117 416 3176; x_wconf 80' lang='lat' dir='ltr'>sanctionum</span> <span class='ocrx_word' id='word_1_195' title='bbox 431 3118 593 3176; x_wconf 86' lang='lat' dir='ltr'>sacerdotes</span> <span class='ocrx_word' id='word_1_196' title='bbox 609 3136 710 3176; x_wconf 89' lang='lat' dir='ltr'>omues</span> <span class='ocrx_word' id='word_1_197' title='bbox 726 3127 810 3190; x_wconf 91' lang='lat' dir='ltr'>atque</span> <span class='ocrx_word' id='word_1_198' title='bbox 825 3117 918 3175; x_wconf 85' lang='lat' dir='ltr'>levitae</span> <span class='ocrx_word' id='word_1_199' title='bbox 933 3117 1080 3175; x_wconf 90' lang='lat' dir='ltr'>insolubili</span> <span class='ocrx_word' id='word_1_200' title='bbox 1093 3117 1159 3195; x_wconf 84' lang='lat' dir='ltr'>lege</span> <span class='ocrx_word' id='word_1_201' title='bbox 1174 3118 1296 3181; x_wconf 84' lang='lat' dir='ltr'>adstrin-</span> 
     </span>
     <span class='ocr_line' id='line_1_27' title="bbox 90 3192 1316 3299; baseline 0.006 -30"><span class='ocrx_word' id='word_1_202' title='bbox 90 3212 194 3288; x_wconf 83' lang='lat' dir='ltr'>gimur,</span> <span class='ocrx_word' id='word_1_203' title='bbox 211 3224 270 3269; x_wconf 87' lang='lat' dir='ltr'>uta</span> <span class='ocrx_word' id='word_1_204' title='bbox 285 3213 330 3270; x_wconf 90' lang='lat' dir='ltr'>die</span> <span class='ocrx_word' id='word_1_205' title='bbox 352 3213 539 3273; x_wconf 86' lang='lat' dir='ltr'>ordinationis</span> <span class='ocrx_word' id='word_1_206' title='bbox 561 3228 666 3273; x_wconf 87' lang='lat' dir='ltr'>nostrae</span> <span class='ocrx_word' id='word_1_207' title='bbox 686 3215 843 3281; x_wconf 88' lang='lat' dir='ltr'>sobrietati,</span> <span class='ocrx_word' id='word_1_208' title='bbox 857 3226 886 3272; x_wconf 89' lang='lat' dir='ltr'>et</span> <span class='ocrx_word' id='word_1_209' title='bbox 901 3213 1057 3291; x_wconf 75' lang='lat' dir='ltr'>pudicitie,</span> <span class='ocrx_word' id='word_1_210' title='bbox 1072 3224 1101 3272; x_wconf 92' lang='lat' dir='ltr'>et</span> <span class='ocrx_word' id='word_1_211' title='bbox 1121 3215 1209 3274; x_wconf 89' lang='lat' dir='ltr'>corda</span> <span class='ocrx_word' id='word_1_212' title='bbox 1224 3192 1293 3276; x_wconf 71' lang='lat' dir='ltr'>nos·</span> <span class='ocrx_word' id='word_1_213' title='bbox 1313 3292 1316 3299; x_wconf 33' lang='grc' dir='ltr'>Ι</span> 
     </span>
     <span class='ocr_line' id='line_1_28' title="bbox 91 3300 1320 3387; baseline 0.005 -22"><span class='ocrx_word' id='word_1_214' title='bbox 91 3320 133 3365; x_wconf 89' lang='lat' dir='ltr'>tra</span> <span class='ocrx_word' id='word_1_215' title='bbox 146 3309 343 3385; x_wconf 89' lang='lat' dir='ltr'>mancipemus</span> <span class='ocrx_word' id='word_1_216' title='bbox 355 3320 387 3367; x_wconf 74' lang='lat' dir='ltr'>&#39;et</span> <span class='ocrx_word' id='word_1_217' title='bbox 400 3329 537 3387; x_wconf 87' lang='lat' dir='ltr'>corpora;</span> <span class='ocrx_word' id='word_1_218' title='bbox 559 3309 715 3369; x_wconf 90' lang='lat' dir='ltr'>dummodo</span> <span class='ocrx_word' id='word_1_219' title='bbox 730 3329 782 3387; x_wconf 92' lang='lat' dir='ltr'>per</span> <span class='ocrx_word' id='word_1_220' title='bbox 795 3310 891 3368; x_wconf 91' lang='lat' dir='ltr'>omnia</span> <span class='ocrx_word' id='word_1_221' title='bbox 906 3309 971 3368; x_wconf 91' lang='lat' dir='ltr'>Deo</span> <span class='ocrx_word' id='word_1_222' title='bbox 987 3321 1094 3377; x_wconf 85' lang='lat' dir='ltr'>nostro,</span> <span class='ocrx_word' id='word_1_223' title='bbox 1110 3310 1141 3371; x_wconf 92' lang='lat' dir='ltr'>in</span> <span class='ocrx_word' id='word_1_224' title='bbox 1158 3311 1205 3369; x_wconf 89' lang='lat' dir='ltr'>his</span> <span class='ocrx_word' id='word_1_225' title='bbox 1228 3330 1293 3387; x_wconf 76' lang='lat' dir='ltr'>quie</span> <span class='ocrx_word' id='word_1_226' title='bbox 1316 3300 1320 3307; x_wconf 44' lang='lat'><strong>¹</strong></span> 
     </span>
     <span class='ocr_line' id='line_1_29' title="bbox 91 3404 1296 3489; baseline 0.006 -29"><span class='ocrx_word' id='word_1_227' title='bbox 91 3404 218 3477; x_wconf 89' lang='lat' dir='ltr'>quotidie</span> <span class='ocrx_word' id='word_1_228' title='bbox 232 3404 380 3464; x_wconf 87' lang='lat' dir='ltr'>offerimus</span> <span class='ocrx_word' id='word_1_229' title='bbox 394 3406 541 3464; x_wconf 83' lang='lat' dir='ltr'>sacrificiis</span> <span class='ocrx_word' id='word_1_230' title='bbox 556 3407 731 3483; x_wconf 84' lang='lat' dir='ltr'>placeamus.</span> <span class='ocrx_word' id='word_1_231' title='bbox 753 3446 793 3489; x_wconf 14' lang='grc' dir='ltr'>.Ᾰ.</span> <span class='ocrx_word' id='word_1_232' title='bbox 816 3448 824 3464; x_wconf 92' lang='grc'><strong>.</strong></span> <span class='ocrx_word' id='word_1_233' title='bbox 849 3447 856 3465; x_wconf 91' lang='grc'><strong><em>.</em></strong></span> <span class='ocrx_word' id='word_1_234' title='bbox 879 3407 918 3464; x_wconf 88' lang='lat' dir='ltr'>Et</span> <span class='ocrx_word' id='word_1_235' title='bbox 932 3406 999 3480; x_wconf 84' lang='lat' dir='ltr'>quia</span> <span class='ocrx_word' id='word_1_236' title='bbox 1010 3406 1158 3479; x_wconf 87' lang='lat' dir='ltr'>aliquanti,</span> <span class='ocrx_word' id='word_1_237' title='bbox 1175 3405 1214 3465; x_wconf 93' lang='lat' dir='ltr'>de</span> <span class='ocrx_word' id='word_1_238' title='bbox 1230 3409 1296 3482; x_wconf 90' lang='lat' dir='ltr'>qul·</span> 
     </span>
     <span class='ocr_line' id='line_1_30' title="bbox 92 3493 1325 3582; baseline 0.008 -25"><span class='ocrx_word' id='word_1_239' title='bbox 92 3500 145 3558; x_wconf 89' lang='lat' dir='ltr'>bus</span> <span class='ocrx_word' id='word_1_240' title='bbox 156 3501 310 3574; x_wconf 90' lang='lat' dir='ltr'>loquimur,</span> <span class='ocrx_word' id='word_1_241' title='bbox 326 3514 357 3562; x_wconf 91' lang='lat' dir='ltr'>ut</span> <span class='ocrx_word' id='word_1_242' title='bbox 371 3515 417 3562; x_wconf 89' lang='lat' dir='ltr'>tua</span> <span class='ocrx_word' id='word_1_243' title='bbox 439 3504 581 3563; x_wconf 85' lang='lat' dir='ltr'>Sanctitas</span> <span class='ocrx_word' id='word_1_244' title='bbox 602 3504 705 3571; x_wconf 91' lang='lat' dir='ltr'>retulit,</span> <span class='ocrx_word' id='word_1_245' title='bbox 728 3493 904 3582; x_wconf 83' lang='lat' dir='ltr'>ignoratione</span> <span class='ocrx_word' id='word_1_246' title='bbox 926 3504 1023 3582; x_wconf 90' lang='lat' dir='ltr'>lapsos</span> <span class='ocrx_word' id='word_1_247' title='bbox 1038 3522 1070 3562; x_wconf 92' lang='lat' dir='ltr'>se</span> <span class='ocrx_word' id='word_1_248' title='bbox 1084 3523 1149 3563; x_wconf 89' lang='lat' dir='ltr'>esse</span> <span class='ocrx_word' id='word_1_249' title='bbox 1164 3505 1295 3566; x_wconf 85' lang='lat' dir='ltr'>deflent:</span> <span class='ocrx_word' id='word_1_250' title='bbox 1319 3534 1325 3553; x_wconf 88' lang='lat'><strong>·</strong></span> 
     </span>
     <span class='ocr_line' id='line_1_31' title="bbox 91 3597 1292 3680; baseline 0.007 -24"><span class='ocrx_word' id='word_1_251' title='bbox 91 3597 148 3664; x_wconf 89' lang='lat' dir='ltr'>his,</span> <span class='ocrx_word' id='word_1_252' title='bbox 171 3599 224 3657; x_wconf 88' lang='lat' dir='ltr'>hac</span> <span class='ocrx_word' id='word_1_253' title='bbox 245 3601 408 3661; x_wconf 86' lang='lat' dir='ltr'>conditione</span> <span class='ocrx_word' id='word_1_254' title='bbox 430 3603 653 3662; x_wconf 88' lang='lat' dir='ltr'>misericordiam</span> <span class='ocrx_word' id='word_1_255' title='bbox 675 3603 797 3662; x_wconf 89' lang='lat' dir='ltr'>dicimus</span> <span class='ocrx_word' id='word_1_256' title='bbox 821 3622 879 3661; x_wconf 91' lang='lat' dir='ltr'>non</span> <span class='ocrx_word' id='word_1_257' title='bbox 899 3621 963 3661; x_wconf 88' lang='lat' dir='ltr'>esse</span> <span class='ocrx_word' id='word_1_258' title='bbox 984 3603 1155 3680; x_wconf 86' lang='lat' dir='ltr'>negandam,</span> <span class='ocrx_word' id='word_1_259' title='bbox 1171 3614 1203 3662; x_wconf 90' lang='lat' dir='ltr'>ut</span> <span class='ocrx_word' id='word_1_260' title='bbox 1225 3607 1292 3665; x_wconf 90' lang='lat' dir='ltr'>siue</span> 
     </span>
     <span class='ocr_line' id='line_1_32' title="bbox 91 3694 1297 3776; baseline 0.009 -24"><span class='ocrx_word' id='word_1_261' title='bbox 91 3694 150 3753; x_wconf 92' lang='lat' dir='ltr'>ullo</span> <span class='ocrx_word' id='word_1_262' title='bbox 165 3695 281 3754; x_wconf 88' lang='lat' dir='ltr'>honoris</span> <span class='ocrx_word' id='word_1_263' title='bbox 295 3710 458 3776; x_wconf 86' lang='lat' dir='ltr'>augmento,</span> <span class='ocrx_word' id='word_1_264' title='bbox 474 3701 502 3757; x_wconf 92' lang='lat' dir='ltr'>in</span> <span class='ocrx_word' id='word_1_265' title='bbox 519 3700 583 3767; x_wconf 91' lang='lat' dir='ltr'>hoc,</span> <span class='ocrx_word' id='word_1_266' title='bbox 599 3719 657 3774; x_wconf 89' lang='lat' dir='ltr'>quo</span> <span class='ocrx_word' id='word_1_267' title='bbox 671 3701 774 3767; x_wconf 88' lang='lat' dir='ltr'>detecti</span> <span class='ocrx_word' id='word_1_268' title='bbox 795 3711 871 3769; x_wconf 91' lang='lat' dir='ltr'>sunt,</span> <span class='ocrx_word' id='word_1_269' title='bbox 886 3699 1022 3774; x_wconf 88' lang='lat' dir='ltr'>quamdiu</span> <span class='ocrx_word' id='word_1_270' title='bbox 1039 3701 1171 3769; x_wconf 84' lang='lat' dir='ltr'>vixerint,</span> <span class='ocrx_word' id='word_1_271' title='bbox 1195 3702 1297 3763; x_wconf 89' lang='lat' dir='ltr'>officio</span> 
     </span>
     <span class='ocr_line' id='line_1_33' title="bbox 90 3790 1290 3874; baseline 0.01 -23"><span class='ocrx_word' id='word_1_272' title='bbox 90 3807 293 3871; x_wconf 82' lang='lat' dir='ltr'>perseverent3</span> <span class='ocrx_word' id='word_1_273' title='bbox 315 3798 340 3855; x_wconf 92' lang='lat' dir='ltr'>si</span> <span class='ocrx_word' id='word_1_274' title='bbox 356 3808 450 3857; x_wconf 91' lang='lat' dir='ltr'>tamen</span> <span class='ocrx_word' id='word_1_275' title='bbox 465 3799 603 3874; x_wconf 87' lang='lat' dir='ltr'>posthaec</span> <span class='ocrx_word' id='word_1_276' title='bbox 626 3790 803 3857; x_wconf 85' lang='lat' dir='ltr'>continentes</span> <span class='ocrx_word' id='word_1_277' title='bbox 825 3816 857 3856; x_wconf 89' lang='lat' dir='ltr'>se</span> <span class='ocrx_word' id='word_1_278' title='bbox 880 3798 1040 3858; x_wconf 92' lang='lat' dir='ltr'>studuerint</span> <span class='ocrx_word' id='word_1_279' title='bbox 1052 3800 1201 3859; x_wconf 82' lang='lat' dir='ltr'>exhibere.</span> <span class='ocrx_word' id='word_1_280' title='bbox 1235 3801 1290 3863; x_wconf 79' lang='lat' dir='ltr'>&#39;Hi</span> 
     </span>
     <span class='ocr_line' id='line_1_34' title="bbox 91 3894 1292 3974; baseline 0.008 -23"><span class='ocrx_word' id='word_1_281' title='bbox 91 3911 159 3952; x_wconf 84' lang='lat' dir='ltr'>vero</span> <span class='ocrx_word' id='word_1_282' title='bbox 174 3894 224 3967; x_wconf 92' lang='lat' dir='ltr'>qui</span> <span class='ocrx_word' id='word_1_283' title='bbox 239 3894 329 3953; x_wconf 90' lang='lat' dir='ltr'>illiciti</span> <span class='ocrx_word' id='word_1_284' title='bbox 344 3897 483 3974; x_wconf 81' lang='lat' dir='ltr'>privilegii</span> <span class='ocrx_word' id='word_1_285' title='bbox 499 3901 684 3956; x_wconf 87' lang='lat' dir='ltr'>excusatione</span> <span class='ocrx_word' id='word_1_286' title='bbox 705 3899 842 3964; x_wconf 90' lang='lat' dir='ltr'>nituntur,</span> <span class='ocrx_word' id='word_1_287' title='bbox 858 3907 889 3956; x_wconf 91' lang='lat' dir='ltr'>ut</span> <span class='ocrx_word' id='word_1_288' title='bbox 902 3898 958 3957; x_wconf 88' lang='lat' dir='ltr'>sibi</span> <span class='ocrx_word' id='word_1_289' title='bbox 978 3908 1107 3957; x_wconf 85' lang='lat' dir='ltr'>asserant</span> <span class='ocrx_word' id='word_1_290' title='bbox 1120 3900 1212 3959; x_wconf 86' lang='lat' dir='ltr'>veteri</span> <span class='ocrx_word' id='word_1_291' title='bbox 1233 3900 1292 3961; x_wconf 85' lang='lat' dir='ltr'>hoo</span> 
     </span>
     <span class='ocr_line' id='line_1_35' title="bbox 91 3990 1291 4077; baseline 0.008 -28"><span class='ocrx_word' id='word_1_292' title='bbox 91 3990 154 4068; x_wconf 81' lang='lat' dir='ltr'>lege</span> <span class='ocrx_word' id='word_1_293' title='bbox 168 4010 350 4063; x_wconf 86' lang='lat' dir='ltr'>concessum,</span> <span class='ocrx_word' id='word_1_294' title='bbox 376 3997 507 4054; x_wconf 90' lang='lat' dir='ltr'>noverint</span> <span class='ocrx_word' id='word_1_295' title='bbox 526 4016 558 4054; x_wconf 87' lang='lat' dir='ltr'>se</span> <span class='ocrx_word' id='word_1_296' title='bbox 579 3998 614 4053; x_wconf 87' lang='lat' dir='ltr'>ab</span> <span class='ocrx_word' id='word_1_297' title='bbox 635 3998 714 4055; x_wconf 91' lang='lat' dir='ltr'>omui</span> <span class='ocrx_word' id='word_1_298' title='bbox 735 3997 931 4055; x_wconf 88' lang='lat' dir='ltr'>eeclesiastico</span> <span class='ocrx_word' id='word_1_299' title='bbox 952 3995 1072 4064; x_wconf 92' lang='lat' dir='ltr'>honore,</span> <span class='ocrx_word' id='word_1_300' title='bbox 1089 4015 1148 4070; x_wconf 93' lang='lat' dir='ltr'>quo</span> <span class='ocrx_word' id='word_1_301' title='bbox 1168 3998 1291 4077; x_wconf 76' lang='lat' dir='ltr'>indigne</span> 
     </span>
     <span class='ocr_line' id='line_1_36' title="bbox 91 4088 1294 4170; baseline 0.01 -27"><span class='ocrx_word' id='word_1_302' title='bbox 91 4088 136 4144; x_wconf 90' lang='lat' dir='ltr'>usi</span> <span class='ocrx_word' id='word_1_303' title='bbox 151 4100 227 4156; x_wconf 91' lang='lat' dir='ltr'>eunt,</span> <span class='ocrx_word' id='word_1_304' title='bbox 250 4089 425 4165; x_wconf 83' lang='lat' dir='ltr'>Apostolicae</span> <span class='ocrx_word' id='word_1_305' title='bbox 448 4091 525 4150; x_wconf 90' lang='lat' dir='ltr'>sedis</span> <span class='ocrx_word' id='word_1_306' title='bbox 539 4094 704 4151; x_wconf 89' lang='lat' dir='ltr'>auctoritate</span> <span class='ocrx_word' id='word_1_307' title='bbox 719 4093 857 4170; x_wconf 88' lang='lat' dir='ltr'>dejectos,</span> <span class='ocrx_word' id='word_1_308' title='bbox 879 4111 933 4150; x_wconf 93' lang='lat' dir='ltr'>nec</span> <span class='ocrx_word' id='word_1_309' title='bbox 947 4110 1084 4165; x_wconf 89' lang='lat' dir='ltr'>umquam</span> <span class='ocrx_word' id='word_1_310' title='bbox 1100 4112 1188 4170; x_wconf 87' lang='lat' dir='ltr'>posse</span> <span class='ocrx_word' id='word_1_311' title='bbox 1205 4114 1294 4155; x_wconf 84' lang='lat' dir='ltr'>vene-</span> 
     </span>
    </p>
   </div>
   <div class='ocr_carea' id='block_1_7' title="bbox 90 4181 1334 4560">
    <p class='ocr_par' dir='ltr' id='par_1_9' title="bbox 90 4181 1334 4560">
     <span class='ocr_line' id='line_1_37' title="bbox 92 4181 1334 4266; baseline 0.013 -29"><span class='ocrx_word' id='word_1_312' title='bbox 92 4181 177 4239; x_wconf 90' lang='lat' dir='ltr'>randa</span> <span class='ocrx_word' id='word_1_313' title='bbox 191 4196 335 4243; x_wconf 88' lang='lat' dir='ltr'>attrectare</span> <span class='ocrx_word' id='word_1_314' title='bbox 355 4188 503 4264; x_wconf 89' lang='lat' dir='ltr'>mysteria,</span> <span class='ocrx_word' id='word_1_315' title='bbox 518 4190 621 4263; x_wconf 90' lang='lat' dir='ltr'>quibus</span> <span class='ocrx_word' id='word_1_316' title='bbox 637 4209 668 4247; x_wconf 94' lang='lat' dir='ltr'>se</span> <span class='ocrx_word' id='word_1_317' title='bbox 684 4191 750 4266; x_wconf 91' lang='lat' dir='ltr'>ipsi,</span> <span class='ocrx_word' id='word_1_318' title='bbox 774 4190 841 4247; x_wconf 93' lang='lat' dir='ltr'>dum</span> <span class='ocrx_word' id='word_1_319' title='bbox 860 4189 1004 4246; x_wconf 88' lang='lat' dir='ltr'>obscoenis</span> <span class='ocrx_word' id='word_1_320' title='bbox 1020 4188 1227 4265; x_wconf 89' lang='lat' dir='ltr'>cupiditatibus</span> <span class='ocrx_word' id='word_1_321' title='bbox 1249 4193 1294 4253; x_wconf 87' lang='lat' dir='ltr'>in·</span> <span class='ocrx_word' id='word_1_322' title='bbox 1327 4218 1334 4239; x_wconf 85' lang='lat'>·</span> 
     </span>
     <span class='ocr_line' id='line_1_38' title="bbox 90 4275 1296 4364; baseline 0.016 -31"><span class='ocrx_word' id='word_1_323' title='bbox 90 4275 179 4346; x_wconf 88' lang='lat' dir='ltr'>hiant,</span> <span class='ocrx_word' id='word_1_324' title='bbox 196 4283 387 4356; x_wconf 85' lang='lat' dir='ltr'>privaverunt.</span> <span class='ocrx_word' id='word_1_325' title='bbox 429 4285 469 4343; x_wconf 87' lang='lat' dir='ltr'>Et</span> <span class='ocrx_word' id='word_1_326' title='bbox 482 4286 551 4358; x_wconf 90' lang='lat' dir='ltr'>quia</span> <span class='ocrx_word' id='word_1_327' title='bbox 562 4287 695 4364; x_wconf 85' lang='lat' dir='ltr'>exempla</span> <span class='ocrx_word' id='word_1_328' title='bbox 716 4287 867 4364; x_wconf 79' lang='lat' dir='ltr'>praesentia</span> <span class='ocrx_word' id='word_1_329' title='bbox 880 4304 981 4344; x_wconf 87' lang='lat' dir='ltr'>cavere</span> <span class='ocrx_word' id='word_1_330' title='bbox 995 4304 1049 4345; x_wconf 90' lang='lat' dir='ltr'>nos</span> <span class='ocrx_word' id='word_1_331' title='bbox 1064 4300 1247 4362; x_wconf 77' lang='lat' dir='ltr'>praemonent</span> <span class='ocrx_word' id='word_1_332' title='bbox 1262 4291 1296 4353; x_wconf 88' lang='lat' dir='ltr'>in</span> 
     </span>
     <span class='ocr_line' id='line_1_39' title="bbox 90 4370 1296 4461; baseline 0.019 -34"><span class='ocrx_word' id='word_1_333' title='bbox 90 4370 229 4441; x_wconf 81' lang='lat' dir='ltr'>futurum,</span> <span class='ocrx_word' id='word_1_334' title='bbox 245 4379 270 4434; x_wconf 90' lang='lat' dir='ltr'>ei</span> <span class='ocrx_word' id='word_1_335' title='bbox 288 4381 407 4452; x_wconf 91' lang='lat' dir='ltr'>quilibet</span> <span class='ocrx_word' id='word_1_336' title='bbox 426 4383 590 4460; x_wconf 89' lang='lat' dir='ltr'>episcopus,</span> <span class='ocrx_word' id='word_1_337' title='bbox 619 4384 778 4460; x_wconf 85' lang='lat' dir='ltr'>presbyter.</span> <span class='ocrx_word' id='word_1_338' title='bbox 803 4396 888 4456; x_wconf 86' lang='lat' dir='ltr'>atque</span> <span class='ocrx_word' id='word_1_339' title='bbox 912 4382 1049 4440; x_wconf 91' lang='lat' dir='ltr'>diaconus</span> <span class='ocrx_word' id='word_1_340' title='bbox 1071 4382 1213 4461; x_wconf 88' lang='lat' dir='ltr'>deinceps</span> <span class='ocrx_word' id='word_1_341' title='bbox 1228 4389 1296 4449; x_wconf 79' lang='lat' dir='ltr'>talis</span> 
     </span>
     <span class='ocr_line' id='line_1_40' title="bbox 91 4467 1295 4560; baseline 0.017 -34"><span class='ocrx_word' id='word_1_342' title='bbox 91 4467 176 4526; x_wconf 82' lang='lat' dir='ltr'>suerit</span> <span class='ocrx_word' id='word_1_343' title='bbox 189 4471 331 4545; x_wconf 86' lang='lat' dir='ltr'>inventus,</span> <span class='ocrx_word' id='word_1_344' title='bbox 342 4479 402 4553; x_wconf 88' lang='lat' dir='ltr'>jam</span> <span class='ocrx_word' id='word_1_345' title='bbox 418 4481 472 4538; x_wconf 90' lang='lat' dir='ltr'>sibi</span> <span class='ocrx_word' id='word_1_346' title='bbox 486 4500 601 4540; x_wconf 89' lang='lat' dir='ltr'>omnem</span> <span class='ocrx_word' id='word_1_347' title='bbox 613 4482 797 4558; x_wconf 84' lang='lat' dir='ltr'>indulgentiae</span> <span class='ocrx_word' id='word_1_348' title='bbox 812 4500 862 4558; x_wconf 92' lang='lat' dir='ltr'>per</span> <span class='ocrx_word' id='word_1_349' title='bbox 882 4499 935 4538; x_wconf 91' lang='lat' dir='ltr'>nos</span> <span class='ocrx_word' id='word_1_350' title='bbox 950 4481 1056 4538; x_wconf 90' lang='lat' dir='ltr'>aditum</span> <span class='ocrx_word' id='word_1_351' title='bbox 1078 4480 1222 4560; x_wconf 82' lang='lat' dir='ltr'>intelligat</span> <span class='ocrx_word' id='word_1_352' title='bbox 1242 4487 1295 4546; x_wconf 88' lang='lat' dir='ltr'>ob·</span> 
     </span>
    </p>
   </div>
   <div class='ocr_carea' id='block_1_8' title="bbox 491 4637 844 4704">
    <p class='ocr_par' dir='ltr' id='par_1_10' title="bbox 491 4637 844 4704">
     <span class='ocr_line' id='line_1_41' title="bbox 491 4637 844 4704; baseline 0.008 -19"><span class='ocrx_word' id='word_1_353' title='bbox 491 4639 534 4704; x_wconf 89' lang='lat' dir='ltr'>(l)</span> <span class='ocrx_word' id='word_1_354' title='bbox 553 4637 651 4688; x_wconf 83' lang='lat' dir='ltr'>Novell.</span> <span class='ocrx_word' id='word_1_355' title='bbox 662 4638 776 4690; x_wconf 79' lang='lat' dir='ltr'>cxxiiic.</span> <span class='ocrx_word' id='word_1_356' title='bbox 793 4640 844 4690; x_wconf 81' lang='lat' dir='ltr'>xiv.</span> 
     </span>
    </p>
   </div>
   <div class='ocr_carea' id='block_1_9' title="bbox 0 0 1405 5092">
    <p class='ocr_par' dir='ltr' id='par_1_11' title="bbox 0 0 1405 5092">
     <span class='ocr_line' id='line_1_42' title="bbox 0 0 1405 5092; baseline 0 0"><span class='ocrx_word' id='word_1_357' title='bbox 0 0 1405 5092; x_wconf 95' lang='lat' dir='ltr'> </span> 
     </span>
    </p>
   </div>
  </div>
 </body>
</html>
