2798 5092
90 336 151 393 294
524 337 580 397 DE
602 337 850 399 MILLENNIO.

95 492 195 565 liquet,
211 494 260 566 qui
275 493 395 554 Joanuis
410 495 585 570 Presbyteri,
602 514 659 557 nou
680 498 821 574 Apostoli,
837 497 948 557 auditor
961 496 1060 566 fuerat,
1076 496 1186 570 quique
1203 494 1288 553 rerba

95 590 300 665 Apostolorum
327 592 381 649 sibi
406 591 493 650 relata
515 592 590 651 haud
616 593 800 659 intellexerat,
816 594 955 653 referente
975 594 1132 652 Eusebio.²
1173 590 1287 649 Tertul-

93 686 187 745 lianus
201 687 330 746 etiam‘in
344 689 531 747 ensententia
544 701 671 747 versams
691 700 743 748 est.
787 689 931 749 Caeterum
953 689 1107 768 Origenes,
1122 687 1285 764 Dionysius

90 783 309 853 Alexandrinus,
326 783 415 844 Caius
430 786 585 863 Presbyter
609 786 771 853 Romanus,
790 787 895 861 aliique
916 788 1108 860 antiquissimi
1130 785 1285 861 scriptores

90 901 153 942 eam
167 883 335 960 rejecerunt,
352 902 437 957 quam
452 896 595 958 tamquam
618 886 731 962 penitus
747 885 846 945 falsam
860 886 959 944 habuit
973 885 1129 944 Eusebius.
1173 883 1285 942 Notum

91 989 135 1037 est
159 978 371 1055 Hieronymum
386 993 415 1037 et
434 981 627 1058 Augustinum
642 981 744 1040 fabula
763 980 828 1041 loeo
852 999 915 1040 sam
942 981 1087 1051 babuisse,
1103 999 1178 1054 quos
1193 990 1287 1037 tamen

92 1076 230 1153 majorum
244 1095 361 1137 suorum
375 1076 518 1136 traditioni
542 1078 692 1141 inhaesisse
718 1088 840 1139 constat,
881 1079 971 1157 lgitur
995 1097 1151 1155 paucorum
1169 1079 1287 1136 Patrum

92 1175 304 1235 sententiando
319 1184 414 1251 potest
439 1174 620 1252 dogmatibus
643 1176 794 1252 primitiva
808 1176 950 1235 Ecclesia
963 1177 1116 1235 accenseri.
1159 1174 1219 1242 Qui
1239 1193 1288 1232 su·

90 1281 149 1331 tem
162 1272 317 1331 affirmatur
329 1291 421 1333 nexus
435 1273 508 1333 inter
521 1291 584 1335 eam
605 1284 634 1332 st
658 1273 762 1350 dogma
784 1273 819 1332 de
839 1274 1045 1333 resurrectione
1060 1274 1223 1332 nullatenus
1238 1289 1288 1330 ex-

90 1369 160 1437 istit,
174 1368 237 1428 haec
250 1370 328 1428 enim
340 1368 449 1428 Christi
470 1368 636 1428 clarissimis
650 1370 754 1437 verbis,
770 1381 798 1428 et
808 1370 942 1447 Apostoli
967 1370 1003 1428 ad
1026 1369 1197 1428 Corinthios
1212 1368 1288 1444 epis·

91 1465 149 1525 tola
161 1452 246 1542 plane
266 1467 408 1544 probatur,
424 1465 494 1525 adeo
508 1476 539 1524 ut
552 1466 735 1525 vehementer
759 1476 853 1524 errent
866 1475 996 1526 auctores
1010 1467 1059 1540 qui
1085 1484 1123 1525 ex
1145 1463 1288 1524 millennii

93 1563 188 1622 fabula
201 1564 305 1642 dogma
318 1565 382 1622 hore
398 1563 554 1623 derivatum
568 1566 723 1623 asserunt.⁸
1083 1558 1087 1565 ’

135 1665 201 1719 115.
221 1660 288 1742 obj.
304 1666 332 1721 6.
353 1663 429 1738 Spes
444 1662 583 1721 millennii
598 1662 722 1721 maxime
737 1663 909 1739 martyribus
921 1661 1004 1720 dabat
1018 1661 1129 1720 animos
1145 1669 1177 1718 ut
1191 1659 1288 1717 omnia

93 1756 249 1834 perferrent
262 1760 413 1837 supplicia,
434 1759 633 1817 resurrecturis
659 1744 766 1836 qui'ppe
781 1769 846 1817 ante
866 1769 982 1818 caeteros
997 1768 1122 1816 sanctos.
1165 1756 1210 1815 lta
1223 1766 1289 1833 post

97 1855 241 1926 Dodwell,
259 1857 399 1916 Newton.

136 1951 224 2032 Hesp.
247 1958 336 2013 Amor
352 1954 461 2012 Christi
473 1953 627 2031 gloriaque
641 1954 762 2013 caelestis
776 1955 870 2013 statim
890 1952 1081 2032 adipiscendas
1095 1952 1204 2030 cupido
1217 1971 1293 2012 mar·

94 2053 205 2128 tyribus
219 2051 302 2110 dabat
316 2052 437 2120 animos,
452 2051 493 2110 uti
519 2070 557 2109 ex
570 2051 602 2109 S.
618 2050 720 2130 lgnatii
735 2052 780 2111 Μ.
803 2061 832 2111 et
851 2052 882 2110 S.
898 2051 1039 2128 Cypriani
1064 2051 1150 2109 dietis
1165 2062 1288 2110 constat.

92 2147 179 2207 Aliud
193 2147 279 2226 hujus
292 2149 381 2226 patris
395 2148 590 2217 testimouium
605 2166 663 2221 quo
677 2160 789 2207 sanctos
809 2149 896 2208 animi
911 2147 1028 2206 affectus
1044 2146 1154 2224 pandit,
1172 2148 1290 2208 hortans

92 2244 128 2303 ad
142 2245 319 2322 martyrium,
331 2245 413 2322 juvat
425 2244 560 2302 recitaret
583 2244 738 2303 “Patriam
752 2257 878 2303 nostram
893 2244 1054 2322 paradisum
1070 2258 1287 2322 computamus,

92 2353 223 2419 parentes
236 2342 407 2420 patriarchas
422 2340 525 2400 habere
535 2342 596 2419 jam
611 2342 771 2419 coepimus:
794 2341 862 2417 quid
884 2332 941 2401 nou
957 2360 1143 2419 properamus
1159 2354 1188 2401 et
1200 2344 1293 2402 curri-

93 2457 157 2497 mus
173 2450 204 2496 ut
218 2440 337 2515 patriam
352 2448 480 2496 nostram
495 2436 602 2506 videre,
616 2449 647 2496 ut
665 2450 796 2515 parentes
811 2438 931 2497 salutare
946 2439 1116 2515 possimus?
1160 2440 1288 2519 Magnus

91 2535 150 2593 illic
166 2553 218 2593 nos
244 2534 394 2593 charorum
418 2552 553 2592 numerus
582 2544 731 2611 expectat3
754 2549 913 2612 parentum,
939 2535 1065 2604 fratrum,
1082 2536 1210 2597 liliorum
1235 2539 1289 2598 fre·

91 2649 182 2705 quens
197 2649 249 2690 nos
264 2640 292 2688 ct
306 2629 422 2708 copiosa
433 2630 512 2688 turba
527 2628 677 2698 desiderat,
697 2631 760 2708 jam
782 2630 817 2690 de
831 2651 883 2690 sua
899 2632 1110 2691 immortalitate
1124 2653 1237 2705 secura,
1259 2646 1286 2695 et

92 2727 184 2788 adhuc
209 2728 244 2787 de
268 2738 365 2786 nostra
382 2727 472 2785 salute
495 2726 614 2786 solicita.
656 2728 701 2787 Ad
725 2728 828 2791 horum
850 2739 1034 2808 conspectum
1058 2744 1087 2789 et
1101 2732 1284 2810 complexum

91 2828 198 2894 venire,
213 2835 318 2899 quanta
331 2823 425 2882 stillis
441 2836 469 2881 et
480 2824 561 2882 nobis
576 2823 772 2885 incommune
799 2825 895 2885 letitia
908 2827 974 2884 esti
996 2826 1089 2901 qualis
1102 2828 1163 2887 illic
1187 2831 1282 2889 eoeles·

91 2925 161 2982 tium
176 2941 327 3001 regnorum
340 2921 468 2999 voluptas
483 2922 545 2980 sine
559 2922 661 2981 timore
676 2922 827 2991 moriendi,
843 2936 950 2982 etcum
972 2926 1127 3003 aeteruitate'
1144 2926 1279 2987 visendi?

91 3042 176 3096 quam
203 3030 357 3079 summast
371 3031 507 3097 perpetua
527 3019 670 3078 felicitas!
692 3021 751 3080 illic
771 3011 976 3098 Apostolorum
991 3022 1134 3100 gloriosus
1157 3025 1281 3085 chorus:

89 3118 149 3177 illie
171 3117 372 3196 prophetarum
404 3116 590 3175 exultantium
620 3136 771 3176 numerus:
794 3118 852 3176 illic
880 3127 1037 3195 martyrum
1067 3120 1282 3181 innumerabilis

91 3216 214 3294 populus
229 3216 265 3273 ob
275 3214 436 3272 certaminis
448 3223 476 3271 et
490 3214 633 3290 passionis
645 3216 793 3274 victoriam
806 3227 956 3275 coronatus
970 3237 977 3273 :
1000 3218 1212 3295 triumphantes
1227 3220 1282 3280 illie

93 3317 227 3393 virgines,
243 3332 305 3387 quae
321 3311 581 3388 concupiscentiam
596 3313 691 3371 carnis
705 3327 734 3373 et
748 3314 876 3390 corporis
890 3315 1072 3374 continentie
1087 3319 1190 3377 robore
1205 3320 1284 3378 subc·

92 3423 210 3490 gerunt:
233 3411 402 3469 remunerati
417 3407 628 3478 misericordes,
643 3411 693 3484 qui
708 3410 850 3469 alimentis
865 3423 894 3469 et
907 3411 1103 3489 largitionibus
1126 3433 1283 3493 paupemm

88 3511 205 3588 justitia
221 3528 308 3586 opera
321 3507 458 3574 feceruut,
471 3505 521 3581 qui
543 3507 685 3566 dominica
705 3521 846 3586 precepta
860 3521 1006 3569 servantes
1021 3510 1054 3569 ad
1071 3512 1206 3572 coelestes
1228 3514 1284 3573 the·

91 3626 190 3667 sauros
219 3603 328 3665 terrena
355 3605 523 3682 patrimonia
552 3605 760 3665 transtulerunt.
801 3607 847 3665 Ad
877 3607 941 3676 hos,
970 3608 1067 3666 fratres
1092 3608 1282 3680 dilectissimi,

92 3705 175 3765 avida
188 3702 340 3780 cupiditate
354 3720 550 3780 properemus,
574 3715 605 3761 ut
628 3722 693 3762 eum
718 3704 764 3762 his
789 3705 845 3764 cito
866 3723 940 3773 esse,
956 3714 987 3763 ut
1010 3707 1067 3765 cito
1082 3706 1117 3765 ad
1133 3708 1283 3771 Christum

91 3803 188 3862 venire
200 3803 353 3878 contingat,
365 3809 506 3876 optemus.
549 3798 634 3858 Hauc
645 3802 846 3880 cogitationem
859 3813 983 3861 nostram
997 3802 1077 3862 Deus
1089 3804 1185 3866 videat
1199 3828 1207 3876 ;
1229 3808 1282 3869 hoe

92 3899 269 3979 propositum
285 3897 388 3957 mentis
403 3905 430 3954 et
445 3895 510 3954 fidei
525 3895 667 3955 Dominus
683 3897 816 3957 Christus
838 3899 974 3976 aspiciat;
996 3900 1114 3960 daturus
1130 3906 1172 3962 eis
1188 3907 1281 3983 gloria

93 4016 152 4058 suae
167 3996 304 4075 ampliora
317 3993 443 4072 praemia,
458 4011 579 4067 quorum
594 3994 669 4052 circa
681 4014 713 4053 se
728 3995 832 4055 fuerint
844 3995 984 4055 desideria
996 3997 1151 4076 majora-’⁸³

361 4155 400 4219 (l)
420 4151 450 4202 L.
461 4153 493 4202 vi.
502 4152 567 4203 Hiar
581 4170 602 4204 e.
614 4154 655 4203 ³9.

360 4242 402 4306 (2)
422 4240 613 4306 Eneyelopoedia
624 4241 778 4303 Americarra,
788 4239 958 4294 Millersnissm.

358 4328 400 4392 (dl
420 4325 449 4376 L.
460 4327 490 4376 de
501 4327 644 4378 mortalitate
654 4328 700 4378 sub
711 4328 794 4379 finem.
