2798 5092
363 346 421 407 DE
440 345 687 411 ELECTIONE
709 346 1033 410 MtNtsrttorturta
1257 350 1297 408 dd

98 503 145 563 bus
158 503 264 564 diebus
278 505 386 579 aliquot
405 515 469 565 ante
490 505 698 566 ordinationem
719 506 833 584 publice
855 507 1021 585 propositis.
1055 507 1102 566 De
1116 507 1289 585 presulibus

98 601 210 676 quidem
237 602 377 680 eligendis
401 603 432 662 id
452 622 510 662 non
524 605 566 672 iit,
580 604 631 662 sed
655 623 708 663 suo
722 614 838 663 utuntur
857 605 923 682 jure
944 604 1086 664 Ecclesiae
1113 616 1236 663 rectores
1257 604 1288 663 in

97 703 203 760 ratione
218 701 368 759 statuenda
381 720 445 775 quae
460 703 636 780 temporibus
650 702 779 776 locisque
793 702 878 761 variis
893 702 1004 762 videmr
1017 703 1240 764 accommodata.

132 802 182 859 95.
209 798 277 878 obj.
293 804 322 858 8.
344 800 378 858 In
393 799 537 877 plerisque
558 801 654 878 regnis
669 799 817 860 catholicis
838 801 968 879 episcopi
982 820 999 859 a
1012 803 1127 880 regibus
1141 803 1290 863 nominau-

98 905 150 964 tur,
164 897 216 970 qui
231 916 320 970 quum
335 897 443 958 nullum
459 898 583 975 speciale
593 899 643 976 jus
654 898 684 955 in
699 899 787 957 sacris
809 897 945 958 ministris
960 897 1144 976 designandis
1158 900 1289 968 habeant,

98 993 193 1070 populi
208 993 336 1070 partibus
350 993 405 1051 hac
418 993 447 1051 in
461 1011 492 1051 re
506 993 587 1070 fungi
601 992 737 1051 censendi
752 1004 835 1052 sunt:
859 993 923 1053 ideo
938 1012 1027 1072 penes
1042 995 1182 1072 populum
1202 996 1234 1055 in
1246 1013 1290 1054 re·

96 1088 206 1168 publica
221 1087 390 1166 designandi
404 1107 501 1147 sacros
515 1089 661 1149 ministros
676 1100 800 1167 potestas
815 1101 920 1149 manet.
1043 1088 1045 1092 ⁸

133 1185 225 1264 Reap.
247 1185 451 1258 Quascumque
465 1187 623 1245 sustineant
633 1199 728 1265 partes
742 1205 824 1264 reges
841 1187 973 1265 catholici
987 1189 1016 1247 iu
1037 1187 1183 1265 episcopie
1196 1186 1290 1266 desig·

99 1283 208 1350 randis,
224 1301 262 1340 ex
278 1283 451 1342 Pontificum
466 1280 652 1342 concessione
674 1282 830 1359 derivatum
855 1294 909 1353 est,
930 1294 960 1342 ct
981 1283 1173 1343 Concordntia
1187 1285 1293 1343 stabili·

99 1389 165 1440 turn.
208 1380 332 1441 Nullum
341 1383 392 1459 jus
406 1382 436 1440 in
450 1381 485 1440 iis
500 1394 544 1440 est
557 1383 682 1459 agnitum
696 1401 704 1452 ς
726 1382 777 1440 sed
789 1383 1017 1461 quamplurimis
1028 1383 1175 1442 beneficiis
1186 1382 1293 1441 ditave-

98 1479 335 1542 rirrtEcclesiam.
348 1489 377 1537 et
387 1480 449 1557 ejus
457 1480 522 1557 jura
531 1480 638 1538 tueriin
648 1499 679 1538 se
685 1481 872 1557 susceperint,
883 1499 995 1554 aequum
1003 1483 1147 1541 visumest
1156 1481 1191 1539 iis
1200 1481 1292 1540 nomi·

99 1577 183 1636 nandi
192 1578 347 1656 episcopos
355 1577 421 1636 dare
431 1577 754 1645 facultatemreservato
764 1579 896 1638 Pontifici
902 1580 1122 1658 jurerejiciendi
1132 1598 1204 1653 quos
1214 1589 1300 1639 tauto'

99 1693 216 1735 munere
231 1675 365 1753 indiguos
375 1676 545 1753 judicarent.
587 1675 632 1734 Re
644 1677 759 1750 quidem
772 1695 839 1736 vera
853 1676 1002 1754 privilegia
1012 1676 1178 1755 hujusmodi
1192 1697 1209 1735 a
1221 1696 1292 1755 porr·

89 1773 224 1837 ,tificibus
239 1774 298 1832 sere
312 1773 410 1832 invitis
426 1793 504 1850 saepe
519 1783 629 1833 extorta
646 1785 722 1843 sunt,
737 1775 809 1834 etin
824 1774 959 1834 damnum
974 1787 1122 1835 cesserunt
1135 1776 1292 1834 Ecclesiae:

100 1872 147 1931 sed
161 1873 254 1932 semel
269 1892 417 1940 concessa,
433 1872 468 1930 ad
482 1872 662 1949 disciplinam
673 1875 825 1951 pertinent,
837 1892 900 1946 quae
915 1875 1101 1935 concessione
1111 1886 1139 1932 et
1148 1876 1294 1934 sanctione

99 1969 242 2045 pontificia
256 1969 364 2027 nititur.
407 1967 528 2027 Nullum
541 1969 590 2046 jus
605 1967 670 2026 iude
686 1969 797 2045 probari
813 1980 906 2045 potest
919 1970 999 2046 regio
1013 1971 1123 2029 muneri
1138 1970 1292 2037 inhaerens,

101 2066 143 2125 rel
156 2086 194 2125 ex
207 2077 283 2124 ooetu
298 2065 425 2125 fidelium
441 2066 597 2124 derivatum
609 2085 617 2122 s
639 2085 693 2124 nec
706 2065 772 2124 ideo
786 2065 817 2124 in
830 2055 996 2142 exemplum
1008 2065 1080 2124 trabi
1094 2074 1189 2143 potest
1202 2076 1233 2124 ut
1244 2067 1293 2144 jus

102 2165 205 2242 populo
218 2159 289 2222 alias
302 2164 469 2222 adstruatur.

136 2265 187 2322 96.
213 2261 280 2341 obj.
296 2265 325 2320 9.
347 2261 471 2320 Inhaeret
484 2261 601 2320 cuilibet
614 2262 699 2320 coetui
715 2261 766 2339 jus
787 2279 856 2320 suos
870 2259 993 2339 eligendi
1015 2261 1172 2330 ministros,
1188 2269 1219 2320 ut
1238 2260 1295 2320 sibi

103 2361 242 2422 consulat.
346 2406 347 2411 κ

138 2457 235 2536 Reap.
251 2456 351 2533 Coetus
368 2476 458 2527 sacer,
480 2457 573 2532 qualis
588 2468 633 2516 eut
657 2456 801 2526 Ecclesia,
828 2455 978 2515 Christum
999 2456 1083 2514 habet
1097 2455 1252 2526 auctorem,
1267 2465 1296 2516 et

100 2552 159 2629 jura
172 2554 269 2613 omnia
281 2553 315 2612 ab
330 2553 379 2611 illo
394 2553 509 2612 derivat.
552 2552 667 2612 Fideles
681 2554 710 2611 in
726 2553 810 2611 rebus
824 2551 928 2610 divinis
944 2551 1015 2610 nihil
1030 2551 1135 2609 habent
1144 2551 1229 2629 juris,
1241 2552 1293 2611 sed

103 2650 217 2709 omuino
231 2641 357 2728 pendent
370 2651 403 2708 ab
418 2650 511 2728 ipsius
526 2650 681 2719 voluntate,
698 2669 784 2724 quam
799 2650 933 2727 amplecti
946 2661 1026 2726 grato
1040 2650 1136 2708 animo
1150 2649 1240 2708 decet
1262 2648 1296 2707 Id

103 2748 184 2827 igitur
197 2759 306 2807 tantum
320 2748 531 2826 respiciendum
546 2759 601 2818 est,
616 2750 787 2823 quibusnam
802 2748 976 2808 concesserit
989 2767 1098 2808 sacram
1113 2755 1306 2826 potestatem,

104 2859 129 2904 et
140 2849 169 2906 in
183 2838 324 2906 mandatis
339 2847 447 2906 dederit
460 2865 558 2924 regere
580 2847 761 2915 Ecclesiam3
784 2866 881 2906 eorum
896 2847 973 2907 eninr
988 2857 1033 2904 est
1052 2846 1204 2924 designare
1218 2865 1292 2920 quoa

107 2944 251 3020 potestatis
265 2953 294 3001 et
307 2944 481 3002 auctoritatis
496 2942 624 3003 haeredes
638 2945 743 3003 saciant
755 2954 785 3000 et
798 2942 938 3003 traduces.

552 3136 840 3180 anruanvattsrorms.

138 3301 187 3359 97.
209 3297 255 3356 De
270 3297 428 3374 disciplinae
444 3298 574 3355 varietate
589 3297 618 3355 iu
632 3296 720 3355 sacris
735 3295 919 3374 designandis
934 3295 1072 3354 ministris
1084 3295 1178 3370 aliqua
1193 3315 1296 3356 occur·

108 3407 166 3455 runt
187 3394 319 3454 dicenda.
363 3395 483 3454 Constat
507 3395 668 3453 sacerdotes
694 3404 722 3453 et
745 3395 864 3453 clericos
888 3393 1038 3452 inferiores
1059 3394 1148 3453 libero
1172 3395 1238 3472 jure
1259 3396 1294 3454 ab

108 3494 246 3591 episcopis
272 3512 387 3570 semper
407 3495 529 3552 ordinari
551 3495 747 3562 consuevisse,
763 3494 893 3567 quamvis
917 3493 1111 3552 testimonium
1138 3494 1237 3571 populi
1260 3494 1295 3552 de

108 3594 226 3653 moribus
250 3594 455 3666 exquireretur.
498 3592 639 3670 Episcopi
665 3595 714 3667 qui
736 3592 771 3650 ad
794 3592 917 3669 populos
942 3591 1130 3651 traducendos
1152 3593 1186 3652 ad
1208 3592 1293 3652 fidem

108 3675 323 3758 destinabantur,
339 3693 428 3750 libero
443 3692 527 3749 etiam
544 3693 609 3768 jure
624 3693 658 3750 ab
674 3692 736 3750 aliis
752 3692 989 3750 consecrabantur
1004 3678 1161 3769 episcopis,
1177 3693 1296 3750 servatis

108 3800 194 3850 tamen
220 3791 334 3869 juribus
362 3790 473 3848 sedium
503 3792 719 3868 praecipuarum.
770 3790 896 3849 Cuilibet
925 3790 1088 3867 patriarcha
1114 3791 1186 3848 intra
1212 3810 1293 3849 suam

108 3889 237 3950 ditionem
250 3883 345 3964 ἐξωῃα
359 3891 443 3966 plena
457 3903 581 3966 potestas
597 3902 656 3948 erat
669 3889 860 3948 ordinationes
877 3888 1007 3956 faciendi,
1023 3909 1087 3963 quae
1109 3890 1138 3947 in
1153 3900 1295 3965 metropo-

107 3986 210 4048 litarum
226 3988 440 4063 consecratione
461 3989 618 4064 praesertim
640 3991 831 4054 exercebatur,
847 3987 892 4045 his
910 3987 944 4044 ab
958 3987 1106 4064 episcopis
1129 3983 1293 4062 provinciae,

108 4089 187 4146 instar
200 4087 322 4146 aliorum
337 4085 538 4161 episcoporum
553 4085 661 4143 electis.
694 4086 789 4144 Penes
804 4086 957 4162 episcopos
972 4084 1124 4161 cujuslibet
1138 4081 1294 4158 provinciae

112 4196 165 4244 erat
180 4186 229 4264 jus
251 4184 427 4262 praecipuum
443 4181 567 4259 eligendi
590 4184 744 4259 episcopos
767 4181 902 4268 insedes
923 4200 987 4255 quae
1008 4180 1104 4239 forsan
1127 4180 1298 4250 vacaverint,

111 4281 180 4353 quod
195 4292 291 4341 tamen
306 4281 391 4337 fiebat
405 4279 573 4354 plerumque
587 4280 702 4356 publico
717 4278 745 4337 in
762 4288 847 4346 oratu,
865 4277 947 4355 plebe
962 4277 1095 4349 cleroque
1108 4274 1295 4346 adstantibus,

110 4388 249 4440 eteorum
274 4390 406 4437 votorum
432 4389 460 4434 et
483 4378 710 4436 testimoniorum
735 4375 810 4434 haud
831 4377 959 4454 neglecta
980 4375 1107 4432 ratione:
1131 4385 1151 4410 “
1164 4385 1195 4432 ut
1215 4375 1297 4452 plebe

112 4476 277 4552 ptaeseute,”
305 4476 399 4548 inquit
421 4474 598 4551 Cyprianus,
628 4474 704 4533 “vel
729 4472 896 4549 detegantur
924 4471 1062 4530 malorum
1091 4470 1220 4539 crimina,
1252 4470 1298 4528 vel

110 4569 236 4635 bonorum
266 4573 372 4633 merita
399 4570 597 4649 praedicentur,
622 4581 651 4628 et
677 4571 715 4629 sit
741 4568 881 4629 ordinatio
907 4569 986 4646 justa
1012 4579 1041 4627 et
1067 4566 1204 4646 legitima,
1231 4584 1294 4641 quae

496 4674 501 4687 .
666 4671 712 4724 5,
734 4688 736 4698 Α
