2798 5092
521 369 577 428 DE
599 368 874 430 EPISCCPATU.
1255 378 1290 432 lll

101 523 172 598 quod
184 524 332 586 decretum
354 528 501 586 communi
516 529 637 587 consilio
652 528 735 588 suerit
748 539 922 603 exequatur:
943 529 973 588 id
989 530 1115 589 muneris
1131 531 1291 590 sustinebat

98 623 291 700 episcopusin
307 626 540 701 presbyterorum
555 625 676 684 coetu.'’²
716 627 928 704 Presbyteriani
943 642 971 686 et
986 627 1123 705 Baptistae
1137 629 1290 708 episcopos

98 732 125 777 et
143 721 280 789 seniores,
297 723 348 801 (ita
367 732 471 781 vocant
491 725 685 801 presbyteros,
711 725 789 783 vocis
809 723 1010 801 significationi
1030 725 1212 796 inherentes,
1235 746 1289 787 usu

90 817 250 896 neglecte)
264 816 383 878 eosdem
397 837 462 877 esse
475 819 597 879 dicunt.¹

135 920 181 976 42.
205 917 372 976 Concilium
394 917 597 977 'l'ridentinum
622 918 784 987 “declarat,
809 927 910 997 practer
936 931 1054 978 caeteros
1079 921 1288 982 ecclesiasticos

99 1013 207 1092 gradus,
217 1017 373 1106 episcopos
388 1016 437 1090 qui
452 1017 481 1075 in
496 1017 699 1094 Apostolorum
714 1018 810 1077 locum
822 1029 1031 1086 successerunt,
1044 1017 1079 1076 ad
1093 1019 1170 1078 hunc
1184 1021 1289 1080 hierar·

99 1113 206 1171 chicum
221 1111 353 1171 ordinem
374 1113 515 1189 praecipue
531 1114 682 1189 pertinere,
697 1123 726 1172 et
738 1114 859 1191 positos,
880 1115 955 1172 sicut
970 1113 1046 1173 idem
1061 1115 1216 1192 Apostolus
1238 1118 1287 1184 ait,

99 1228 113 1265 a
126 1209 232 1286 Spiritu
249 1209 354 1268 Sancto
367 1227 464 1286 regere
478 1208 640 1269 Ecclesiam
653 1209 720 1278 Dei,
730 1229 838 1285 eosque
851 1212 1024 1288 presbyteris
1039 1213 1200 1288 superiores
1211 1231 1287 1282 esse,

96 1325 126 1364 ac
136 1317 346 1391 sacramentnm
360 1307 583 1366 confirmationis
593 1307 733 1376 conferre,
743 1309 889 1367 ministros
901 1307 1041 1367 Ecclesiae
1054 1309 1193 1378 ordinare,
1203 1321 1287 1385 atque

96 1405 145 1462 alia
159 1405 295 1483 pleraque
318 1422 452 1482 peragere
475 1405 554 1482 ipsos
569 1424 665 1483 posse,
677 1425 797 1480 quarum
811 1405 988 1465 functionum
1004 1414 1172 1482 potestatem
1186 1406 1288 1480 reliqui

95 1501 233 1560 inferioris
248 1500 356 1559 ordinis
371 1501 479 1559 nullam
493 1501 647 1560 habent.'’⁸
687 1502 794 1561 Definit
814 1502 920 1560 etiam:
944 1510 963 1538 “
976 1502 1009 1560 si
1033 1502 1097 1576 quis
1121 1501 1239 1570 dixerit„
1257 1504 1287 1562 in

95 1596 224 1656 Ecclesia
239 1597 389 1656 catholica
411 1612 469 1656 non
493 1616 557 1656 esse
583 1597 782 1657 Hierarchiam
796 1596 894 1656 divina
914 1596 1093 1665 ordinatione
1117 1598 1285 1667 institutam,

94 1713 152 1768 que
166 1699 277 1753 constat
292 1713 329 1753 ex
343 1695 497 1774 episcopis,
514 1696 697 1771 presbyteris.
713 1706 741 1753 et
756 1694 894 1754 ministris
909 1714 917 1762 3
939 1694 1089 1753 anatherna
1110 1694 1180 1754 sit.”
1224 1697 1286 1756 “Si

87 1793 155 1865 'quis
169 1791 285 1860 dixerit,
307 1791 471 1868 episcopos,
487 1809 544 1849 non
569 1808 633 1848 esse
656 1791 832 1867 presbyteris
853 1791 1027 1867 superiores,
1043 1790 1089 1848 vel
1110 1807 1168 1850 uon
1182 1791 1286 1851 habere

95 1899 257 1965 potestatem
272 1887 460 1946 confirmandi
474 1899 503 1945 et
516 1885 683 1945 ordinandi:
707 1887 751 1944 rel
765 1905 828 1945 earn
843 1906 928 1961 quam
944 1887 1060 1954 habent,
1073 1885 1130 1946 illis
1144 1906 1286 1948 essecum

96 1986 264 2064 presbyteris
279 2002 483 2050 communem
506 2026 513 2042 .
538 2026 545 2040 .
570 2025 577 2041 .
600 1982 752 2041 anathema
763 1982 849 2041 sit.'’⁴
887 1982 967 2051 Ideo,
984 1993 1102 2041 testante
1117 1984 1204 2044 Petro
1218 1984 1288 2043 Col·

96 2083 156 2157 leto,
184 2081 364 2140 “Catholici
388 2098 488 2139 omnes
517 2089 680 2139 constanter
704 2077 818 2144 docent,
845 2077 999 2154 episcopos
1020 2096 1085 2134 esse
1110 2081 1287 2156 presbyteris

96 2179 269 2256 superiores;
293 2175 380 2250 idque
394 2175 504 2254 dejure
519 2175 626 2242 divino,
648 2176 674 2234 si
694 2174 729 2233 de
751 2184 888 2252 potestate
910 2172 1019 2238 ordinis
1041 2191 1136 2233 sermo
1157 2176 1212 2233 sit:
1235 2175 1287 2234 sed

96 2277 230 2355 ambigunt
244 2296 283 2335 an
299 2273 402 2334 eodem
412 2275 477 2352 jure
491 2273 666 2351 presbyteris
675 2272 843 2350 superiores
854 2271 912 2329 sint
923 2282 1060 2344 quantum
1074 2270 1109 2330 ad
1118 2280 1287 2348 potestatem

93 2373 337 2451 jurisdiouonis.”⁵
377 2370 609 2430 Contmversiam
624 2370 677 2429 hac
700 2369 735 2428 de
750 2388 780 2428 re
794 2368 824 2426 in
840 2368 964 2426 concilio
978 2366 1102 2427 habitam
1115 2368 1178 2428 iirse
1197 2373 1289 2428 narrat

97 2466 306 2540 Pallarioinus,⁰
321 2488 406 2544 quam
421 2480 515 2546 patres
530 2486 665 2545 supremo
675 2466 786 2543 judicio
797 2464 929 2523 dirimere
943 2463 1085 2533 nolentes,
1100 2466 1169 2523 satis
1183 2466 1289 2525 habue-

96 2581 158 2639 runt,
172 2569 368 2650 prestantiam
382 2567 595 2643 episcoporum,
616 2565 690 2643 juris
713 2564 822 2624 omissa
842 2561 998 2630 mentione,
1015 2560 1181 2622 definitione
1196 2562 1288 2622 decla·

97 2687 156 2728 rare.

597 2875 780 2918 recrearem.

130 3023 268 3105 Episcopi
282 3018 547 3105 compresbyteris
561 3016 738 3096 superiores.

132 3124 280 3184 Probatur
294 3121 322 3180 Ι.
341 3117 517 3198 Scripturis.

131 3227 175 3281 43.
195 3223 322 3280 Constat
332 3215 480 3294 Apostolis
491 3213 627 3272 eximiam
642 3210 737 3271 datam
748 3229 813 3269 esse
828 3218 1005 3288 potestatem,
1022 3209 1176 3287 episcopos
1191 3221 1285 3271 autem

99 3319 124 3376 in
145 3319 317 3380 consortium
341 3313 471 3392 ejusdem
495 3313 531 3371 ab
552 3312 588 3370 iis
603 3309 737 3376 adscitos,
752 3328 826 3383 quos
851 3320 879 3367 et
903 3326 1086 3368 successores
1100 3308 1284 3383 reliquerunt.

100 3417 167 3497 Ergo
181 3424 316 3498 praestant
330 3413 515 3491 presbyteris,
529 3420 606 3470 tanta
619 3410 788 3468 auctoritate
797 3426 856 3468 non
870 3406 1070 3486 gaudentibus.

134 3516 282 3577 Probatur
303 3511 346 3583 ll.
370 3528 407 3570 cu
418 3508 579 3570 Paretur.

133 3619 177 3675 44.
198 3610 507 3674 CaeneusRortauus
521 3606 609 3667 dicit:
634 3607 788 3665 “Summo
815 3606 923 3682 quippe
946 3603 1096 3674 sacerdoti,
1120 3624 1173 3665 sua
1193 3607 1289 3665 munia

102 3711 191 3771 tributa
203 3724 279 3779 sunt,
295 3720 324 3768 et
343 3705 537 3766 sacerdotibus
557 3703 638 3764 locus
660 3703 793 3782 proprius
816 3702 980 3780 adsignatus
1005 3711 1060 3772 est,
1075 3715 1104 3762 et
1128 3703 1222 3763 levitis
1236 3723 1288 3763 sua

129 3828 144 3868 u
165 3810 190 3868 'a
203 3821 215 3868 t
229 3806 355 3868 ibura.’‘⁷

106 3827 177 3966 Ἥ
187 3830 375 3966 Sllorrarrus
385 3904 429 3964 M.
440 3904 633 3981 Smyrnenses
644 3899 779 3958 hortatur:
796 3906 816 3934 “
825 3897 935 3957 Omnes
944 3898 1113 3975 episcopum
1123 3897 1287 3971 sequimini,

147 4102 156 4148 l
188 4099 470 4160 lnst.l.ir.c.ir.§.2.

132 4099 171 4251 l²l
186 4186 356 4250 Presbyterian
368 4185 430 4234 form
440 4183 468 4234 of
474 4182 650 4238 Gorernmeut,
662 4177 701 4228 ch.
713 4177 746 4228 ir.
778 4175 876 4243 Baptist
886 4175 1024 4227 confession
1035 4174 1064 4225 os
1076 4173 1145 4236 seith,
1157 4175 1196 4229 clu
1209 4176 1289 4228 xxvii.

134 4273 171 4341 (3)
189 4274 256 4324 Sess.
267 4272 337 4323 xxiii.
349 4287 402 4337 cap.
413 4271 445 4322 iv.

134 4362 170 4427 (4)
188 4361 281 4413 Ibidem
292 4376 346 4410 can.
358 4358 390 4408 vi.
403 4358 445 4408 vii.

133 4446 169 4512 (5)
186 4447 266 4497 Tract
278 4445 309 4496 de
322 4444 413 4494 Ordine
424 4460 448 4508 p.
458 4442 483 4492 ii.
496 4458 517 4492 c.
529 4439 561 4490 ir.
572 4437 602 4488 de
613 4437 741 4502 episcopis,
753 4444 796 4486 art.
808 4436 836 4486 ii.

132 4533 168 4599 (6)
184 4534 269 4585 latoria
279 4532 319 4582 del
332 4529 444 4581 Concilio
455 4529 480 4580 di
491 4527 585 4580 Tremo
597 4525 613 4575 l.
626 4524 695 4573 xviii.
705 4532 730 4574 et
738 4523 790 4573 xix.

138 4618 172 4682 (7)
189 4620 235 4686 Ep.
247 4618 279 4670 ad
291 4616 350 4669 Cor.
361 4619 420 4683 Cap.
428 4617 462 4667 xl.
