<?xml version="1.0" encoding="UTF-8"?>
<!DOCTYPE html PUBLIC "-//W3C//DTD XHTML 1.0 Transitional//EN"
    "http://www.w3.org/TR/xhtml1/DTD/xhtml1-transitional.dtd">
<html xmlns="http://www.w3.org/1999/xhtml" xml:lang="en" lang="en">
 <head>
  <title>
</title>
<meta http-equiv="Content-Type" content="text/html;charset=utf-8" />
  <meta name='ocr-system' content='tesseract 3.04.00' />
  <meta name='ocr-capabilities' content='ocr_page ocr_carea ocr_par ocr_line ocrx_word'/>
</head>
<body>
  <div class='ocr_page' id='page_1' title='image "./theologidogmati02kenrgoog_0305.png"; bbox 0 0 2798 5092; ppageno 0'>
   <div class='ocr_carea' id='block_1_1' title="bbox 113 339 976 408">
    <p class='ocr_par' dir='ltr' id='par_1_1' title="bbox 113 339 976 408">
     <span class='ocr_line' id='line_1_1' title="bbox 113 339 976 408; baseline -0.008 0"><span class='ocrx_word' id='word_1_1' title='bbox 113 348 182 408; x_wconf 68' lang='grc'>’101</span> <span class='ocrx_word' id='word_1_2' title='bbox 464 341 522 403; x_wconf 78' lang='lat' dir='ltr'>DE</span> <span class='ocrx_word' id='word_1_3' title='bbox 542 339 976 403; x_wconf 77' lang='lat' dir='ltr'><strong>PRAEDESTINA&#39;I&#39;IONE.</strong></span> 
     </span>
    </p>
   </div>
   <div class='ocr_carea' id='block_1_2' title="bbox 98 496 1322 970">
    <p class='ocr_par' dir='ltr' id='par_1_2' title="bbox 122 496 1318 676">
     <span class='ocr_line' id='line_1_2' title="bbox 122 496 1318 580; baseline -0.008 -16"><span class='ocrx_word' id='word_1_4' title='bbox 122 506 161 565; x_wconf 83' lang='lat' dir='ltr'>tia</span> <span class='ocrx_word' id='word_1_5' title='bbox 176 523 243 563; x_wconf 86' lang='lat' dir='ltr'>rasa</span> <span class='ocrx_word' id='word_1_6' title='bbox 256 504 304 562; x_wconf 83' lang='lat' dir='ltr'>irre</span> <span class='ocrx_word' id='word_1_7' title='bbox 317 512 383 580; x_wconf 86' lang='lat' dir='ltr'>apta</span> <span class='ocrx_word' id='word_1_8' title='bbox 396 502 424 560; x_wconf 91' lang='lat' dir='ltr'>iu</span> <span class='ocrx_word' id='word_1_9' title='bbox 438 502 592 568; x_wconf 87' lang='lat' dir='ltr'>interitum,</span> <span class='ocrx_word' id='word_1_10' title='bbox 607 510 638 559; x_wconf 92' lang='lat' dir='ltr'>ut</span> <span class='ocrx_word' id='word_1_11' title='bbox 651 500 813 559; x_wconf 70' lang='lat' dir='ltr'>ostenderet</span> <span class='ocrx_word' id='word_1_12' title='bbox 826 498 940 558; x_wconf 79' lang='lat' dir='ltr'>divitias</span> <span class='ocrx_word' id='word_1_13' title='bbox 953 497 1051 576; x_wconf 76' lang='lat' dir='ltr'>glorie</span> <span class='ocrx_word' id='word_1_14' title='bbox 1064 513 1124 555; x_wconf 76' lang='lat' dir='ltr'>sue</span> <span class='ocrx_word' id='word_1_15' title='bbox 1139 497 1169 556; x_wconf 90' lang='lat' dir='ltr'>iu</span> <span class='ocrx_word' id='word_1_16' title='bbox 1183 513 1256 555; x_wconf 83' lang='lat' dir='ltr'>vasa</span> <span class='ocrx_word' id='word_1_17' title='bbox 1266 496 1318 554; x_wconf 88' lang='lat' dir='ltr'>mi-</span> 
     </span>
     <span class='ocr_line' id='line_1_3' title="bbox 123 595 764 676; baseline -0.014 -13"><span class='ocrx_word' id='word_1_18' title='bbox 123 601 282 663; x_wconf 83' lang='lat' dir='ltr'>seriumdiae</span> <span class='ocrx_word' id='word_1_19' title='bbox 297 618 360 674; x_wconf 78' lang='lat' dir='ltr'>qua</span> <span class='ocrx_word' id='word_1_20' title='bbox 375 600 543 676; x_wconf 79' lang='lat' dir='ltr'>preparavit</span> <span class='ocrx_word' id='word_1_21' title='bbox 556 600 586 657; x_wconf 92' lang='lat' dir='ltr'>iu</span> <span class='ocrx_word' id='word_1_22' title='bbox 597 595 764 674; x_wconf 87' lang='lat' dir='ltr'>gloriam.”¹</span> 
     </span>
    </p>

    <p class='ocr_par' dir='ltr' id='par_1_3' title="bbox 98 690 1322 970">
     <span class='ocr_line' id='line_1_4' title="bbox 98 690 1321 776; baseline -0.009 -16"><span class='ocrx_word' id='word_1_23' title='bbox 98 737 105 750; x_wconf 83' lang='lat'><strong>·</strong></span> <span class='ocrx_word' id='word_1_24' title='bbox 161 698 251 776; x_wconf 72' lang='lat' dir='ltr'>neap.</span> <span class='ocrx_word' id='word_1_25' title='bbox 274 697 320 756; x_wconf 89' lang='lat' dir='ltr'>De</span> <span class='ocrx_word' id='word_1_26' title='bbox 344 695 508 755; x_wconf 81' lang='lat' dir='ltr'>infidelitate</span> <span class='ocrx_word' id='word_1_27' title='bbox 523 709 553 754; x_wconf 83' lang='lat' dir='ltr'>et</span> <span class='ocrx_word' id='word_1_28' title='bbox 573 693 667 754; x_wconf 86' lang='lat' dir='ltr'>cordis</span> <span class='ocrx_word' id='word_1_29' title='bbox 689 693 802 763; x_wconf 88' lang='lat' dir='ltr'>duritie,</span> <span class='ocrx_word' id='word_1_30' title='bbox 823 693 920 771; x_wconf 90' lang='lat' dir='ltr'>potius</span> <span class='ocrx_word' id='word_1_31' title='bbox 942 710 1028 766; x_wconf 81' lang='lat' dir='ltr'>quem</span> <span class='ocrx_word' id='word_1_32' title='bbox 1051 690 1086 750; x_wconf 90' lang='lat' dir='ltr'>de</span> <span class='ocrx_word' id='word_1_33' title='bbox 1112 691 1321 768; x_wconf 77' lang='lat' dir='ltr'>reprobatione</span> 
     </span>
     <span class='ocr_line' id='line_1_5' title="bbox 125 789 1322 871; baseline -0.01 -13"><span class='ocrx_word' id='word_1_34' title='bbox 125 810 238 863; x_wconf 76' lang='lat' dir='ltr'>uterne,</span> <span class='ocrx_word' id='word_1_35' title='bbox 249 794 354 854; x_wconf 80' lang='lat' dir='ltr'>directe</span> <span class='ocrx_word' id='word_1_36' title='bbox 368 794 426 871; x_wconf 87' lang='lat' dir='ltr'>agit</span> <span class='ocrx_word' id='word_1_37' title='bbox 438 793 604 870; x_wconf 70' lang='lat' dir='ltr'><strong>Apostolus,</strong></span> <span class='ocrx_word' id='word_1_38' title='bbox 614 811 680 851; x_wconf 85' lang='lat' dir='ltr'>nem</span> <span class='ocrx_word' id='word_1_39' title='bbox 693 790 835 851; x_wconf 62' lang='lat' dir='ltr'>in‘eodem</span> <span class='ocrx_word' id='word_1_40' title='bbox 848 789 925 865; x_wconf 89' lang='lat' dir='ltr'>qnod</span> <span class='ocrx_word' id='word_1_41' title='bbox 935 807 1087 867; x_wconf 70' lang='lat' dir='ltr'>aggressus</span> <span class='ocrx_word' id='word_1_42' title='bbox 1101 798 1161 847; x_wconf 89' lang='lat' dir='ltr'>erat</span> <span class='ocrx_word' id='word_1_43' title='bbox 1171 806 1322 864; x_wconf 82' lang='lat' dir='ltr'>argumen-</span> 
     </span>
     <span class='ocr_line' id='line_1_6' title="bbox 123 887 1321 970; baseline -0.009 -16"><span class='ocrx_word' id='word_1_44' title='bbox 123 908 154 955; x_wconf 94' lang='lat' dir='ltr'>to</span> <span class='ocrx_word' id='word_1_45' title='bbox 168 895 272 953; x_wconf 83' lang='lat' dir='ltr'>versari</span> <span class='ocrx_word' id='word_1_46' title='bbox 295 895 396 970; x_wconf 85' lang='lat' dir='ltr'>pergit.</span> <span class='ocrx_word' id='word_1_47' title='bbox 439 891 535 966; x_wconf 86' lang='lat' dir='ltr'>Quum</span> <span class='ocrx_word' id='word_1_48' title='bbox 550 890 667 968; x_wconf 88' lang='lat' dir='ltr'>speciali</span> <span class='ocrx_word' id='word_1_49' title='bbox 694 890 750 949; x_wconf 91' lang='lat' dir='ltr'>Dei</span> <span class='ocrx_word' id='word_1_50' title='bbox 765 890 948 949; x_wconf 86' lang='lat' dir='ltr'>beneficiost</span> <span class='ocrx_word' id='word_1_51' title='bbox 967 887 1064 965; x_wconf 82' lang='lat' dir='ltr'>gratim</span> <span class='ocrx_word' id='word_1_52' title='bbox 1079 905 1198 945; x_wconf 87' lang='lat' dir='ltr'>munere</span> <span class='ocrx_word' id='word_1_53' title='bbox 1220 898 1321 964; x_wconf 84' lang='lat' dir='ltr'>gentes</span> 
     </span>
    </p>
   </div>
   <div class='ocr_carea' id='block_1_3' title="bbox 32 982 1322 1067">
    <p class='ocr_par' dir='ltr' id='par_1_4' title="bbox 32 982 1322 1067">
     <span class='ocr_line' id='line_1_7' title="bbox 32 982 1322 1067; baseline -0.009 -15"><span class='ocrx_word' id='word_1_54' title='bbox 32 1008 35 1015; x_wconf 83' lang='lat'>&#39;</span> <span class='ocrx_word' id='word_1_55' title='bbox 124 992 161 1052; x_wconf 91' lang='lat' dir='ltr'>sd</span> <span class='ocrx_word' id='word_1_56' title='bbox 184 990 269 1049; x_wconf 87' lang='lat' dir='ltr'>fidem</span> <span class='ocrx_word' id='word_1_57' title='bbox 292 990 458 1067; x_wconf 81' lang='lat' dir='ltr'>pervenisse</span> <span class='ocrx_word' id='word_1_58' title='bbox 484 987 614 1055; x_wconf 79' lang='lat' dir='ltr'>dixisset,</span> <span class='ocrx_word' id='word_1_59' title='bbox 636 997 665 1046; x_wconf 85' lang='lat' dir='ltr'>et</span> <span class='ocrx_word' id='word_1_60' title='bbox 684 987 802 1047; x_wconf 85' lang='lat' dir='ltr'>Judreos</span> <span class='ocrx_word' id='word_1_61' title='bbox 818 987 898 1064; x_wconf 88' lang='lat' dir='ltr'>juste</span> <span class='ocrx_word' id='word_1_62' title='bbox 918 985 1081 1051; x_wconf 78' lang='lat' dir='ltr'>derelictos,</span> <span class='ocrx_word' id='word_1_63' title='bbox 1107 985 1245 1061; x_wconf 77' lang='lat' dir='ltr'><strong>proponit</strong></span> <span class='ocrx_word' id='word_1_64' title='bbox 1266 982 1322 1041; x_wconf 90' lang='lat' dir='ltr'>sibi</span> 
     </span>
    </p>
   </div>
   <div class='ocr_carea' id='block_1_4' title="bbox 122 1080 1326 1548">
    <p class='ocr_par' dir='ltr' id='par_1_5' title="bbox 122 1080 1326 1548">
     <span class='ocr_line' id='line_1_8' title="bbox 123 1080 1325 1163; baseline -0.007 -14"><span class='ocrx_word' id='word_1_65' title='bbox 123 1088 249 1150; x_wconf 84' lang='lat' dir='ltr'>hominis</span> <span class='ocrx_word' id='word_1_66' title='bbox 259 1085 341 1163; x_wconf 91' lang='lat' dir='ltr'>impii</span> <span class='ocrx_word' id='word_1_67' title='bbox 349 1084 550 1163; x_wconf 86' lang='lat' dir='ltr'>objectionem,</span> <span class='ocrx_word' id='word_1_68' title='bbox 562 1103 613 1143; x_wconf 90' lang='lat' dir='ltr'>cur</span> <span class='ocrx_word' id='word_1_69' title='bbox 623 1082 704 1142; x_wconf 90' lang='lat' dir='ltr'>Deus</span> <span class='ocrx_word' id='word_1_70' title='bbox 715 1082 750 1142; x_wconf 85' lang='lat' dir='ltr'>de</span> <span class='ocrx_word' id='word_1_71' title='bbox 763 1084 912 1143; x_wconf 88' lang='lat' dir='ltr'>hominum</span> <span class='ocrx_word' id='word_1_72' title='bbox 922 1081 1025 1140; x_wconf 79' lang='lat' dir='ltr'>duritie</span> <span class='ocrx_word' id='word_1_73' title='bbox 1035 1090 1178 1154; x_wconf 79' lang='lat' dir='ltr'><strong>queratur.</strong></span> <span class='ocrx_word' id='word_1_74' title='bbox 1202 1080 1284 1140; x_wconf 82' lang='lat' dir='ltr'>Huic</span> <span class='ocrx_word' id='word_1_75' title='bbox 1293 1092 1325 1141; x_wconf 84' lang='lat' dir='ltr'>ut</span> 
     </span>
     <span class='ocr_line' id='line_1_9' title="bbox 123 1176 1322 1263; baseline -0.008 -17"><span class='ocrx_word' id='word_1_76' title='bbox 123 1184 483 1263; x_wconf 78' lang='lat' dir='ltr'>respoudeat,¹querentem</span> <span class='ocrx_word' id='word_1_77' title='bbox 498 1182 639 1258; x_wconf 82' lang='lat' dir='ltr'>imprimis</span> <span class='ocrx_word' id='word_1_78' title='bbox 655 1195 751 1239; x_wconf 89' lang='lat' dir='ltr'>monet</span> <span class='ocrx_word' id='word_1_79' title='bbox 764 1200 824 1240; x_wconf 81' lang='lat' dir='ltr'>sue</span> <span class='ocrx_word' id='word_1_80' title='bbox 839 1179 1011 1239; x_wconf 88' lang='lat' dir='ltr'>infirmitatis</span> <span class='ocrx_word' id='word_1_81' title='bbox 1025 1188 1053 1236; x_wconf 88' lang='lat' dir='ltr'>et</span> <span class='ocrx_word' id='word_1_82' title='bbox 1067 1176 1171 1236; x_wconf 77' lang='lat' dir='ltr'>divino</span> <span class='ocrx_word' id='word_1_83' title='bbox 1187 1178 1322 1255; x_wconf 85' lang='lat' dir='ltr'>majesta-</span> 
     </span>
     <span class='ocr_line' id='line_1_10' title="bbox 122 1272 1325 1351; baseline -0.008 -9"><span class='ocrx_word' id='word_1_84' title='bbox 122 1283 171 1350; x_wconf 90' lang='lat' dir='ltr'>tis,</span> <span class='ocrx_word' id='word_1_85' title='bbox 184 1299 219 1341; x_wconf 91' lang='lat' dir='ltr'>ne</span> <span class='ocrx_word' id='word_1_86' title='bbox 234 1292 340 1339; x_wconf 90' lang='lat' dir='ltr'>temere</span> <span class='ocrx_word' id='word_1_87' title='bbox 355 1287 494 1336; x_wconf 79' lang='lat' dir='ltr'>scrutetur</span> <span class='ocrx_word' id='word_1_88' title='bbox 504 1276 560 1335; x_wconf 90' lang='lat' dir='ltr'>Dei</span> <span class='ocrx_word' id='word_1_89' title='bbox 573 1276 703 1335; x_wconf 84' lang='lat' dir='ltr'>consilia.</span> <span class='ocrx_word' id='word_1_90' title='bbox 726 1276 840 1336; x_wconf 87' lang='lat' dir='ltr'>Deinde</span> <span class='ocrx_word' id='word_1_91' title='bbox 853 1275 967 1334; x_wconf 75' lang='lat' dir='ltr'>adducit</span> <span class='ocrx_word' id='word_1_92' title='bbox 981 1272 1062 1351; x_wconf 88' lang='lat' dir='ltr'>figuli</span> <span class='ocrx_word' id='word_1_93' title='bbox 1074 1272 1256 1349; x_wconf 80' lang='lat' dir='ltr'>exemplum,</span> <span class='ocrx_word' id='word_1_94' title='bbox 1273 1274 1325 1346; x_wconf 86' lang='lat' dir='ltr'>qni</span> 
     </span>
     <span class='ocr_line' id='line_1_11' title="bbox 123 1369 1326 1457; baseline -0.006 -20"><span class='ocrx_word' id='word_1_95' title='bbox 123 1398 192 1438; x_wconf 83' lang='lat' dir='ltr'>vssa</span> <span class='ocrx_word' id='word_1_96' title='bbox 205 1397 257 1457; x_wconf 88' lang='lat' dir='ltr'>pro</span> <span class='ocrx_word' id='word_1_97' title='bbox 272 1375 388 1435; x_wconf 88' lang='lat' dir='ltr'>arbitrio</span> <span class='ocrx_word' id='word_1_98' title='bbox 401 1375 502 1452; x_wconf 84' lang='lat' dir='ltr'>fingit:</span> <span class='ocrx_word' id='word_1_99' title='bbox 524 1374 601 1448; x_wconf 85' lang='lat' dir='ltr'>quod</span> <span class='ocrx_word' id='word_1_100' title='bbox 617 1386 710 1433; x_wconf 89' lang='lat' dir='ltr'>tamen</span> <span class='ocrx_word' id='word_1_101' title='bbox 721 1393 779 1434; x_wconf 92' lang='lat' dir='ltr'>non</span> <span class='ocrx_word' id='word_1_102' title='bbox 790 1376 830 1433; x_wconf 89' lang='lat' dir='ltr'>ita</span> <span class='ocrx_word' id='word_1_103' title='bbox 842 1386 934 1452; x_wconf 87' lang='lat' dir='ltr'>urget,</span> <span class='ocrx_word' id='word_1_104' title='bbox 946 1382 978 1430; x_wconf 87' lang='lat' dir='ltr'>ut</span> <span class='ocrx_word' id='word_1_105' title='bbox 991 1371 1087 1430; x_wconf 88' lang='lat' dir='ltr'>Deum</span> <span class='ocrx_word' id='word_1_106' title='bbox 1099 1370 1174 1429; x_wconf 85' lang='lat' dir='ltr'>dicat</span> <span class='ocrx_word' id='word_1_107' title='bbox 1187 1369 1326 1430; x_wconf 90' lang='lat' dir='ltr'>homines</span> 
     </span>
     <span class='ocr_line' id='line_1_12' title="bbox 123 1464 1326 1548; baseline -0.005 -15"><span class='ocrx_word' id='word_1_108' title='bbox 123 1492 238 1534; x_wconf 88' lang='lat' dir='ltr'>summo</span> <span class='ocrx_word' id='word_1_109' title='bbox 248 1471 362 1531; x_wconf 88' lang='lat' dir='ltr'>arbitrio</span> <span class='ocrx_word' id='word_1_110' title='bbox 377 1472 408 1531; x_wconf 92' lang='lat' dir='ltr'>in</span> <span class='ocrx_word' id='word_1_111' title='bbox 419 1471 563 1530; x_wconf 89' lang='lat' dir='ltr'>interitum</span> <span class='ocrx_word' id='word_1_112' title='bbox 575 1470 621 1529; x_wconf 86' lang='lat' dir='ltr'>vel</span> <span class='ocrx_word' id='word_1_113' title='bbox 635 1471 754 1548; x_wconf 85' lang='lat' dir='ltr'>gloriam</span> <span class='ocrx_word' id='word_1_114' title='bbox 766 1471 926 1530; x_wconf 75' lang='lat' dir='ltr'>destinarer</span> <span class='ocrx_word' id='word_1_115' title='bbox 941 1465 993 1526; x_wconf 92' lang='lat' dir='ltr'>sed</span> <span class='ocrx_word' id='word_1_116' title='bbox 1004 1467 1101 1543; x_wconf 85' lang='lat' dir='ltr'>potins</span> <span class='ocrx_word' id='word_1_117' title='bbox 1108 1466 1166 1525; x_wconf 86' lang='lat' dir='ltr'>Dei</span> <span class='ocrx_word' id='word_1_118' title='bbox 1176 1464 1326 1527; x_wconf 84' lang='lat' dir='ltr'>lenitatem</span> 
     </span>
    </p>
   </div>
   <div class='ocr_carea' id='block_1_5' title="bbox 31 1561 1328 1646">
    <p class='ocr_par' dir='ltr' id='par_1_6' title="bbox 31 1561 1328 1646">
     <span class='ocr_line' id='line_1_13' title="bbox 31 1561 1328 1646; baseline -0.008 -16"><span class='ocrx_word' id='word_1_119' title='bbox 31 1596 33 1601; x_wconf 37' lang='lat' dir='ltr'><strong><em>s</em></strong></span> <span class='ocrx_word' id='word_1_120' title='bbox 124 1581 153 1629; x_wconf 90' lang='lat' dir='ltr'>et</span> <span class='ocrx_word' id='word_1_121' title='bbox 166 1568 333 1646; x_wconf 86' lang='lat' dir='ltr'>patientiam</span> <span class='ocrx_word' id='word_1_122' title='bbox 348 1567 377 1626; x_wconf 95' lang='lat' dir='ltr'>in</span> <span class='ocrx_word' id='word_1_123' title='bbox 393 1565 545 1624; x_wconf 79' lang='lat' dir='ltr'>tolerandis</span> <span class='ocrx_word' id='word_1_124' title='bbox 570 1567 766 1643; x_wconf 81' lang='lat' dir='ltr'>peccatoribus</span> <span class='ocrx_word' id='word_1_125' title='bbox 787 1566 911 1625; x_wconf 89' lang='lat' dir='ltr'>interitui</span> <span class='ocrx_word' id='word_1_126' title='bbox 933 1562 1043 1622; x_wconf 80' lang='lat' dir='ltr'>idoneis</span> <span class='ocrx_word' id='word_1_127' title='bbox 1066 1561 1328 1639; x_wconf 61' lang='lat' dir='ltr'>effert-dumis</span> 
     </span>
    </p>
   </div>
   <div class='ocr_carea' id='block_1_6' title="bbox 49 1655 1330 4259">
    <p class='ocr_par' dir='ltr' id='par_1_7' title="bbox 49 1655 1330 3871">
     <span class='ocr_line' id='line_1_14' title="bbox 123 1655 1325 1736; baseline -0.003 -19"><span class='ocrx_word' id='word_1_128' title='bbox 123 1681 202 1734; x_wconf 61' lang='lat' dir='ltr'>mne,</span> <span class='ocrx_word' id='word_1_129' title='bbox 221 1659 377 1733; x_wconf 62' lang='grc' dir='ltr'>μακροθνμίφ</span> <span class='ocrx_word' id='word_1_130' title='bbox 396 1663 469 1732; x_wconf 61' lang='lat' dir='ltr'>mine</span> <span class='ocrx_word' id='word_1_131' title='bbox 487 1661 557 1734; x_wconf 59' lang='grc' dir='ltr'><strong>ὀργῆς</strong></span> <span class='ocrx_word' id='word_1_132' title='bbox 574 1663 756 1733; x_wconf 63' lang='grc' dir='ltr'>κατηρτισμένα</span> <span class='ocrx_word' id='word_1_133' title='bbox 774 1666 807 1725; x_wconf 81' lang='grc' dir='ltr'>εἰς</span> <span class='ocrx_word' id='word_1_134' title='bbox 826 1658 1069 1736; x_wconf 65' lang='lat' dir='ltr'>iaderam-ejus</span> <span class='ocrx_word' id='word_1_135' title='bbox 1098 1655 1325 1716; x_wconf 85' lang='lat' dir='ltr'>misericordiam</span> 
     </span>
     <span class='ocr_line' id='line_1_15' title="bbox 124 1750 1322 1832; baseline -0.001 -21"><span class='ocrx_word' id='word_1_136' title='bbox 124 1751 191 1813; x_wconf 85' lang='lat' dir='ltr'>rerd</span> <span class='ocrx_word' id='word_1_137' title='bbox 206 1753 236 1811; x_wconf 90' lang='lat' dir='ltr'>in</span> <span class='ocrx_word' id='word_1_138' title='bbox 249 1751 316 1809; x_wconf 88' lang='lat' dir='ltr'>fidei</span> <span class='ocrx_word' id='word_1_139' title='bbox 331 1750 484 1828; x_wconf 85' lang='lat' dir='ltr'>gratiaeque</span> <span class='ocrx_word' id='word_1_140' title='bbox 507 1751 672 1808; x_wconf 87' lang='lat' dir='ltr'>muneribus</span> <span class='ocrx_word' id='word_1_141' title='bbox 693 1750 857 1828; x_wconf 79' lang='lat' dir='ltr'>largiendis,</span> <span class='ocrx_word' id='word_1_142' title='bbox 872 1754 976 1825; x_wconf 87' lang='lat' dir='ltr'>quibus</span> <span class='ocrx_word' id='word_1_143' title='bbox 992 1755 1124 1813; x_wconf 91' lang='lat' dir='ltr'>homines</span> <span class='ocrx_word' id='word_1_144' title='bbox 1140 1753 1177 1820; x_wconf 87' lang='lat' dir='ltr'>ad</span> <span class='ocrx_word' id='word_1_145' title='bbox 1200 1753 1322 1832; x_wconf 84' lang='lat' dir='ltr'>gloriam</span> 
     </span>
     <span class='ocr_line' id='line_1_16' title="bbox 125 1847 1321 1930; baseline -0.003 -20"><span class='ocrx_word' id='word_1_146' title='bbox 125 1847 345 1927; x_wconf 78' lang='lat' dir='ltr'>conparandam</span> <span class='ocrx_word' id='word_1_147' title='bbox 366 1857 511 1925; x_wconf 86' lang='lat' dir='ltr'>parentur,</span> <span class='ocrx_word' id='word_1_148' title='bbox 525 1847 716 1908; x_wconf 87' lang='lat' dir='ltr'>commendat.</span> <span class='ocrx_word' id='word_1_149' title='bbox 758 1848 836 1907; x_wconf 91' lang='lat' dir='ltr'>Eum</span> <span class='ocrx_word' id='word_1_150' title='bbox 858 1850 951 1911; x_wconf 82' lang='lat' dir='ltr'>adhuc</span> <span class='ocrx_word' id='word_1_151' title='bbox 964 1870 1048 1930; x_wconf 87' lang='lat' dir='ltr'>agere</span> <span class='ocrx_word' id='word_1_152' title='bbox 1062 1851 1098 1910; x_wconf 90' lang='lat' dir='ltr'>de</span> <span class='ocrx_word' id='word_1_153' title='bbox 1112 1852 1267 1911; x_wconf 85' lang='lat' dir='ltr'>vocatione</span> <span class='ocrx_word' id='word_1_154' title='bbox 1288 1847 1321 1907; x_wconf 88' lang='lat' dir='ltr'>ad</span> 
     </span>
     <span class='ocr_line' id='line_1_17' title="bbox 126 1945 1324 2024; baseline -0.001 -16"><span class='ocrx_word' id='word_1_155' title='bbox 126 1948 214 2008; x_wconf 86' lang='lat' dir='ltr'>tidem</span> <span class='ocrx_word' id='word_1_156' title='bbox 227 1945 329 2021; x_wconf 89' lang='lat' dir='ltr'>liquet,</span> <span class='ocrx_word' id='word_1_157' title='bbox 344 1965 409 2004; x_wconf 87' lang='lat' dir='ltr'>nam</span> <span class='ocrx_word' id='word_1_158' title='bbox 424 1945 517 2005; x_wconf 85' lang='lat' dir='ltr'>statim</span> <span class='ocrx_word' id='word_1_159' title='bbox 533 1946 697 2024; x_wconf 84' lang='lat' dir='ltr'>subjungit:</span> <span class='ocrx_word' id='word_1_160' title='bbox 720 1955 741 1983; x_wconf 88' lang='grc'>“</span> <span class='ocrx_word' id='word_1_161' title='bbox 751 1947 832 2014; x_wconf 80' lang='lat' dir='ltr'>Quos</span> <span class='ocrx_word' id='word_1_162' title='bbox 847 1958 876 2006; x_wconf 87' lang='lat' dir='ltr'>et</span> <span class='ocrx_word' id='word_1_163' title='bbox 889 1952 1002 2009; x_wconf 83' lang='lat' dir='ltr'>vocavit</span> <span class='ocrx_word' id='word_1_164' title='bbox 1022 1969 1080 2009; x_wconf 90' lang='lat' dir='ltr'>nou</span> <span class='ocrx_word' id='word_1_165' title='bbox 1102 1949 1201 2011; x_wconf 89' lang='lat' dir='ltr'>solum</span> <span class='ocrx_word' id='word_1_166' title='bbox 1216 1966 1255 2007; x_wconf 80' lang='lat' dir='ltr'>ex</span> <span class='ocrx_word' id='word_1_167' title='bbox 1274 1947 1324 2007; x_wconf 84' lang='lat' dir='ltr'>Jn·</span> 
     </span>
     <span class='ocr_line' id='line_1_18' title="bbox 126 2040 1322 2132; baseline -0.001 -27"><span class='ocrx_word' id='word_1_168' title='bbox 126 2045 207 2113; x_wconf 79' lang='lat' dir='ltr'>deis,</span> <span class='ocrx_word' id='word_1_169' title='bbox 222 2044 272 2104; x_wconf 90' lang='lat' dir='ltr'>sed</span> <span class='ocrx_word' id='word_1_170' title='bbox 287 2045 371 2103; x_wconf 87' lang='lat' dir='ltr'>etiam</span> <span class='ocrx_word' id='word_1_171' title='bbox 387 2062 424 2101; x_wconf 85' lang='lat' dir='ltr'>ex</span> <span class='ocrx_word' id='word_1_172' title='bbox 447 2040 628 2120; x_wconf 84' lang='lat' dir='ltr'>gentibus.&#39;’¹</span> <span class='ocrx_word' id='word_1_173' title='bbox 667 2044 708 2103; x_wconf 87' lang='lat' dir='ltr'>Et</span> <span class='ocrx_word' id='word_1_174' title='bbox 720 2062 757 2102; x_wconf 86' lang='lat' dir='ltr'>ex</span> <span class='ocrx_word' id='word_1_175' title='bbox 772 2052 830 2103; x_wconf 85' lang='lat' dir='ltr'>tots</span> <span class='ocrx_word' id='word_1_176' title='bbox 843 2047 970 2107; x_wconf 88' lang='lat' dir='ltr'>oratione</span> <span class='ocrx_word' id='word_1_177' title='bbox 992 2048 1096 2106; x_wconf 82' lang='lat' dir='ltr'>infert:</span> <span class='ocrx_word' id='word_1_178' title='bbox 1130 2057 1150 2084; x_wconf 74' lang='lat'>‘⁴</span> <span class='ocrx_word' id='word_1_179' title='bbox 1163 2045 1243 2115; x_wconf 84' lang='lat' dir='ltr'>Quid</span> <span class='ocrx_word' id='word_1_180' title='bbox 1257 2061 1322 2132; x_wconf 80' lang='lat' dir='ltr'>orgo</span> 
     </span>
     <span class='ocr_line' id='line_1_19' title="bbox 49 2139 1323 2221; baseline 0 -20"><span class='ocrx_word' id='word_1_181' title='bbox 49 2141 60 2166; x_wconf 76' lang='lat'><strong><em>⁹</em></strong></span> <span class='ocrx_word' id='word_1_182' title='bbox 125 2141 278 2201; x_wconf 68' lang='lat' dir='ltr'>dicemus?</span> <span class='ocrx_word' id='word_1_183' title='bbox 319 2139 404 2207; x_wconf 84' lang='lat' dir='ltr'>Quod</span> <span class='ocrx_word' id='word_1_184' title='bbox 425 2152 536 2221; x_wconf 79' lang='lat' dir='ltr'>gentes,</span> <span class='ocrx_word' id='word_1_185' title='bbox 552 2158 615 2213; x_wconf 74' lang='lat' dir='ltr'>quae</span> <span class='ocrx_word' id='word_1_186' title='bbox 631 2159 688 2198; x_wconf 90' lang='lat' dir='ltr'>non</span> <span class='ocrx_word' id='word_1_187' title='bbox 710 2141 889 2201; x_wconf 87' lang='lat' dir='ltr'>sectabantur</span> <span class='ocrx_word' id='word_1_188' title='bbox 905 2143 1058 2220; x_wconf 82' lang='lat' dir='ltr'>justitium,</span> <span class='ocrx_word' id='word_1_189' title='bbox 1072 2142 1323 2221; x_wconf 86' lang='lat' dir='ltr'>apprehenderunt</span> 
     </span>
     <span class='ocr_line' id='line_1_20' title="bbox 121 2237 1324 2319; baseline 0.003 -21"><span class='ocrx_word' id='word_1_190' title='bbox 121 2241 274 2318; x_wconf 70' lang='lat' dir='ltr'>iustitiam,</span> <span class='ocrx_word' id='word_1_191' title='bbox 292 2239 432 2315; x_wconf 89' lang='lat' dir='ltr'>justitiam</span> <span class='ocrx_word' id='word_1_192' title='bbox 448 2250 542 2295; x_wconf 87' lang='lat' dir='ltr'>antem</span> <span class='ocrx_word' id='word_1_193' title='bbox 563 2256 627 2311; x_wconf 80' lang='lat' dir='ltr'>quse</span> <span class='ocrx_word' id='word_1_194' title='bbox 642 2256 678 2296; x_wconf 85' lang='lat' dir='ltr'>ex</span> <span class='ocrx_word' id='word_1_195' title='bbox 699 2237 755 2296; x_wconf 88' lang='lat' dir='ltr'>fide</span> <span class='ocrx_word' id='word_1_196' title='bbox 778 2247 832 2307; x_wconf 82' lang='lat' dir='ltr'>est,</span> <span class='ocrx_word' id='word_1_197' title='bbox 860 2238 948 2300; x_wconf 83' lang='lat' dir='ltr'>lsrael</span> <span class='ocrx_word' id='word_1_198' title='bbox 970 2240 1036 2300; x_wconf 82' lang='lat' dir='ltr'>sard</span> <span class='ocrx_word' id='word_1_199' title='bbox 1065 2240 1205 2301; x_wconf 82' lang='lat' dir='ltr'>sectando</span> <span class='ocrx_word' id='word_1_200' title='bbox 1230 2241 1324 2319; x_wconf 76' lang='lat' dir='ltr'>legem</span> 
     </span>
     <span class='ocr_line' id='line_1_21' title="bbox 122 2324 1324 2415; baseline -0.002 -19"><span class='ocrx_word' id='word_1_201' title='bbox 122 2338 255 2415; x_wconf 85' lang='lat' dir='ltr'>justitiae,</span> <span class='ocrx_word' id='word_1_202' title='bbox 270 2335 300 2392; x_wconf 92' lang='lat' dir='ltr'>in</span> <span class='ocrx_word' id='word_1_203' title='bbox 314 2336 408 2412; x_wconf 84' lang='lat' dir='ltr'>legem</span> <span class='ocrx_word' id='word_1_204' title='bbox 424 2335 543 2411; x_wconf 78' lang='lat' dir='ltr'>justitie</span> <span class='ocrx_word' id='word_1_205' title='bbox 564 2353 622 2392; x_wconf 90' lang='lat' dir='ltr'>non</span> <span class='ocrx_word' id='word_1_206' title='bbox 643 2335 781 2412; x_wconf 82' lang='lat' dir='ltr'>pervenit.</span> <span class='ocrx_word' id='word_1_207' title='bbox 824 2335 941 2403; x_wconf 82' lang='lat' dir='ltr'>Querel</span> <span class='ocrx_word' id='word_1_208' title='bbox 963 2338 1038 2406; x_wconf 80' lang='lat' dir='ltr'>Quia</span> <span class='ocrx_word' id='word_1_209' title='bbox 1059 2357 1116 2398; x_wconf 91' lang='lat' dir='ltr'>non</span> <span class='ocrx_word' id='word_1_210' title='bbox 1137 2357 1178 2397; x_wconf 88' lang='lat' dir='ltr'>ex</span> <span class='ocrx_word' id='word_1_211' title='bbox 1190 2324 1324 2406; x_wconf 81' lang='lat' dir='ltr'>dde,sed</span> 
     </span>
     <span class='ocr_line' id='line_1_22' title="bbox 128 2430 1325 2513; baseline -0.001 -20"><span class='ocrx_word' id='word_1_212' title='bbox 128 2435 209 2508; x_wconf 86' lang='lat' dir='ltr'>quasi</span> <span class='ocrx_word' id='word_1_213' title='bbox 224 2450 262 2492; x_wconf 83' lang='lat' dir='ltr'>ex</span> <span class='ocrx_word' id='word_1_214' title='bbox 276 2430 455 2508; x_wconf 82' lang='lat' dir='ltr'>operibue.”⁸</span> <span class='ocrx_word' id='word_1_215' title='bbox 476 2430 621 2489; x_wconf 77' lang='lat' dir='ltr'>Caeterum</span> <span class='ocrx_word' id='word_1_216' title='bbox 633 2431 658 2491; x_wconf 89' lang='lat' dir='ltr'>si</span> <span class='ocrx_word' id='word_1_217' title='bbox 673 2433 738 2505; x_wconf 88' lang='lat' dir='ltr'>quir</span> <span class='ocrx_word' id='word_1_218' title='bbox 753 2432 931 2493; x_wconf 84' lang='lat' dir='ltr'>contenderit</span> <span class='ocrx_word' id='word_1_219' title='bbox 944 2434 980 2493; x_wconf 92' lang='lat' dir='ltr'>de</span> <span class='ocrx_word' id='word_1_220' title='bbox 996 2435 1199 2513; x_wconf 74' lang='lat' dir='ltr'>reprobatione</span> <span class='ocrx_word' id='word_1_221' title='bbox 1209 2443 1240 2493; x_wconf 84' lang='lat' dir='ltr'>et</span> <span class='ocrx_word' id='word_1_222' title='bbox 1251 2432 1325 2492; x_wconf 88' lang='lat' dir='ltr'>elee-</span> 
     </span>
     <span class='ocr_line' id='line_1_23' title="bbox 127 2527 1326 2610; baseline 0.001 -22"><span class='ocrx_word' id='word_1_223' title='bbox 127 2530 205 2588; x_wconf 88' lang='lat' dir='ltr'>tions</span> <span class='ocrx_word' id='word_1_224' title='bbox 219 2546 301 2601; x_wconf 81' lang='lat' dir='ltr'>teque</span> <span class='ocrx_word' id='word_1_225' title='bbox 317 2527 410 2585; x_wconf 85' lang='lat' dir='ltr'>valere</span> <span class='ocrx_word' id='word_1_226' title='bbox 426 2527 511 2585; x_wconf 85' lang='lat' dir='ltr'>verbe</span> <span class='ocrx_word' id='word_1_227' title='bbox 525 2527 668 2603; x_wconf 77' lang='lat' dir='ltr'>Apostoli,</span> <span class='ocrx_word' id='word_1_228' title='bbox 678 2546 736 2587; x_wconf 89' lang='lat' dir='ltr'>non</span> <span class='ocrx_word' id='word_1_229' title='bbox 748 2528 902 2588; x_wconf 84' lang='lat' dir='ltr'>admodum</span> <span class='ocrx_word' id='word_1_230' title='bbox 917 2549 1121 2610; x_wconf 83' lang='lat' dir='ltr'>repugnamus,</span> <span class='ocrx_word' id='word_1_231' title='bbox 1137 2550 1227 2606; x_wconf 88' lang='lat' dir='ltr'>quum</span> <span class='ocrx_word' id='word_1_232' title='bbox 1243 2529 1326 2609; x_wconf 84' lang='lat' dir='ltr'>impii</span> 
     </span>
     <span class='ocr_line' id='line_1_24' title="bbox 129 2622 1328 2707; baseline 0.003 -23"><span class='ocrx_word' id='word_1_233' title='bbox 129 2643 188 2684; x_wconf 93' lang='lat' dir='ltr'>non</span> <span class='ocrx_word' id='word_1_234' title='bbox 212 2623 371 2682; x_wconf 86' lang='lat' dir='ltr'>dicantura</span> <span class='ocrx_word' id='word_1_235' title='bbox 392 2622 457 2681; x_wconf 89' lang='lat' dir='ltr'>Deo</span> <span class='ocrx_word' id='word_1_236' title='bbox 478 2623 507 2681; x_wconf 91' lang='lat' dir='ltr'>in</span> <span class='ocrx_word' id='word_1_237' title='bbox 522 2623 666 2683; x_wconf 87' lang='lat' dir='ltr'>interitum</span> <span class='ocrx_word' id='word_1_238' title='bbox 681 2625 777 2693; x_wconf 83' lang='lat' dir='ltr'>creati,</span> <span class='ocrx_word' id='word_1_239' title='bbox 793 2625 843 2684; x_wconf 90' lang='lat' dir='ltr'>sed</span> <span class='ocrx_word' id='word_1_240' title='bbox 865 2629 960 2704; x_wconf 89' lang='lat' dir='ltr'>potius</span> <span class='ocrx_word' id='word_1_241' title='bbox 982 2648 1086 2707; x_wconf 89' lang='lat' dir='ltr'>magna</span> <span class='ocrx_word' id='word_1_242' title='bbox 1106 2628 1286 2707; x_wconf 82' lang='lat' dir='ltr'>indulgentis</span> <span class='ocrx_word' id='word_1_243' title='bbox 1298 2638 1328 2687; x_wconf 89' lang='lat' dir='ltr'>et</span> 
     </span>
     <span class='ocr_line' id='line_1_25' title="bbox 131 2719 1323 2805; baseline 0.003 -24"><span class='ocrx_word' id='word_1_244' title='bbox 131 2720 327 2781; x_wconf 85' lang='lat' dir='ltr'>misericordia</span> <span class='ocrx_word' id='word_1_245' title='bbox 350 2720 468 2787; x_wconf 88' lang='lat' dir='ltr'>tolerati,</span> <span class='ocrx_word' id='word_1_246' title='bbox 484 2719 551 2779; x_wconf 85' lang='lat' dir='ltr'>licet</span> <span class='ocrx_word' id='word_1_247' title='bbox 572 2720 697 2781; x_wconf 90' lang='lat' dir='ltr'>interitui</span> <span class='ocrx_word' id='word_1_248' title='bbox 722 2721 829 2792; x_wconf 84' lang='lat' dir='ltr'>idonei,</span> <span class='ocrx_word' id='word_1_249' title='bbox 854 2724 916 2802; x_wconf 81' lang='lat' dir='ltr'>spis</span> <span class='ocrx_word' id='word_1_250' title='bbox 939 2725 1038 2800; x_wconf 88' lang='lat' dir='ltr'>utique</span> <span class='ocrx_word' id='word_1_251' title='bbox 1062 2727 1184 2785; x_wconf 87' lang='lat' dir='ltr'>actibus.</span> <span class='ocrx_word' id='word_1_252' title='bbox 1226 2725 1323 2805; x_wconf 78' lang='lat' dir='ltr'>Figuli</span> 
     </span>
     <span class='ocr_line' id='line_1_26' title="bbox 128 2817 1328 2903; baseline 0.003 -23"><span class='ocrx_word' id='word_1_253' title='bbox 128 2830 223 2888; x_wconf 82' lang='lat' dir='ltr'>autern</span> <span class='ocrx_word' id='word_1_254' title='bbox 238 2819 392 2896; x_wconf 87' lang='lat' dir='ltr'>imaginem</span> <span class='ocrx_word' id='word_1_255' title='bbox 408 2837 442 2878; x_wconf 91' lang='lat' dir='ltr'>eo</span> <span class='ocrx_word' id='word_1_256' title='bbox 454 2830 562 2877; x_wconf 83' lang='lat' dir='ltr'>tantum</span> <span class='ocrx_word' id='word_1_257' title='bbox 573 2817 700 2878; x_wconf 86' lang='lat' dir='ltr'>adhiberi</span> <span class='ocrx_word' id='word_1_258' title='bbox 714 2819 926 2890; x_wconf 80' lang='lat' dir='ltr'>contendimus,</span> <span class='ocrx_word' id='word_1_259' title='bbox 937 2835 968 2881; x_wconf 90' lang='lat' dir='ltr'>ut</span> <span class='ocrx_word' id='word_1_260' title='bbox 977 2825 1027 2903; x_wconf 87' lang='lat' dir='ltr'>jus</span> <span class='ocrx_word' id='word_1_261' title='bbox 1040 2823 1171 2883; x_wconf 84' lang='lat' dir='ltr'>divinum</span> <span class='ocrx_word' id='word_1_262' title='bbox 1186 2832 1328 2883; x_wconf 76' lang='lat' dir='ltr'>assentur</span> 
     </span>
     <span class='ocr_line' id='line_1_27' title="bbox 128 2915 1328 3000; baseline 0.003 -22"><span class='ocrx_word' id='word_1_263' title='bbox 128 2919 264 2978; x_wconf 90' lang='lat' dir='ltr'>homines</span> <span class='ocrx_word' id='word_1_264' title='bbox 280 2917 311 2975; x_wconf 91' lang='lat' dir='ltr'>in</span> <span class='ocrx_word' id='word_1_265' title='bbox 325 2934 359 2975; x_wconf 90' lang='lat' dir='ltr'>ea</span> <span class='ocrx_word' id='word_1_266' title='bbox 373 2915 554 2990; x_wconf 86' lang='lat' dir='ltr'>relinquendi</span> <span class='ocrx_word' id='word_1_267' title='bbox 573 2916 747 2988; x_wconf 85' lang='lat' dir='ltr'>conditione,</span> <span class='ocrx_word' id='word_1_268' title='bbox 763 2919 864 2993; x_wconf 90' lang='lat' dir='ltr'>inqua</span> <span class='ocrx_word' id='word_1_269' title='bbox 884 2932 984 2979; x_wconf 91' lang='lat' dir='ltr'>natura</span> <span class='ocrx_word' id='word_1_270' title='bbox 1004 2940 1057 2981; x_wconf 88' lang='lat' dir='ltr'>sue</span> <span class='ocrx_word' id='word_1_271' title='bbox 1070 2940 1124 2981; x_wconf 89' lang='lat' dir='ltr'>seu</span> <span class='ocrx_word' id='word_1_272' title='bbox 1136 2921 1231 3000; x_wconf 80' lang='lat' dir='ltr'>eulpa</span> <span class='ocrx_word' id='word_1_273' title='bbox 1247 2938 1328 2999; x_wconf 84' lang='lat' dir='ltr'>repe·</span> 
     </span>
     <span class='ocr_line' id='line_1_28' title="bbox 129 3001 1329 3094; baseline 0.001 -19"><span class='ocrx_word' id='word_1_274' title='bbox 129 3017 250 3083; x_wconf 81' lang='lat' dir='ltr'>riantur,</span> <span class='ocrx_word' id='word_1_275' title='bbox 265 3014 311 3072; x_wconf 83' lang='lat' dir='ltr'>rel</span> <span class='ocrx_word' id='word_1_276' title='bbox 336 3032 386 3073; x_wconf 89' lang='lat' dir='ltr'>eos</span> <span class='ocrx_word' id='word_1_277' title='bbox 402 3012 437 3072; x_wconf 91' lang='lat' dir='ltr'>ad</span> <span class='ocrx_word' id='word_1_278' title='bbox 460 3013 547 3072; x_wconf 85' lang='lat' dir='ltr'>finem</span> <span class='ocrx_word' id='word_1_279' title='bbox 564 3032 629 3071; x_wconf 86' lang='lat' dir='ltr'>cum</span> <span class='ocrx_word' id='word_1_280' title='bbox 652 3014 759 3074; x_wconf 88' lang='lat' dir='ltr'>honore</span> <span class='ocrx_word' id='word_1_281' title='bbox 781 3015 966 3094; x_wconf 88' lang='lat' dir='ltr'>conjunctum</span> <span class='ocrx_word' id='word_1_282' title='bbox 990 3017 1171 3078; x_wconf 88' lang='lat' dir='ltr'>assumendi.</span> <span class='ocrx_word' id='word_1_283' title='bbox 1212 3001 1329 3077; x_wconf 57' lang='lat' dir='ltr'>“aliud</span> 
     </span>
     <span class='ocr_line' id='line_1_29' title="bbox 129 3110 1328 3191; baseline 0.001 -18"><span class='ocrx_word' id='word_1_284' title='bbox 129 3114 244 3190; x_wconf 87' lang='lat' dir='ltr'>quidem</span> <span class='ocrx_word' id='word_1_285' title='bbox 271 3129 320 3168; x_wconf 85' lang='lat' dir='ltr'>vas</span> <span class='ocrx_word' id='word_1_286' title='bbox 343 3113 373 3170; x_wconf 89' lang='lat' dir='ltr'>in</span> <span class='ocrx_word' id='word_1_287' title='bbox 392 3110 554 3180; x_wconf 72' lang='lat' dir='ltr'>honoremr</span> <span class='ocrx_word' id='word_1_288' title='bbox 576 3110 654 3191; x_wconf 88' lang='lat' dir='ltr'>aliud</span> <span class='ocrx_word' id='word_1_289' title='bbox 679 3131 747 3171; x_wconf 83' lang='lat' dir='ltr'>vero</span> <span class='ocrx_word' id='word_1_290' title='bbox 772 3112 802 3171; x_wconf 90' lang='lat' dir='ltr'>in</span> <span class='ocrx_word' id='word_1_291' title='bbox 824 3112 1022 3190; x_wconf 88' lang='lat' dir='ltr'>ignominiam.</span> <span class='ocrx_word' id='word_1_292' title='bbox 1065 3115 1136 3174; x_wconf 91' lang='lat' dir='ltr'>Non</span> <span class='ocrx_word' id='word_1_293' title='bbox 1155 3113 1239 3189; x_wconf 85' lang='lat' dir='ltr'>quod</span> <span class='ocrx_word' id='word_1_294' title='bbox 1257 3113 1328 3175; x_wconf 84' lang='lat' dir='ltr'>alios</span> 
     </span>
     <span class='ocr_line' id='line_1_30' title="bbox 128 3209 1328 3287; baseline -0.002 -14"><span class='ocrx_word' id='word_1_295' title='bbox 128 3215 232 3278; x_wconf 89' lang='lat' dir='ltr'>bonos,</span> <span class='ocrx_word' id='word_1_296' title='bbox 248 3211 318 3270; x_wconf 86' lang='lat' dir='ltr'>alios</span> <span class='ocrx_word' id='word_1_297' title='bbox 331 3229 388 3268; x_wconf 90' lang='lat' dir='ltr'>uon</span> <span class='ocrx_word' id='word_1_298' title='bbox 402 3210 494 3269; x_wconf 90' lang='lat' dir='ltr'>bonos</span> <span class='ocrx_word' id='word_1_299' title='bbox 509 3210 611 3269; x_wconf 84' lang='lat' dir='ltr'>faciat:</span> <span class='ocrx_word' id='word_1_300' title='bbox 627 3211 709 3271; x_wconf 85' lang='lat' dir='ltr'>absit.</span> <span class='ocrx_word' id='word_1_301' title='bbox 732 3209 840 3271; x_wconf 85' lang='lat' dir='ltr'>Verum</span> <span class='ocrx_word' id='word_1_302' title='bbox 855 3210 913 3271; x_wconf 92' lang='lat' dir='ltr'>Dei</span> <span class='ocrx_word' id='word_1_303' title='bbox 926 3213 1043 3287; x_wconf 89' lang='lat' dir='ltr'>quidem</span> <span class='ocrx_word' id='word_1_304' title='bbox 1055 3214 1168 3273; x_wconf 87' lang='lat' dir='ltr'>bonitas</span> <span class='ocrx_word' id='word_1_305' title='bbox 1179 3211 1216 3272; x_wconf 89' lang='lat' dir='ltr'>ad</span> <span class='ocrx_word' id='word_1_306' title='bbox 1227 3231 1328 3273; x_wconf 83' lang='lat' dir='ltr'>omnes</span> 
     </span>
     <span class='ocr_line' id='line_1_31' title="bbox 129 3305 1330 3390; baseline 0.001 -22"><span class='ocrx_word' id='word_1_307' title='bbox 129 3306 319 3368; x_wconf 86' lang='lat' dir='ltr'>communiter</span> <span class='ocrx_word' id='word_1_308' title='bbox 345 3305 485 3382; x_wconf 80' lang='lat' dir='ltr'>pertinet:</span> <span class='ocrx_word' id='word_1_309' title='bbox 512 3313 541 3363; x_wconf 88' lang='lat' dir='ltr'>et</span> <span class='ocrx_word' id='word_1_310' title='bbox 554 3318 691 3379; x_wconf 88' lang='lat' dir='ltr'>quantum</span> <span class='ocrx_word' id='word_1_311' title='bbox 705 3308 735 3368; x_wconf 93' lang='lat' dir='ltr'>iu</span> <span class='ocrx_word' id='word_1_312' title='bbox 755 3307 820 3390; x_wconf 87' lang='lat' dir='ltr'>ipso</span> <span class='ocrx_word' id='word_1_313' title='bbox 842 3306 930 3368; x_wconf 86' lang='lat' dir='ltr'>situm</span> <span class='ocrx_word' id='word_1_314' title='bbox 953 3319 1008 3379; x_wconf 88' lang='lat' dir='ltr'>est,</span> <span class='ocrx_word' id='word_1_315' title='bbox 1023 3309 1080 3368; x_wconf 89' lang='lat' dir='ltr'>hoc</span> <span class='ocrx_word' id='word_1_316' title='bbox 1099 3318 1153 3378; x_wconf 90' lang='lat' dir='ltr'>est,</span> <span class='ocrx_word' id='word_1_317' title='bbox 1168 3307 1330 3371; x_wconf 83' lang='lat' dir='ltr'>secundum</span> 
     </span>
     <span class='ocr_line' id='line_1_32' title="bbox 132 3393 1329 3484; baseline 0.001 -20"><span class='ocrx_word' id='word_1_318' title='bbox 132 3407 224 3484; x_wconf 88' lang='lat' dir='ltr'>ipsius</span> <span class='ocrx_word' id='word_1_319' title='bbox 238 3403 391 3465; x_wconf 89' lang='lat' dir='ltr'>consilium</span> <span class='ocrx_word' id='word_1_320' title='bbox 406 3414 434 3460; x_wconf 88' lang='lat' dir='ltr'>et</span> <span class='ocrx_word' id='word_1_321' title='bbox 448 3402 631 3473; x_wconf 81' lang='lat' dir='ltr'>volunlatem,</span> <span class='ocrx_word' id='word_1_322' title='bbox 647 3405 733 3465; x_wconf 82' lang='lat' dir='ltr'>vellet</span> <span class='ocrx_word' id='word_1_323' title='bbox 745 3423 853 3473; x_wconf 58' lang='lat' dir='ltr'>omues,</span> <span class='ocrx_word' id='word_1_324' title='bbox 862 3405 967 3483; x_wconf 91' lang='lat' dir='ltr'>probos</span> <span class='ocrx_word' id='word_1_325' title='bbox 979 3418 1009 3467; x_wconf 88' lang='lat' dir='ltr'>et</span> <span class='ocrx_word' id='word_1_326' title='bbox 1021 3393 1123 3468; x_wconf 89' lang='lat' dir='ltr'>fideles</span> <span class='ocrx_word' id='word_1_327' title='bbox 1137 3426 1215 3476; x_wconf 83' lang='lat' dir='ltr'>esse,</span> <span class='ocrx_word' id='word_1_328' title='bbox 1228 3427 1263 3466; x_wconf 87' lang='lat' dir='ltr'>ac</span> <span class='ocrx_word' id='word_1_329' title='bbox 1276 3408 1329 3465; x_wconf 86' lang='lat' dir='ltr'>sir·</span> 
     </span>
     <span class='ocr_line' id='line_1_33' title="bbox 131 3495 1330 3583; baseline 0.003 -24"><span class='ocrx_word' id='word_1_330' title='bbox 131 3512 189 3560; x_wconf 87' lang='lat' dir='ltr'>tnte</span> <span class='ocrx_word' id='word_1_331' title='bbox 206 3499 396 3578; x_wconf 54' lang='lat' dir='ltr'>praeditos.&#39;&#39;⁴,</span> <span class='ocrx_word' id='word_1_332' title='bbox 410 3499 454 3558; x_wconf 88' lang='lat' dir='ltr'>lta</span> <span class='ocrx_word' id='word_1_333' title='bbox 468 3499 500 3557; x_wconf 86' lang='lat' dir='ltr'>S.</span> <span class='ocrx_word' id='word_1_334' title='bbox 516 3500 684 3560; x_wconf 84' lang='lat' dir='ltr'>Methodius</span> <span class='ocrx_word' id='word_1_335' title='bbox 700 3513 817 3579; x_wconf 83' lang='lat' dir='ltr'>martyr.</span> <span class='ocrx_word' id='word_1_336' title='bbox 846 3495 993 3575; x_wconf 81' lang='lat' dir='ltr'>Equidem</span> <span class='ocrx_word' id='word_1_337' title='bbox 1008 3523 1097 3578; x_wconf 85' lang='lat' dir='ltr'>quum</span> <span class='ocrx_word' id='word_1_338' title='bbox 1112 3504 1256 3583; x_wconf 86' lang='lat' dir='ltr'>imagines</span> <span class='ocrx_word' id='word_1_339' title='bbox 1270 3502 1330 3582; x_wconf 91' lang='lat' dir='ltr'>ple·</span> 
     </span>
     <span class='ocr_line' id='line_1_34' title="bbox 130 3597 1329 3679; baseline 0.004 -23"><span class='ocrx_word' id='word_1_340' title='bbox 130 3616 252 3672; x_wconf 88' lang='lat' dir='ltr'>rumque</span> <span class='ocrx_word' id='word_1_341' title='bbox 266 3616 324 3656; x_wconf 89' lang='lat' dir='ltr'>non</span> <span class='ocrx_word' id='word_1_342' title='bbox 339 3597 457 3656; x_wconf 89' lang='lat' dir='ltr'>omnino</span> <span class='ocrx_word' id='word_1_343' title='bbox 480 3598 563 3655; x_wconf 88' lang='lat' dir='ltr'>rebus</span> <span class='ocrx_word' id='word_1_344' title='bbox 585 3599 734 3671; x_wconf 85' lang='lat' dir='ltr'>quadrent,</span> <span class='ocrx_word' id='word_1_345' title='bbox 750 3619 807 3662; x_wconf 90' lang='lat' dir='ltr'>non</span> <span class='ocrx_word' id='word_1_346' title='bbox 830 3597 897 3657; x_wconf 83' lang='lat' dir='ltr'>sunt</span> <span class='ocrx_word' id='word_1_347' title='bbox 910 3600 1043 3679; x_wconf 74' lang='lat' dir='ltr'>urgenda</span> <span class='ocrx_word' id='word_1_348' title='bbox 1058 3601 1131 3660; x_wconf 87' lang='lat' dir='ltr'>ultra</span> <span class='ocrx_word' id='word_1_349' title='bbox 1146 3613 1274 3661; x_wconf 87' lang='lat' dir='ltr'>mentem</span> <span class='ocrx_word' id='word_1_350' title='bbox 1295 3601 1329 3661; x_wconf 81' lang='lat' dir='ltr'>iis</span> 
     </span>
     <span class='ocr_line' id='line_1_35' title="bbox 131 3694 1327 3778; baseline 0.004 -24"><span class='ocrx_word' id='word_1_351' title='bbox 131 3695 288 3754; x_wconf 86' lang='lat' dir='ltr'>utentium:</span> <span class='ocrx_word' id='word_1_352' title='bbox 310 3694 432 3770; x_wconf 90' lang='lat' dir='ltr'>ideoque</span> <span class='ocrx_word' id='word_1_353' title='bbox 447 3694 530 3753; x_wconf 92' lang='lat' dir='ltr'>Pauli</span> <span class='ocrx_word' id='word_1_354' title='bbox 546 3697 630 3757; x_wconf 87' lang='lat' dir='ltr'>verba</span> <span class='ocrx_word' id='word_1_355' title='bbox 644 3696 679 3755; x_wconf 91' lang='lat' dir='ltr'>de</span> <span class='ocrx_word' id='word_1_356' title='bbox 694 3698 820 3759; x_wconf 90' lang='lat' dir='ltr'>toleratis</span> <span class='ocrx_word' id='word_1_357' title='bbox 834 3700 932 3778; x_wconf 87' lang='lat' dir='ltr'>impiis</span> <span class='ocrx_word' id='word_1_358' title='bbox 946 3699 1026 3778; x_wconf 82' lang='lat' dir='ltr'>figuli</span> <span class='ocrx_word' id='word_1_359' title='bbox 1049 3699 1183 3776; x_wconf 87' lang='lat' dir='ltr'>imaginis</span> <span class='ocrx_word' id='word_1_360' title='bbox 1205 3699 1267 3759; x_wconf 85' lang='lat' dir='ltr'>rim</span> <span class='ocrx_word' id='word_1_361' title='bbox 1281 3698 1327 3759; x_wconf 90' lang='lat' dir='ltr'>de·</span> 
     </span>
     <span class='ocr_line' id='line_1_36' title="bbox 131 3790 1144 3871; baseline -0.011 -19"><span class='ocrx_word' id='word_1_362' title='bbox 131 3792 214 3852; x_wconf 89' lang='lat' dir='ltr'>linire</span> <span class='ocrx_word' id='word_1_363' title='bbox 229 3790 372 3850; x_wconf 88' lang='lat' dir='ltr'>censenda</span> <span class='ocrx_word' id='word_1_364' title='bbox 385 3805 462 3850; x_wconf 87' lang='lat' dir='ltr'>suut.</span> <span class='ocrx_word' id='word_1_365' title='bbox 1139 3867 1144 3871; x_wconf 34' lang='grc'>-</span> 
     </span>
    </p>

    <p class='ocr_par' dir='ltr' id='par_1_8' title="bbox 131 3887 1330 4259">
     <span class='ocr_line' id='line_1_37' title="bbox 174 3887 1329 3974; baseline 0.002 -23"><span class='ocrx_word' id='word_1_366' title='bbox 174 3893 241 3951; x_wconf 85' lang='grc'><strong>139.</strong></span> <span class='ocrx_word' id='word_1_367' title='bbox 268 3887 333 3969; x_wconf 82' lang='lat' dir='ltr'>ooj.</span> <span class='ocrx_word' id='word_1_368' title='bbox 351 3895 379 3949; x_wconf 82' lang='lat'>5.</span> <span class='ocrx_word' id='word_1_369' title='bbox 401 3887 436 3948; x_wconf 92' lang='lat' dir='ltr'>ln</span> <span class='ocrx_word' id='word_1_370' title='bbox 450 3892 644 3951; x_wconf 81' lang='lat' dir='ltr'>controversia</span> <span class='ocrx_word' id='word_1_371' title='bbox 657 3894 812 3974; x_wconf 87' lang='lat' dir='ltr'>Pelagiena</span> <span class='ocrx_word' id='word_1_372' title='bbox 827 3896 858 3957; x_wconf 82' lang='lat' dir='ltr'>S.</span> <span class='ocrx_word' id='word_1_373' title='bbox 874 3895 1052 3974; x_wconf 83' lang='lat' dir='ltr'>Augustinus</span> <span class='ocrx_word' id='word_1_374' title='bbox 1066 3893 1150 3955; x_wconf 88' lang='lat' dir='ltr'>Pauli</span> <span class='ocrx_word' id='word_1_375' title='bbox 1165 3895 1329 3955; x_wconf 84' lang='lat' dir='ltr'>testimonia</span> 
     </span>
     <span class='ocr_line' id='line_1_38' title="bbox 131 3987 1330 4071; baseline 0.002 -24"><span class='ocrx_word' id='word_1_376' title='bbox 131 3987 166 4047; x_wconf 90' lang='lat' dir='ltr'>de</span> <span class='ocrx_word' id='word_1_377' title='bbox 182 3987 322 4046; x_wconf 89' lang='lat' dir='ltr'>electione</span> <span class='ocrx_word' id='word_1_378' title='bbox 337 3999 366 4044; x_wconf 89' lang='lat' dir='ltr'>et</span> <span class='ocrx_word' id='word_1_379' title='bbox 379 3987 577 4063; x_wconf 84' lang='lat' dir='ltr'>reprobatione</span> <span class='ocrx_word' id='word_1_380' title='bbox 585 4003 750 4051; x_wconf 85' lang='lat' dir='ltr'>constanter</span> <span class='ocrx_word' id='word_1_381' title='bbox 761 3994 959 4070; x_wconf 87' lang='lat' dir='ltr'>interpretatus</span> <span class='ocrx_word' id='word_1_382' title='bbox 971 4001 1026 4059; x_wconf 90' lang='lat' dir='ltr'>est,</span> <span class='ocrx_word' id='word_1_383' title='bbox 1039 4001 1068 4050; x_wconf 89' lang='lat' dir='ltr'>et</span> <span class='ocrx_word' id='word_1_384' title='bbox 1082 3991 1138 4050; x_wconf 91' lang='lat' dir='ltr'>Dei</span> <span class='ocrx_word' id='word_1_385' title='bbox 1149 3993 1330 4071; x_wconf 85' lang='lat' dir='ltr'>propositum</span> 
     </span>
     <span class='ocr_line' id='line_1_39' title="bbox 131 4081 1329 4165; baseline 0.002 -23"><span class='ocrx_word' id='word_1_386' title='bbox 131 4084 273 4143; x_wconf 87' lang='lat' dir='ltr'>intellexit</span> <span class='ocrx_word' id='word_1_387' title='bbox 286 4082 430 4143; x_wconf 85' lang='lat' dir='ltr'>decretum</span> <span class='ocrx_word' id='word_1_388' title='bbox 446 4081 573 4142; x_wconf 88' lang='lat' dir='ltr'>divinum</span> <span class='ocrx_word' id='word_1_389' title='bbox 590 4106 647 4161; x_wconf 91' lang='lat' dir='ltr'>quo</span> <span class='ocrx_word' id='word_1_390' title='bbox 659 4089 736 4147; x_wconf 86' lang='lat' dir='ltr'>salus</span> <span class='ocrx_word' id='word_1_391' title='bbox 751 4090 796 4148; x_wconf 83' lang='lat' dir='ltr'>rel</span> <span class='ocrx_word' id='word_1_392' title='bbox 807 4089 951 4148; x_wconf 86' lang='lat' dir='ltr'>damnatio</span> <span class='ocrx_word' id='word_1_393' title='bbox 964 4088 1066 4162; x_wconf 87' lang='lat' dir='ltr'>cuique</span> <span class='ocrx_word' id='word_1_394' title='bbox 1082 4107 1133 4165; x_wconf 90' lang='lat' dir='ltr'>pro</span> <span class='ocrx_word' id='word_1_395' title='bbox 1146 4087 1204 4147; x_wconf 89' lang='lat' dir='ltr'>Dei</span> <span class='ocrx_word' id='word_1_396' title='bbox 1217 4087 1329 4147; x_wconf 86' lang='lat' dir='ltr'>arbitrio</span> 
     </span>
     <span class='ocr_line' id='line_1_40' title="bbox 131 4181 1323 4259; baseline 0.003 -21"><span class='ocrx_word' id='word_1_397' title='bbox 131 4181 294 4241; x_wconf 86' lang='lat' dir='ltr'>destinatur.</span> <span class='ocrx_word' id='word_1_398' title='bbox 338 4181 429 4248; x_wconf 80' lang='lat' dir='ltr'>“Qui</span> <span class='ocrx_word' id='word_1_399' title='bbox 444 4186 649 4259; x_wconf 83' lang='lat' dir='ltr'>perseveraturi</span> <span class='ocrx_word' id='word_1_400' title='bbox 672 4206 729 4246; x_wconf 91' lang='lat' dir='ltr'>non</span> <span class='ocrx_word' id='word_1_401' title='bbox 745 4198 821 4256; x_wconf 89' lang='lat' dir='ltr'>sunt,</span> <span class='ocrx_word' id='word_1_402' title='bbox 838 4206 871 4244; x_wconf 85' lang='lat' dir='ltr'>ec</span> <span class='ocrx_word' id='word_1_403' title='bbox 885 4186 928 4244; x_wconf 86' lang='lat' dir='ltr'>sie</span> <span class='ocrx_word' id='word_1_404' title='bbox 942 4207 958 4244; x_wconf 89' lang='lat' dir='ltr'>a</span> <span class='ocrx_word' id='word_1_405' title='bbox 971 4186 1029 4246; x_wconf 88' lang='lat' dir='ltr'>fide</span> <span class='ocrx_word' id='word_1_406' title='bbox 1043 4185 1202 4244; x_wconf 80' lang='lat' dir='ltr'>christiana</span> <span class='ocrx_word' id='word_1_407' title='bbox 1216 4197 1247 4244; x_wconf 91' lang='lat' dir='ltr'>et</span> <span class='ocrx_word' id='word_1_408' title='bbox 1259 4203 1323 4244; x_wconf 90' lang='lat' dir='ltr'>con·</span> 
     </span>
    </p>
   </div>
   <div class='ocr_carea' id='block_1_7' title="bbox 328 4420 680 4656">
    <p class='ocr_par' dir='ltr' id='par_1_9' title="bbox 328 4420 680 4656">
     <span class='ocr_line' id='line_1_41' title="bbox 329 4420 680 4484; baseline -0.006 -17"><span class='ocrx_word' id='word_1_409' title='bbox 329 4421 368 4484; x_wconf 90' lang='lat' dir='ltr'>(l)</span> <span class='ocrx_word' id='word_1_410' title='bbox 387 4420 457 4472; x_wconf 88' lang='lat' dir='ltr'>Rom.</span> <span class='ocrx_word' id='word_1_411' title='bbox 469 4421 504 4469; x_wconf 86' lang='lat' dir='ltr'>ix.</span> <span class='ocrx_word' id='word_1_412' title='bbox 518 4423 558 4471; x_wconf 87' lang='lat'>19.</span> <span class='ocrx_word' id='word_1_413' title='bbox 677 4461 680 4465; x_wconf 74' lang='grc'>,</span> 
     </span>
     <span class='ocr_line' id='line_1_42' title="bbox 328 4504 538 4570; baseline 0.019 -18"><span class='ocrx_word' id='word_1_414' title='bbox 328 4504 371 4570; x_wconf 78' lang='grc'>(2)</span> <span class='ocrx_word' id='word_1_415' title='bbox 390 4506 484 4556; x_wconf 83' lang='lat' dir='ltr'>Ibidem</span> <span class='ocrx_word' id='word_1_416' title='bbox 495 4508 538 4557; x_wconf 80' lang='lat'>24.</span> 
     </span>
     <span class='ocr_line' id='line_1_43' title="bbox 329 4590 538 4656; baseline 0.024 -18"><span class='ocrx_word' id='word_1_417' title='bbox 329 4590 371 4656; x_wconf 86' lang='grc'>(3)</span> <span class='ocrx_word' id='word_1_418' title='bbox 391 4591 485 4642; x_wconf 91' lang='lat' dir='ltr'>Ibidem</span> <span class='ocrx_word' id='word_1_419' title='bbox 496 4596 538 4644; x_wconf 80' lang='lat'>³0.</span> 
     </span>
    </p>
   </div>
   <div class='ocr_carea' id='block_1_8' title="bbox 332 4655 1111 4751">
    <p class='ocr_par' dir='ltr' id='par_1_10' title="bbox 332 4655 1111 4751">
     <span class='ocr_line' id='line_1_44' title="bbox 332 4655 1111 4751; baseline 0.009 -26"><span class='ocrx_word' id='word_1_420' title='bbox 332 4673 374 4741; x_wconf 73' lang='grc' dir='ltr'>(θ)</span> <span class='ocrx_word' id='word_1_421' title='bbox 394 4673 424 4725; x_wconf 88' lang='lat' dir='ltr'>L.</span> <span class='ocrx_word' id='word_1_422' title='bbox 436 4677 466 4726; x_wconf 88' lang='lat' dir='ltr'>de</span> <span class='ocrx_word' id='word_1_423' title='bbox 477 4693 552 4729; x_wconf 85' lang='lat' dir='ltr'>resur.</span> <span class='ocrx_word' id='word_1_424' title='bbox 565 4680 631 4746; x_wconf 85' lang='lat' dir='ltr'>apud</span> <span class='ocrx_word' id='word_1_425' title='bbox 644 4655 824 4735; x_wconf 62' lang='lat' dir='ltr'>&amp;eumenium</span> <span class='ocrx_word' id='word_1_426' title='bbox 836 4684 862 4735; x_wconf 91' lang='lat' dir='ltr'>in</span> <span class='ocrx_word' id='word_1_427' title='bbox 874 4701 896 4736; x_wconf 89' lang='lat' dir='ltr'>e.</span> <span class='ocrx_word' id='word_1_428' title='bbox 912 4684 944 4736; x_wconf 76' lang='lat' dir='ltr'>ix.</span> <span class='ocrx_word' id='word_1_429' title='bbox 956 4701 986 4751; x_wconf 89' lang='lat' dir='ltr'>ep</span> <span class='ocrx_word' id='word_1_430' title='bbox 998 4684 1029 4735; x_wconf 79' lang='lat' dir='ltr'>ed</span> <span class='ocrx_word' id='word_1_431' title='bbox 1040 4682 1111 4733; x_wconf 87' lang='lat' dir='ltr'>Rom.</span> 
     </span>
    </p>
   </div>
   <div class='ocr_carea' id='block_1_9' title="bbox 0 0 1415 5092">
    <p class='ocr_par' dir='ltr' id='par_1_11' title="bbox 0 0 1415 5092">
     <span class='ocr_line' id='line_1_45' title="bbox 0 0 1415 5092; baseline 0 0"><span class='ocrx_word' id='word_1_432' title='bbox 0 0 1415 5092; x_wconf 95' lang='lat' dir='ltr'> </span> 
     </span>
    </p>
   </div>
  </div>
 </body>
</html>
