2798 5092
453 326 974 417 neramnnsmumonc.'
1240 354 1300 413 rac

101 512 176 573 euim
195 522 356 572 nascantur
376 512 519 583 homines,
545 512 699 574 conditoris
723 523 770 573 est
793 514 987 584 beneficium
1007 523 1039 573 ut
1057 522 1151 573 summ
1173 522 1299 593 pereant,

98 610 342 686 prevaricationis
356 620 401 668 est
413 608 596 669 meritum.’'²

138 707 445 766 129.Fmosur1us:
479 706 726 767 “Predestinavit
752 705 818 767 illos
845 707 880 766 ad
908 708 1092 785 supplicium,
1122 726 1196 782 qnos
1222 729 1239 767 a
1268 727 1300 767 se

101 804 244 882 prescivit
259 804 413 863 voluntatis
429 804 512 863 mele
527 805 599 864 vitio
611 803 837 865 discessurus’l'

139 901 297 961 Probatur
313 899 375 960 III.
389 919 425 961 eo
441 901 594 962 Gouolliio.
1143 980 1147 986 .

142 1003 212 1059 130.
234 997 402 1058 Arelatense
416 1000 582 1066 concilium,
595 1018 670 1059 anuo
684 1000 797 1059 circiter
807 1004 876 1069 tro,
889 998 1040 1077 epistolem
1053 992 1153 1059 Fausti
1167 996 1305 1079 Rejenms

105 1098 138 1158 ad
151 1098 295 1158 Lucidum
311 1099 449 1176 probavit,
464 1108 493 1158 et
506 1098 640 1157 undecim
665 1100 867 1177 episcoporum
888 1098 1143 1176 subscriptionibus
1165 1095 1299 1157 munivit.

106 1197 212 1258 Fausto
233 1215 343 1258 morem
367 1197 459 1275 gessit
482 1197 624 1266 Lucidus,
640 1208 668 1256 et
689 1197 856 1275 respondit:
880 1196 991 1275 “juxta
1012 1192 1185 1274 predicandi
1202 1204 1306 1255 statuta

106 1294 220 1355 concilii
233 1294 339 1353 damno
353 1295 500 1353 vobiscum
516 1313 635 1354 sensum
657 1294 737 1354 illurn
758 1295 809 1369 qni
832 1294 910 1355 dicit.
936 1335 943 1352 .
967 1336 974 1352 .
998 1336 1006 1352 .
1028 1293 1105 1368 quod
1126 1290 1307 1371 praescientia

107 1390 161 1450 Dei
176 1391 325 1451 hominem
341 1391 479 1451 uiolenter
492 1390 645 1469 compellat
659 1390 694 1449 ad
708 1402 840 1459 mortem,
856 1392 902 1450 rel
924 1390 1000 1466 quod
1021 1409 1087 1450 oum
1109 1391 1165 1449 Dei
1187 1400 1305 1468 pereant

108 1490 262 1555 uoluntate.
278 1490 327 1563 qui
343 1501 473 1567 pereunt.
497 1531 505 1548 .
528 1531 537 1548 .
560 1530 568 1548 .
590 1490 640 1564 qui
654 1489 724 1549 dicit
737 1489 808 1548 elios
823 1489 972 1567 deputatos
987 1489 1021 1548 ad
1036 1498 1168 1558 mortem,
1184 1488 1255 1547 alios
1269 1488 1306 1549 ad

107 1588 193 1646 vitam
208 1586 461 1665 predestinatos.’'

148 1689 220 1744 131.
242 1685 452 1744 Arausicanum
467 1684 507 1744 ΙΙ.
522 1685 687 1751 concilium,
702 1702 777 1745 anno
799 1684 1009 1753 medenenti
1028 1700 1130 1745 omnes
1149 1684 1310 1764 baptizatos

98 1802 194 1860 ,posse
205 1801 262 1861 per
276 1782 385 1842 Christi
401 1784 597 1860 gratiamque
612 1783 645 1841 ad
660 1783 781 1843 salutem
801 1785 944 1862 pertinent
957 1781 1132 1860 adimplere:
1156 1784 1310 1860 “Aliquos

103 1900 177 1941 vero
192 1881 228 1941 ad
245 1882 353 1941 malurn
366 1881 464 1941 divina
477 1891 617 1959 potestate
631 1882 845 1960 predestinatos
861 1896 936 1949 esse,
951 1896 1010 1940 non
1030 1882 1124 1941 solum
1146 1901 1205 1941 non
1218 1884 1310 1944 credi·

101 1996 184 2047 mus,
198 1976 252 2037 sed
266 1979 352 2036 etiam
367 1978 392 2036 si
406 1988 483 2048 utut,
499 1978 549 2052 qui
564 1988 671 2038 tautum
687 1979 792 2037 malum
807 1977 922 2038 credere
937 1978 1035 2046 velint,
1046 1997 1111 2037 cum
1126 1980 1205 2038 omni
1217 1979 1310 2039 detes·

100 2077 215 2136 uticus
230 2075 287 2134 illis
303 2077 454 2134 anatliema
467 2075 640 2135 dicimus.”⁸

148 2178 218 2233 132.
242 2172 421 2232 Curisiacum
437 2173 476 2232 11.
491 2175 646 2233 concilium
656 2192 730 2232 anuo
744 2176 823 2232 853:
847 2181 866 2210 “
877 2172 957 2232 Deus
969 2173 1061 2232 bonus
1073 2183 1102 2231 et
1111 2174 1210 2250 justu's
1224 2173 1316 2257 elegit¹
1329 2175 1343 2187 ”

94 2292 144 2332 ex
158 2270 263 2331 eedem
281 2290 374 2330 masse
386 2270 553 2348 perditionis
565 2271 723 2330 secuudum
735 2268 941 2348 prescientiam
954 2284 1033 2329 suam
1044 2289 1117 2345 quos
1129 2254 1311 2349 pergratiam

93 2371 325 2449 pradestinavit
339 2369 373 2428 ad
388 2371 486 2438 vitam,
501 2379 530 2429 et
556 2371 643 2428 vitam
671 2370 727 2428 illis
752 2369 964 2446 praedestinavit
983 2380 1127 2430 uternam.
1170 2371 1311 2442 Caeteros,

93 2487 184 2545 qnos
194 2468 315 2547 J'ustitira
325 2466 436 2545 judicio
449 2468 480 2526 in
494 2485 588 2526 massa
604 2466 771 2544 perditionis
786 2467 913 2541 reliquit,
930 2467 1069 2545 perituros
1091 2469 1244 2544 praescivit,
1260 2469 1311 2529 sed

93 2585 170 2627 non
184 2576 219 2625 nt
231 2565 358 2642 perirent
371 2563 604 2641 pradestinavit:
621 2583 735 2642 poenam
750 2575 843 2624 numm
858 2564 926 2632 illis,
940 2565 1007 2638 quia
1013 2565 1110 2641 justus
1123 2578 1178 2635 est,
1194 2567 1315 2645 predes-

95 2665 215 2727 tinavit
228 2661 413 2723 aeternam.’'⁴

152 2766 223 2821 133.
248 2758 428 2819 Valentinum
442 2759 497 2819 ΙΙΙ.
520 2759 694 2818 concilium:
717 2759 884 2817 “Fatemur
906 2757 1182 2834 predestinatinuem
1206 2763 1311 2821 electo-

97 2858 343 2926 madritum,
364 2867 394 2916 et
418 2855 697 2934 praedestinationem
722 2856 874 2931 impiorum
901 2854 936 2912 ad
959 2863 1100 2915 mortem:
1122 2859 1151 2915 iu
1177 2858 1317 2919 electione

100 2971 212 3019 umen
225 2955 424 3016 salvandorum
437 2950 839 3034 misericordiamlpraecedere
854 2951 986 3009 meritum
1002 2952 1131 3021 bonum;
1155 2954 1185 3013 in
1200 2955 1316 3016 damna·

106 3057 193 3116 tione
219 3063 314 3114 autem
341 3053 530 3130 periturorum
557 3050 689 3115 meritum
715 3047 822 3108 malum
852 3047 1012 3125 precedere
1033 3048 1144 3126 justum
1168 3051 1224 3110 Dei
1242 3053 1320 3130 judi·

109 3150 246 3213 einm.”³
579 3165 581 3169 “

161 3259 227 3315 134.
248 3249 369 3311 Accedit
392 3248 463 3306 ratio
488 3246 659 3324 theologica,
673 3264 710 3304 ex
733 3245 841 3305 divinis
856 3245 1077 3323 perfectionibus
1092 3245 1253 3324 desumpta,
1268 3248 1318 3308 ali·

120 3372 209 3429 quem
223 3350 302 3410 euim
327 3344 477 3422 suppliciis
491 3343 605 3402 eternis
619 3342 760 3402 destinare
780 3342 896 3403 arbitrio
916 3361 1029 3402 summo
1052 3362 1085 3402 ac
1107 3351 1256 3421 potestate,
1271 3345 1319 3404 ab·

125 3470 195 3525 sque
217 3448 355 3509 malorum
383 3445 548 3501 meritorum
570 3442 740 3519 praevisione
757 3441 925 3519 injustitiam
955 3461 988 3500 ac
1015 3441 1208 3501 crudelitatem
1233 3444 1317 3521 sapit.

130 3546 249 3625 Insuper
273 3543 356 3603 Deus
377 3540 437 3599 vult
461 3557 562 3598 omnes
577 3538 670 3597 salvos
685 3538 765 3596 fieri:
788 3537 866 3610 qnod
886 3536 942 3595 dici
964 3539 1064 3612 nequit
1083 3538 1110 3596 si
1129 3557 1183 3598 sno
1205 3538 1320 3600 decreto

135 3645 263 3714 absoluto,
276 3643 383 3714 absque
396 3637 453 3696 ulla
467 3636 558 3714 culpe
570 3636 750 3714 previsionu
765 3635 957 3712 reprobaverit
968 3635 1118 3710 quosdam,
1130 3647 1159 3695 at
1168 3638 1319 3717 suppliciis

139 3746 236 3806 eternis
250 3739 401 3803 addixerit.

471 3998 475 4005 ·
565 3973 607 4040 (1)
627 3968 787 4038 Respadiii.
798 3972 845 4038 obj.

562 4059 605 4126 (2)
625 4057 655 4111 L.
666 4059 683 4108 i.
695 4058 726 4108 ad
737 4057 877 4107 Monimum
889 4072 911 4106 c.
922 4056 994 4107 xxiv.

531 4160 536 4168 ·
562 4148 604 4212 (3)
625 4145 755 4210 Oapxxr.

564 4233 607 4298 (4)
626 4230 716 4297 Capi.

563 4320 605 4386 (5)
626 4315 690 4367 Can.
701 4315 736 4366 iii.
