2798 5092
94 322 151 380 tas
405 314 462 376 DE
483 313 672 375 VINCULO
693 312 964 375 marmioun.

93 477 212 536 Christo
237 472 366 549 docente,
379 492 498 533 uxorem
520 472 649 533 adulterii
668 491 745 533 ream
765 472 841 531 thori
860 482 889 530 et
908 472 1047 532 domicilii
1065 471 1207 532 corsartio
1226 473 1285 552 pri·

92 592 156 632 vara
169 592 178 642 ς
193 572 263 646 quin
277 571 369 649 possit
388 571 460 648 ipsa,
474 570 521 629 rel
543 571 680 629 innocens
695 570 812 628 maritus
833 568 868 627 ad
882 586 972 628 noras
992 569 1149 628 convolare
1158 569 1285 646 nuptias.

95 678 114 706 ‘⁴
128 669 203 737 Quae
216 668 270 725 sub
297 668 355 725 viro
370 677 414 725 est
427 666 539 735 mulier,
555 667 668 725 vivente
689 667 760 735 viro,
776 665 887 743 alligata
900 676 945 724 est
957 665 1014 744 legi
1026 685 1034 725 t
1055 665 1080 723 si
1094 676 1190 724 autem
1212 682 1288 725 mot·

94 779 158 826 taus
171 766 254 824 luerit
268 765 310 823 vir
331 766 403 843 ejus,
420 765 514 824 soluta
525 775 569 823 est
580 784 597 822 a
610 765 672 842 lege
694 764 758 822 viri.
799 763 897 841 igitur,
914 764 1026 821 virente
1047 764 1121 831 viro,
1137 762 1287 823 vocabitur

93 865 226 932 adultera,
237 864 354 923 siluerit
365 883 430 923 cum
444 864 499 923 alio
511 865 588 923 viro:
601 865 625 923 si
640 874 734 922 autam
746 871 873 922 mortuus
883 862 966 920 fuerit
975 862 1018 920 rir
1027 863 1102 940 eJus,
1111 863 1231 921 liberata
1242 871 1287 921 est

93 963 184 1038 alege
199 960 261 1028 viri,
276 970 307 1017 ut
321 978 377 1018 non
392 960 430 1017 sit
443 959 577 1026 adultera,
589 960 615 1017 si
628 959 712 1017 fuerit
725 977 790 1017 cum
806 959 861 1026 alio
876 957 983 1016 viro.'’¹
1025 957 1146 1016 Nullum
1161 956 1287 1017 limitem

92 1068 192 1136 praeter
216 1057 375 1116 alterutrius
396 1058 527 1135 conjugis
543 1069 662 1117 mortem
683 1058 779 1115 statuit
800 1056 982 1115 matrimonio
1004 1056 1173 1133 Apostolus.
1217 1054 1290 1115 “lis

93 1169 196 1224 autem,
211 1158 261 1230 qui
276 1156 456 1214 matrimonio
473 1157 565 1234 juncti
581 1168 657 1224 sunt,
672 1156 807 1233 praecipio
823 1173 880 1213 non
895 1174 959 1231 ego,
974 1154 1026 1213 sed
1047 1154 1202 1223 Dominus,
1218 1172 1292 1215 uxo·

91 1273 152 1314 rem
166 1275 182 1313 a
196 1255 257 1312 viro
271 1272 329 1313 non
344 1252 508 1312 discedere:
531 1252 607 1327 quod
622 1254 646 1310 si
660 1251 834 1326 discesserit,
853 1271 966 1311 manere
981 1254 1141 1329 innuptam,
1157 1262 1207 1310 aut
1228 1252 1291 1312 siro

91 1371 145 1411 suo
158 1351 344 1410 reconciliari.
386 1350 427 1409 Et
441 1352 483 1408 vir
493 1368 613 1408 uxorem
627 1367 686 1407 non
700 1347 869 1407 dimittat.”¹
910 1349 1016 1408 Mulier
1029 1350 1115 1425 igitur
1130 1366 1198 1422 quae
1207 1348 1291 1426 justa

92 1450 127 1508 de
142 1468 237 1516 causa,
263 1461 328 1526 puta
339 1449 374 1506 ob
390 1448 482 1506 mariti
498 1447 704 1514 adulterium,a
720 1447 780 1505 viro
791 1465 845 1505 suo
858 1446 1030 1513 discesserit,
1045 1457 1156 1504 terretur
1169 1447 1292 1524 innupta

92 1566 218 1615 manere,
233 1560 280 1605 aut
295 1548 355 1604 viro
369 1564 422 1604 suo
433 1546 586 1604 conciliari.
628 1545 661 1602 Si
673 1563 739 1618 quae
755 1545 855 1604 mulier
867 1546 973 1619 absque
983 1546 1062 1623 justa
1073 1537 1291 1604 ratione'mariti

91 1645 266 1703 consortium
281 1642 445 1711 deseruerit,
461 1643 518 1718 ipsi
541 1643 648 1702 nullum
666 1643 835 1718 permittitur
855 1644 1012 1711 arbitrium,
1027 1640 1080 1700 sed
1100 1641 1202 1702 divino
1219 1660 1291 1720 prae·

93 1749 176 1817 cepto
191 1740 372 1816 adstringitur
386 1740 420 1797 ad
433 1741 562 1797 maritum
579 1737 748 1797 revertendi.

132 1835 285 1894 Probatur
298 1834 342 1894 ΙΙ.
358 1853 395 1894 en
408 1834 563 1894 Patribus.

134 1937 181 1992 48.
205 1932 350 1992 Casurus
365 1933 621 1992 daemonibus:
644 1932 785 2011 “Legem
806 1945 901 2009 aperte
923 1932 1088 1991 constituit:
1110 1931 1181 1991 Non
1195 1930 1290 1990 dimit·

94 2045 137 2090 tes
151 2048 272 2089 uxorem
296 2043 483 2108 preterquam
506 2040 622 2107 propter
636 2030 869 2089 fornicationem:
888 2030 1055 2089 adulterium
1077 2039 1173 2087 cutem
1192 2026 1292 2087 existi·

92 2139 150 2186 mat
164 2126 304 2204 conjungi
317 2126 508 2193 matrimonio,
525 2127 590 2184 vivo
606 2126 701 2199 aliquo
715 2145 751 2184 ex
765 2125 951 2202 separatis.'’⁸

132 2227 181 2282 49.
204 2224 236 2280 S.
254 2219 474 2280 Hmaouurrus:
498 2220 640 2281 “Omnes
656 2224 741 2299 igitur
754 2223 933 2281 causationes
957 2221 1111 2300 Apostolus
1124 2232 1290 2300 amputans,

93 2319 270 2398 apertissime
287 2317 425 2386 definivit,
442 2320 553 2377 virente
567 2321 628 2378 viro
643 2319 797 2378 adulteram
812 2338 877 2378 esse
893 2312 1052 2387 mulierem,
1067 2319 1092 2377 si
1114 2319 1195 2379 alteri
1217 2338 1290 2399 nup·

93 2419 170 2476 serit.
193 2420 234 2474 .'.
259 2456 265 2471 .
288 2415 430 2481 Quamdiu
444 2417 513 2474 vivit
527 2417 579 2485 vir,
595 2417 661 2475 licet
677 2416 785 2475 adulter
806 2419 853 2486 sit,
868 2418 934 2475 licet
950 2416 1108 2486 Sodomita,
1124 2418 1193 2477 licet
1207 2417 1288 2497 flagi·

95 2517 141 2574 tiis
157 2513 290 2573 omnibus
306 2525 468 2589 coopertus,
484 2523 513 2571 et
526 2514 560 2571 ab
576 2533 664 2572 uxore
677 2524 792 2592 propter
806 2515 867 2573 baec
882 2518 988 2574 scelera
999 2511 1292 2584 derelictus5‘maritus

94 2613 158 2689 ejus
169 2620 325 2686 reputatur,
337 2609 384 2666 cui
396 2609 513 2666 alterum
529 2611 619 2668 virum
635 2614 764 2687 accipere
785 2631 842 2670 non
858 2613 933 2670 licet.
975 2613 1038 2671 Nec
1050 2613 1208 2691 Apostolus
1230 2613 1293 2672 boec

96 2707 211 2784 propria
225 2705 388 2762 auctoritate
402 2703 547 2773 discernit,
562 2705 612 2763 sed
629 2705 746 2764 Christo
762 2708 792 2765 iu
812 2726 844 2764 se
858 2707 1005 2780 loquente,
1021 2707 1131 2766 Christi
1146 2709 1235 2767 rerba
1246 2727 1291 2768 se·

94 2817 177 2863 cutus
197 2818 252 2871 est,
274 2803 323 2877 qui
346 2803 385 2860 ait
405 2804 433 2860 in
454 2803 633 2882 Evangelio:
672 2805 751 2872 ‘Qui
771 2806 888 2864 dimittit
912 2825 1030 2865 uxorem
1052 2824 1144 2874 suam,
1168 2816 1292 2884 excepta

91 2920 179 2960 causa
192 2891 396 2969 fornicationis,
413 2901 554 2959 faciteam
576 2903 722 2971 moechari,
737 2914 765 2961 et
785 2904 834 2977 qui
850 2903 997 2961 dimissam
1014 2904 1165 2980 acceperit,
1181 2903 1292 2965 adulter

95 2996 159 3055 est.’
200 2994 401 3055 Animadverte
417 2997 492 3070 quod
507 2997 599 3057 dicat:
624 2999 681 3065 Qui
696 2999 843 3058 dimissam
864 3000 1015 3077 acceperit,
1037 2998 1145 3058 adulter
1159 3010 1213 3070 est,
1228 3002 1292 3060 sive

95 3095 159 3173 ipsa
172 3094 312 3153 dimiserit
322 3095 423 3163 virum,
434 3096 495 3153 sive
510 3097 597 3155 aviro
609 3097 728 3155 dimissa
736 3098 782 3164 sit,
794 3096 901 3156 adulter
913 3107 956 3154 est
967 3097 1017 3171 qui
1027 3116 1090 3155 eam
1101 3098 1294 3177 acceperit.’·'⁴

96 3191 231 3251 Scribens
240 3189 281 3269 ad
294 3189 441 3248 Oceanum
451 3190 547 3249 laudat
560 3192 706 3250 Fabiolam
721 3204 877 3253 matronam
891 3194 1061 3262 Romanam,
1072 3213 1137 3268 quae
1151 3198 1292 3272 poeniten·

97 3289 134 3347 tia
146 3289 237 3347 luera't
250 3305 338 3346 noras
353 3289 466 3364 nuptias
480 3301 596 3364 propter
610 3290 703 3347 mariti
718 3290 886 3350 adulterium
901 3311 966 3349 cum
981 3292 1037 3349 alio
1052 3293 1162 3354 initas.³

137 3391 185 3445 50.
209 3387 239 3444 S.
255 3386 463 3444 Aususrrsus:
478 3396 497 3421 “
507 3385 563 3452 Qui
576 3405 645 3465 ergo
654 3405 707 3445 nos
718 3373 828 3457 sumus,
839 3400 871 3447 ut
881 3389 1008 3447 dicamus
1018 3409 1026 3447 ι
1038 3390 1094 3449 Est
1101 3393 1152 3464 qui
1167 3395 1292 3453 moecba·

98 3497 151 3550 tur,
167 3502 255 3543 uxore
270 3503 322 3541 sua
335 3482 462 3548 dimissa,
476 3456 588 3542 alteram
604 3485 720 3553 ducens,
736 3488 827 3560 etqui
842 3487 897 3545 hoc
914 3487 1019 3546 faciens
1034 3508 1090 3547 non
1107 3492 1290 3552 moecbaturi

99 3597 163 3638 cum
184 3578 373 3656 Evangelium
392 3579 466 3638 dicat
480 3599 594 3638 omnem
618 3581 754 3640 maechari
775 3583 824 3656 qui
845 3583 900 3640 hoc
923 3583 999 3642 iacit.
1042 3584 1167 3644 Proinde
1182 3589 1209 3647 si
1230 3591 1293 3664 qui·

99 3692 221 3748 cumque
235 3674 290 3732 hoc
304 3674 397 3743 fuerit,
413 3675 505 3743 idest,
519 3677 612 3734 omnis
625 3680 673 3751 qui
685 3678 739 3735 hoc
755 3678 861 3746 iecerit,
877 3689 910 3736 ut
921 3699 1009 3738 uxore
1024 3698 1075 3737 sua
1089 3681 1211 3742 dimissa
1224 3686 1292 3745 alte·

99 3789 159 3829 ram
170 3770 263 3838 ducat,
279 3771 443 3840 moechatur,
456 3773 519 3830 sine
533 3773 706 3832 dubitatione
716 3775 755 3832 ibi
769 3787 835 3833 sunt
849 3776 942 3843 ambo,
959 3786 986 3834 et
1000 3777 1050 3849 qui
1063 3790 1292 3852 praetercausam

99 3867 302 3935 fornicationis,
318 3879 346 3926 et
360 3871 407 3941 qui
417 3880 530 3947 propter
539 3891 653 3930 cansam
667 3872 859 3931 fornicationis
872 3875 985 3933 dimittit
995 3894 1125 3933 uxorem.
1168 3879 1236 3939 Hoc
1248 3894 1292 3942 est

94 3967 187 4034 euim,
204 3965 376 4039 quicumque
390 3967 538 4039 dimiserit,
557 3970 612 4029 boc
626 3983 679 4039 est,
690 3973 782 4029 omnis
794 3972 842 4044 qui
857 3972 1016 4030 dimittir.”⁰
1037 3971 1077 4030 Et
1092 3982 1111 4009 “
1125 3974 1200 4036 Haec
1210 3954 1294 4040 verba

102 4062 234 4138 Apostoli
249 4063 332 4121 toties
347 4066 476 4141 repetita,
492 4067 575 4125 toties
599 4067 748 4136 inculcata,
764 4087 830 4125 vera
849 4083 929 4136 sunt,
943 4070 1006 4127 viva
1026 4079 1102 4138 sunt,
1125 4089 1196 4131 sana
1217 4087 1294 4146 sunt,

301 4260 343 4327 (1)
363 4260 434 4310 Rom
445 4260 485 4310 vii.
498 4265 522 4311 2.

301 4347 343 4411 (2)
365 4348 377 4393 1
392 4340 450 4395 (lor.
461 4346 500 4396 vii.
515 4349 554 4396 10.

302 4431 344 4497 (³)
364 4430 453 4481 Strom.
465 4432 480 4481 l.
493 4431 528 4480 ΙΙ.

297 4519 337 4584 (4)
356 4518 404 4584 Ep.
416 4518 479 4569 clvii.
491 4517 521 4568 ad
532 4517 682 4580 Amandum,
694 4519 748 4570 vide
760 4528 784 4568 et
795 4534 884 4569 comm.
895 4520 922 4571 in
932 4537 953 4572 c.
965 4523 1016 4573 xix.
1028 4519 1091 4570 Met.

300 4603 342 4669 (5)
362 4604 410 4670 Ep.
423 4605 599 4655 adOoeanum.

300 4688 342 4756 (6)
362 4688 392 4738 L.
407 4691 418 4737 l
432 4690 462 4740 de
472 4691 536 4755 conj.
548 4688 621 4740 adult
633 4705 653 4740 c.
664 4691 698 4740 ix.
