2798 5092
354 343 409 404 na
432 342 696 409 sirenosum
719 316 1027 404 rnv'ocarro'na.
1226 351 1286 405 uos

99 505 130 563 tia
143 521 200 563 non
215 504 274 582 agi,
297 521 385 577 quum
407 502 550 561 derivetur
569 523 586 560 a
606 502 681 570 Deo,
697 511 725 560 et
746 502 781 560 ad
803 520 914 580 preces,
936 522 1055 563 numero
1077 507 1173 579 utique
1195 507 1286 574 finito,

96 602 236 659 reseratur.

132 700 181 757 69.
208 694 276 775 obj.
293 702 322 756 7.
346 697 437 755 Nullo
451 708 528 755 certo
549 696 721 756 documento
742 696 876 773 probatur
897 696 1009 756 Sanctis
1030 699 1103 757 hanc
1128 710 1290 778 competere

95 794 232 860 notitiam,
245 812 312 867 quae
325 794 412 852 meris
427 794 526 852 nititur
540 794 729 870 conjecturis.

130 889 223 968 Resp.
247 891 368 949 Certum
397 901 441 948 est
468 889 578 948 Christi
605 889 808 948 documentum
837 889 872 948 de
900 891 998 950 notitia
1021 893 1182 966 poenitentis
1205 896 1293 954 animi

97 1005 179 1060 quem
194 986 302 1045 habent
319 986 424 1064 angeli,
439 996 469 1043 et
481 1004 532 1062 par
546 996 590 1042 est
603 986 674 1042 ratio
693 1002 821 1061 precum,
841 1002 907 1044 nam
922 987 1091 1063 poenitentia
1112 988 1185 1046 inter
1198 991 1292 1048 cordis

98 1102 197 1144 arcana
211 1095 288 1142 recte
303 1086 459 1161 reponitur,
476 1101 564 1156 quum
579 1095 698 1140 externa
708 1067 815 1140 indicia
828 1084 886 1141 sint
900 1084 1040 1162 ambigua.
1072 1085 1213 1144 Praeterea
1224 1107 1292 1165 usus

96 1180 195 1238 veteris
208 1179 351 1238 Ecclesiae
362 1189 456 1237 certos
472 1197 525 1237 nos
540 1178 607 1236 sacit
620 1196 721 1255 preces
735 1178 798 1236 illas
813 1178 890 1237 haud
904 1180 1040 1255 inutiliter
1051 1179 1131 1238 fundi
1146 1201 1157 1253 3
1171 1180 1293 1255 ideoque

94 1296 146 1338 nou
160 1276 357 1355 conjiciendo,
373 1276 425 1334 sed
439 1275 622 1335 traditionem
637 1275 765 1335 divinam
788 1276 937 1351 sequendo
951 1296 1000 1336 eas
1015 1278 1170 1338 audiendas
1182 1279 1294 1358 judica·

95 1392 162 1433 nus.
207 1372 332 1433 Modum
350 1391 408 1446 quo
422 1371 582 1439 audiantur,
595 1385 724 1430 nostrum
737 1392 795 1432 non
810 1385 855 1432 est
868 1375 1022 1452 explicare,
1035 1394 1122 1449 quum
1136 1370 1293 1436 caelestium

95 1473 249 1551 spirituum
264 1472 458 1531 conditionem
473 1483 501 1529 et
515 1470 596 1529 dotes
612 1471 661 1528 vix
675 1471 817 1530 ullatenus
832 1473 984 1550 concipere
1005 1475 1151 1533 valeamus
1167 1495 1174 1544 ;
1190 1476 1240 1534 sed
1257 1476 1292 1534 de

97 1569 255 1627 sublimiori
270 1587 329 1643 qua
342 1578 478 1645 praestant
493 1568 593 1626 notitia
607 1565 753 1625 dubitandi
776 1568 853 1626 nulla
867 1580 911 1626 est
924 1571 1005 1628 ratio.
1048 1570 1165 1648 Optime
1190 1574 1219 1630 in
1234 1593 1294 1632 rem

102 1678 223 1733 nostram
239 1665 438 1725 Leibnitzius:
462 1674 481 1703 ‘⁴
495 1664 572 1724 Cum
587 1665 673 1742 igitur
687 1666 775 1724 beare
791 1678 900 1724 mentes
915 1669 1005 1727 multo
1020 1671 1111 1747 magis
1126 1689 1201 1729 nuuc
1211 1674 1294 1729 rebus

101 1766 200 1824 nostris
215 1765 357 1832 intersint,
373 1783 458 1838 quam
470 1763 584 1838 quando
599 1764 629 1821 in
645 1764 726 1821 terris
741 1765 883 1834 vivebant,
898 1766 1046 1840 multoque
1061 1769 1157 1827 omnia
1172 1789 1297 1848 praesen-

99 1863 147 1921 tius
163 1863 339 1931 intueantur,
361 1862 440 1939 (nam
469 1862 601 1920 homines
622 1880 714 1938 pauca
734 1872 842 1921 tantum
864 1860 927 1938 quae
948 1867 976 1923 in
992 1878 1148 1943 conspectu
1162 1880 1299 1945 geruntur

98 1970 139 2018 aut
151 1959 187 2017 ab
202 1959 268 2016 aliis
282 1960 447 2017 nuntiantur
464 1955 666 2035 cognoscunt)
679 1976 745 2016 curn
755 1959 854 2015 caritas
868 1977 965 2019 earum
976 1970 1024 2018 ant
1034 1963 1166 2021 voluntas
1176 1966 1298 2042 juvandi

99 2055 177 2134 longe
208 2056 248 2114 sit
273 2055 427 2122 ardentior,
442 2054 566 2129 denique
594 2073 658 2112 curn
687 2073 786 2132 preces
810 2074 906 2115 earum
932 2057 1017 2134 longe
1039 2059 1097 2116 sint
1110 2059 1296 2133 efficaciores,

101 2170 178 2225 quam
194 2170 268 2227 quas
283 2152 351 2211 olim
366 2150 523 2210 fundebant
536 2152 566 2208 in
581 2151 634 2208 hac
650 2151 717 2219 vita,
732 2160 843 2209 constet
857 2162 951 2210 autem
964 2164 1099 2226 quantum
1115 2154 1196 2213 Deus
1210 2156 1296 2215 etiam

101 2251 251 2310 virentium
265 2251 520 2317 intercessionibus
536 2250 672 2316 tribuerit,
689 2261 716 2307 et
730 2249 835 2308 utiliter
855 2266 908 2309 nos
929 2250 1045 2309 fratrum
1069 2271 1168 2329 preces
1191 2255 1296 2313 nostris

101 2351 230 2428 coniungi
246 2361 433 2427 expectamus
447 2369 455 2406 ε
488 2367 545 2407 non
562 2348 645 2406 video
658 2347 802 2421 quomodo
817 2349 931 2413 crimini
945 2348 1003 2407 dari
1020 2352 1111 2427 possit
1125 2353 1297 2430 compellare

103 2447 206 2507 lelioem
222 2449 347 2508 animam
363 2449 408 2507 vel
422 2460 552 2506 sanctum
564 2447 708 2524 angelum,
723 2448 843 2524 ejusque
853 2448 1089 2509 intercessionem
1101 2451 1146 2508 vel
1158 2452 1297 2510 auxilium

103 2546 238 2619 postulare
261 2587 268 2604 .
291 2587 301 2603 .
324 2584 332 2604 .
356 2588 364 2604 .
386 2546 544 2622 praesertim
570 2544 596 2600 si
617 2543 710 2601 cultus
731 2543 778 2601 ille
804 2544 1000 2604 consideretur
1016 2549 1123 2606 motum
1149 2558 1180 2607 ut
1194 2549 1298 2625 exigua

107 2645 224 2704 accessio
240 2646 347 2703 summi
362 2643 438 2702 illius
453 2643 502 2717 qui
517 2644 649 2701 inunum
666 2642 760 2700 Deum
776 2657 851 2701 recta
866 2643 1041 2720 dirigitur.’'²
1152 2634 1154 2639 ’

137 2746 184 2801 70.
210 2739 279 2819 obj.
296 2743 325 2798 8.
347 2740 380 2797 S.
397 2740 574 2817 Augustinus
601 2738 764 2796 mediatoris
789 2757 895 2797 nornen
918 2758 971 2797 nec
995 2739 1102 2799 Joarmi
1130 2760 1184 2799 nec
1206 2741 1296 2800 Panlo

107 2839 278 2899 uiuendum
294 2838 460 2898 contendit:
484 2848 504 2875 “
517 2838 549 2894 Si
565 2847 641 2895 esset
656 2837 794 2895 mediator
809 2837 927 2904 Paulus,
937 2850 1035 2895 essent
1048 2841 1146 2916 utiquc
1162 2851 1190 2897 et
1203 2841 1297 2897 caeteri

107 2932 265 3016 mapostoli
282 2937 357 3014 ejus,
375 2954 408 2993 ac
430 2937 456 2993 si
471 2935 552 2993 multi
567 2934 735 2992 mediatores
750 2945 856 3000 essent,
873 2946 926 2992 nec
940 2935 1031 3011 ipsius
1047 2936 1130 2994 Pauli
1154 2947 1297 2996 constaret
1320 2968 1328 3009 ς

109 3037 168 3095 ratio
183 3055 240 3111 qua
255 3035 386 3093 dixerat:
410 3034 494 3094 Unus
507 3034 597 3101 Deus,
613 3050 687 3089 unus
702 3029 840 3089 mediator
854 3031 911 3089 Dei
924 3040 953 3089 et
965 3033 1163 3092 hominum.”⁹
1308 3018 1322 3075 ἐ’

135 3134 222 3219 ¹licrp.
260 3132 430 3192 Mediatoris
460 3150 565 3190 nomen
593 3131 695 3188 merito
722 3129 854 3206 denegat¹
869 3130 1047 3209 Augustinus
1075 3132 1159 3190 alicui
1194 3144 1296 3210 praeter

110 3228 245 3293 Christum
260 3246 424 3309 competere
439 3248 527 3289 sensu
542 3229 770 3298 Donatistarum,
781 3229 858 3302 quod
873 3230 983 3288 scilicet
996 3242 1236 3291 sacramentorum
1254 3234 1296 3290 vis

111 3330 206 3407 exejus
220 3330 330 3389 meritis
342 3328 489 3406 penderet.
506 3328 649 3385 Caeterum
663 3345 762 3402 preces
773 3339 934 3386 sanctorum
944 3327 1049 3386 utiliter
1057 3329 1152 3405 expeti
1162 3338 1295 3409 testatur:

51 3462 53 3511 ι
112 3424 259 3497 “Habet'’
282 3427 386 3500 inquit,
410 3425 634 3484 “ecclesiastica
655 3423 815 3500 disciplina,
838 3424 915 3498 quod
936 3423 1035 3483 fideles
1058 3438 1206 3493 noverunt,
1229 3446 1294 3485 cum

114 3536 237 3600 martyres
263 3544 299 3583 eo
324 3525 389 3582 loco
413 3526 532 3581 recitant
556 3522 591 3579 ad
615 3521 700 3579 altare
723 3520 790 3588 Dei,
815 3523 864 3579 ubi
886 3541 943 3580 non
965 3541 1018 3599 pro
1036 3522 1108 3599 ipsis
1123 3536 1226 3591 oretur,
1242 3545 1296 3602 pro

115 3624 206 3682 ceteris
221 3635 317 3682 autem
334 3622 474 3680 defunctis
490 3632 593 3680 oretur.
636 3619 743 3698 Injuria
757 3635 801 3678 est
815 3622 891 3679 enim
906 3638 959 3697 pro
970 3632 1095 3698 martyre
1109 3638 1199 3692 orare,
1215 3626 1296 3702 cujus

116 3734 158 3776 nos
170 3720 306 3780 debemus
321 3719 497 3779 orationibus
512 3717 753 3777 commendari.'’³

472 3894 512 3960 (1)
531 3895 597 3960 Syst.
609 3895 683 3946 theol.
693 3912 718 3962 p.
729 3862 796 3947 ret(

470 3980 513 4047 (2)
534 3980 564 4030 L.
577 3981 705 4032 tironus
716 3981 860 4031 Parmeno.
873 3980 923 4031 viii.

468 4069 511 4134 (8)
531 4068 608 4119 Serra·
619 4069 676 4120 xvii.
687 4069 718 4119 de
728 4067 807 4118 verbis
818 4067 939 4134 Apostoli.
