2798 5092
563 336 619 397 DE
641 335 890 397 MILLENNIO.
1268 331 1330 395 208
1339 344 1341 348 ’

133 486 165 545 nd
177 487 325 549 Ecclesiae
352 492 525 552 Christiane
540 494 718 555 traditionem
743 505 862 572 spectat,
885 495 1044 554 nullatenus
1059 497 1191 574 probatur
1203 513 1322 571 regnum

128 584 192 655 illud
209 606 340 662 uuquam
366 591 503 667 agnitum,
524 611 591 650 nam
617 593 786 652 Corinthum
812 594 970 670 voluptates
993 595 1121 671 eorporis
1137 594 1316 670 pollicentem

130 683 226 761 rejecit
239 696 270 744 et
283 687 456 747 exhorruit.1
477 689 615 766 Epistolae
626 691 763 749 Barnabas
773 705 871 750 auctor
882 692 951 750 nihil
963 690 998 749 de
1007 709 1043 750 eo
1051 692 1130 758 dicit,
1140 690 1190 750 sed
1200 691 1324 767 impium

128 780 280 863 injudicio
293 783 507 853 destruendum,
527 801 556 845 et
580 789 706 860 requiem
732 792 918 847 secuturam.⁹
956 788 1088 847 Justinus
1114 787 1230 861 quidem
1244 789 1274 846 in
1289 806 1323 845 ea

131 890 258 938 versatus
273 892 318 939 est
331 884 471 941 sententia
483 883 632 943 Christum
647 905 712 944 cunr
726 887 832 944 sanetis
847 886 1059 964 Hierosolymis
1075 904 1126 962 per
1139 885 1217 943 mille
1232 905 1322 945 annos

129 991 323 1053 regnaturum,
341 979 392 1037 sed
404 981 498 1039 lassus
514 992 558 1039 est
571 981 694 1059 ingenue
708 1002 767 1041 non
780 1002 881 1042 omnes
891 982 1082 1051 Christianos,
1094 983 1180 1040 etiam
1195 982 1322 1056 alioquin

129 1075 174 1151 pie
189 1094 320 1153 pureque
333 1081 500 1147 sentientes,
514 1080 544 1138 id
559 1099 733 1158 agnoscere:
755 1083 900 1154 ώμολογησω
915 1087 942 1136 ἐν
964 1102 1002 1138 σοι
1018 1104 1062 1137 κω
1084 1097 1207 1151 προτερον,
1222 1083 1263 1135 ὅτι
1273 1085 1321 1152 ἐγω

131 1195 173 1241 μεν
183 1196 230 1229 arou
240 1190 311 1230 mor
322 1190 408 1231 atoma
418 1193 499 1233 roano
517 1193 637 1248 pompm.
648 1200 678 1242 ως
693 1196 843 1242 maroveus
861 1185 977 1244 επιςασὲε
987 1193 1047 1233 reto
1058 1196 1212 1249 yrvqoopnov
1238 1183 1329 1232 noum

127 1260 179 1317 d’oo
189 1285 236 1318 aros
246 1284 296 1319 roo
305 1281 350 1336 cqc
360 1275 468 1338 zohopor
475 1271 619 1334 καιέυσεβυς
628 1275 703 1324 onos
713 1276 848 1338 Χριςιανων
861 1289 955 1339 ysopus
962 1282 1031 1323 urm
1041 1289 1076 1336 μη
1084 1264 1207 1337 mle&
1219 1269 1324 1335 &uim

129 1357 186 1411 w
228 1355 331 1413 “‘Tibi
345 1356 430 1433 igitur
445 1367 566 1416 etentes
579 1358 814 1427 confessussum‚
827 1377 872 1417 me
887 1366 915 1416 et
929 1359 1033 1415 multos
1048 1357 1118 1415 alius
1130 1356 1192 1414 haeo
1202 1355 1318 1423 sentire,

129 1448 165 1506 ita
177 1459 211 1509 nt
224 1450 345 1510 omnino
361 1464 541 1530 perspectum
556 1454 711 1513 habeamus
723 1456 765 1512 sic
777 1454 897 1512 suturam
911 1473 918 1511 r
935 1464 962 1511 at
973 1453 1077 1511 multos
1090 1471 1198 1520 rursus,
1213 1469 1321 1523 eosque

130 1565 163 1605 ex
177 1548 228 1607 illo
244 1547 472 1610 Christianorum
488 1570 601 1628 genere,
618 1551 694 1625 quod
708 1552 786 1628 piam
800 1561 828 1609 et
842 1569 940 1628 puram
956 1552 1084 1624 sequitur
1097 1550 1277 1616 sententiam,
1290 1549 1319 1607 id

130 1661 183 1703 uon
194 1664 350 1722 agnoscere
360 1648 409 1706 tibi
419 1647 609 1725 significavi.'’
633 1646 725 1716 'Quod
740 1658 834 1707 autem
848 1649 1007 1725 negativam
1017 1647 1184 1725 particulam
1193 1644 1320 1706 inseren-

131 1741 192 1801 dam
213 1743 366 1803 contendat
386 1746 524 1815 Newton‚
539 1747 609 1807 adeo
623 1758 654 1805 ut
667 1749 806 1807 sententia
819 1766 872 1807 neo
887 1747 934 1824 pia
944 1765 996 1805 nec
1008 1766 1078 1824 pura
1089 1746 1234 1813 habeatur,
1247 1746 1320 1805 nihil

131 1859 180 1900 nos
195 1856 331 1911 moratur,
347 1844 425 1902 nullo
439 1845 479 1903 illi
495 1845 665 1923 suffragante
677 1845 797 1905 codice⁴
829 1846 890 1903 Eos
905 1846 952 1919 qui
968 1864 1066 1903 senum
1081 1846 1206 1903 sentiunt
1217 1834 1321 1905 multos

130 1937 244 2011 quidem
254 1949 337 1997 vocat
353 1939 484 1999 ,lustinus
498 1957 526 2000 et
540 1955 622 2001 reotae
637 1943 803 2001 sententiae:
829 1963 876 2012 εγω
884 1944 910 1995 δε
921 1963 964 1996 κω
975 1946 997 1996 εἰ
1008 1958 1073 2003 τινες
1082 1946 1142 1996 εἰσιν
1152 1945 1325 2011 desomnem

129 2050 192 2089 mo
201 2051 286 2090 nmo
298 2042 427 2106 Xptywuos
439 2059 483 2092 sos
494 2057 579 2106 oopxoq
588 2055 702 2106 magnoin
713 2045 854 2109 γενησεσθαι
865 2042 1002 2106 {aaronem
1012 2059 1055 2092 xus
1064 2051 1134 2102 astuto
1142 2041 1167 2090 ἐν
1179 2034 1325 2107 Ιερουσαλημ

129 2126 312 2194 nasoopquswq
331 2146 373 2178 xus
395 2123 543 2195 κοσμηδείση
560 2146 602 2181 κω
621 2133 784 2197 mounchamp
808 2123 1069 2197 οἱπροφηταιῐσζεκιλ
1084 2123 1322 2199 xoaHooiosxoada

130 2211 193 2266 buno
204 2216 357 2283 opooyaco.
401 2222 421 2250 ‘⁸
434 2214 499 2291 Ego
511 2225 605 2273 autern
620 2225 648 2275 et
661 2217 686 2273 si
708 2216 757 2289 qui
778 2227 853 2273 recte
873 2216 903 2273 in
924 2214 1056 2274 omnibus
1082 2215 1207 2273 sentiunt
1222 2214 1321 2273 Chris·

129 2310 203 2379 liani,
226 2320 255 2370 et
280 2315 372 2370 carnis
393 2313 629 2372 resurrectionem
651 2314 772 2372 futuram
798 2314 916 2382 scimus,
940 2323 969 2373 et
982 2312 1059 2371 mille
1081 2332 1173 2372 annos
1192 2315 1223 2372 in
1247 2315 1319 2372 urbe

128 2405 285 2468 Jerusalem
308 2408 454 2477 aedilioata,
476 2419 504 2468 et
515 2421 623 2479 ornata,
644 2421 673 2470 et
695 2412 884 2489 amplificata3
906 2410 1145 2486 quemadmodum
1168 2412 1318 2481 Ezechiel,

127 2514 153 2562 et
176 2504 280 2574 isaias,
312 2519 341 2564 et
366 2507 461 2565 caeteri
493 2508 639 2585 prophetie
669 2508 869 2586 promittuut.”
910 2508 1016 2583 Liquet
1042 2508 1077 2568 ad
1105 2510 1197 2569 carnis
1228 2529 1319 2569 resur·

125 2604 280 2663 rectionem
302 2605 409 2673 referri,
436 2624 499 2679 ques
513 2604 549 2663 de
572 2612 648 2665 recte
673 2607 766 2681 quoad
787 2608 883 2666 ornnia
905 2607 1091 2669 sentientibus
1115 2607 1193 2676 dicit,
1223 2629 1321 2683 quam·

123 2704 166 2761 vis
195 2716 225 2761 et
252 2702 400 2763 millennio
428 2704 575 2782 suffragari
608 2706 692 2764 etiam
723 2706 898 2764 existimaret
925 2717 1021 2764 vatum
1054 2705 1234 2766 documenta.
1277 2708 1319 2767 lta

123 2800 211 2859 etiam
228 2800 426 2877 Apocalypsin
441 2802 639 2878 interpretatus
652 2810 705 2867 est,
720 2801 956 2859 resurrectionem
971 2811 999 2858 et
1008 2800 1150 2877 judicium
1164 2813 1230 2879 post
1244 2804 1321 2864 mille

117 2912 214 2955 annos
231 2895 446 2973 Hierosolymis
463 2908 629 2963 transactos,
644 2896 736 2954 futura
757 2895 912 2963 affirmans,
929 2895 1015 2953 veluti
1036 2915 1072 2953 ex
1092 2897 1213 2956 ,loannis
1228 2901 1323 2978 Apus?

115 2994 173 3053 toli
188 2994 364 3053 auctoritato.
405 2993 553 3071 Insignem
567 2993 635 3052 fidei
650 2992 791 3051 vindicem
808 2992 908 3051 felellit
928 3004 1003 3051 certe
1018 2992 1127 3069 opinio,
1143 3013 1196 3054 neo
1206 3009 1251 3054 est
1269 3017 1320 3058 cur

108 3092 186 3170 ejus
202 3092 367 3150 auctoritate
382 3090 580 3151 detineamur:
602 3110 655 3150 nec
670 3092 747 3149 enim
771 3090 819 3149 ille
835 3090 934 3148 existit
954 3108 1045 3151 nexus
1068 3109 1152 3164 quem
1168 3093 1222 3151 sibi
1237 3096 1320 3155 finxit

107 3186 199 3249 inter
218 3189 374 3248 doctrinam
390 3189 425 3248 de
440 3191 644 3249 resurrectione
669 3199 698 3248 et
722 3189 800 3247 mille
814 3209 952 3248 annorum
975 3188 1187 3267 Hierosolymis
1210 3193 1319 3253 Christi

100 3303 256 3369 regnum.
299 3287 383 3355 Quod
405 3289 490 3366 igitur
511 3288 622 3357 atheos,
636 3298 666 3347 et
679 3287 862 3364 blasphemos
878 3297 961 3347 vocet
986 3288 1035 3362 qui
1050 3289 1113 3349 haec
1138 3290 1257 3350 minime
1280 3304 1318 3351 te·

100 3398 204 3455 nent,
220 3384 437 3464 intelligendum
452 3387 615 3445 necessario
630 3396 674 3444 est
689 3384 725 3444 de
740 3386 776 3444 iis
791 3387 840 3460 qui
854 3397 1006 3460 utrumque
1021 3398 1134 3466 negant,
1148 3387 1197 3446 sed
1213 3408 1269 3450 non
1285 3391 1320 3451 de

91 3487 294 3565 negantibus
317 3484 496 3544 milleunium
517 3484 724 3552 tantummodo,
740 3485 770 3542 hi
795 3485 872 3544 enim
887 3484 991 3543 nnllam
1007 3504 1075 3544 sane
1090 3489 1268 3549 contumeliae
1290 3492 1320 3551 in

93 3576 222 3644 Deum
237 3570 365 3662 speciem
378 3585 512 3661 prebent.
555 3584 663 3642 lrenreu
673 3583 801 3641 arrisisse
811 3583 975 3660 opinionem
986 3582 1021 3641 de
1033 3596 1239 3662 regnoterreno
1252 3590 1319 3649 sate·

89 3691 200 3751 mur,
225 3681 278 3741 sed
300 3683 374 3741 hano
396 3701 453 3740 non
468 3682 601 3740 omnibus
621 3682 766 3758 probatam
792 3698 829 3739 ex
854 3681 916 3757 ejus
941 3680 1054 3758 scriptis
1080 3696 1206 3755 constat;
1230 3707 1317 3761 quum

89 3782 203 3840 enim
220 3780 302 3839 lsaiae
317 3781 392 3839 dicta
406 3779 441 3838 de
461 3779 537 3857 lupis
558 3791 586 3838 et
607 3780 687 3857 agnis
708 3778 794 3837 simul
815 3780 996 3856 pascentibus
1010 3779 1044 3849 ad
1066 3780 1136 3840 illud
1160 3786 1314 3856 retulisset,

84 3876 233 3935 addidit
244 3890 254 3935 ⁸:
277 3886 297 3913 “
310 3877 380 3937 Non
395 3876 494 3953 ignoro
508 3887 612 3942 autem,
643 3876 778 3950 quoniam
804 3874 919 3948 quidam
934 3874 995 3933 haec
1021 3876 1171 3947 internos,
1186 3893 1263 3938 etex
1277 3882 1307 3942 di

86 3977 217 4034 versis
241 3975 385 4051 gentibus,
400 3985 428 4033 et
441 3975 526 4033 variis
549 3974 684 4051 operibus
708 3972 867 4040 credentes,
881 3983 987 4032 etcum
1015 3974 1185 4035 crediderint
1198 3996 1317 4040 consen·

85 4067 228 4131 tientes
237 4073 335 4151 justis,
352 4082 459 4131 tentent
473 4071 670 4131 transferre.”⁶
709 4071 806 4149 Papiae
822 4070 938 4146 quidem
948 4074 1111 4133 auctoritate
1122 4092 1187 4132 eum
1202 4073 1317 4139 ductum

164 4268 203 4335 (1)
222 4269 348 4320 Eusebius
359 4269 375 4319 l.
387 4267 420 4319 iii.
431 4266 488 4318 hist.
499 4267 568 4318 Ecol.
579 4284 600 4318 c.
612 4267 697 4319 xxviii.

167 4356 202 4420 (2)
220 4354 296 4404 Rern.
308 4370 346 4418 ep.
358 4371 379 4403 e.
390 4369 431 4403 xv.
583 4356 589 4367 “

167 4439 199 4500 (3)
216 4439 281 4490 Diel.
293 4455 351 4489 cum
364 4437 499 4504 Tryphone
509 4454 534 4486 n.
543 4440 582 4488 80.

168 4521 204 4590 (t)
222 4526 263 4575 Ex
275 4532 394 4575 contextu
404 4523 541 4574 emendatio
553 4523 595 4573 illu
611 4539 661 4573 non
673 4523 813 4587 sustinetur,
825 4542 883 4578 uem
891 4538 945 4591 quoe
957 4524 989 4575 do
999 4523 1077 4576 etheis
1087 4523 1205 4591 adjungit,
1217 4525 1247 4576 ed
1258 4527 1319 4579 arios

122 4608 256 4672 pertinent,
268 4628 330 4676 quos
341 4619 436 4673 uegeto
446 4611 626 4661 resurrectionis
634 4611 720 4674 arguit·
1191 4599 1195 4605 ’

168 4695 201 4758 (5)
218 4698 247 4750 L.
258 4716 283 4749 v.
292 4698 347 4749 adv.
358 4697 414 4749 ber.
426 4715 448 4750 c·
458 4697 543 4749 xxxiii.

703 4789 771 4844 25*
