2798 5092
384 389 385 392 ’
418 367 474 430 DE
496 368 640 431 CULTU
661 368 897 430 IMAGINUM.
1201 372 1263 430 28⁶

56 526 216 607 darentur.
257 527 303 587 De
330 539 492 589 sanctorum
517 529 689 607 imaginibus
710 531 908 606 Hieronymus
930 529 972 588 nil
999 529 1046 589 hio
1067 529 1154 598 dicit;
1186 529 1258 588 elisis

55 636 154 685 sutem
169 635 289 687 testator
300 628 331 686 in
345 628 469 687 vasculis
494 628 696 705 Apostolorum
719 629 859 704 imagines
885 626 1045 686 adumbrari
1060 629 1165 695 solere,
1181 627 1259 701 quod

57 723 128 781 liest'
140 723 176 781 ad
191 733 320 782 ornatum
337 725 431 801 potius
456 742 542 798 quam
564 724 599 783 ad
620 725 727 783 cultum
749 723 852 783 lactum
868 722 1005 792 videatur,
1021 742 1138 801 gravem
1154 725 1261 802 prebet

56 820 199 878 munnam
228 819 402 897 conjiciendi
427 838 527 879 eorum
555 821 694 898 imagines
717 819 890 878 Christianis
919 818 1008 878 luisse
1036 819 1202 889 familiares,
1232 832 1261 880 et

59 934 165 995 magno
178 917 209 975 in
222 918 315 994 pretio
339 917 469 975 habitas:
493 917 562 976 “Et
575 937 672 975 revera
682 918 711 975 in
725 917 798 994 ipsis
813 917 966 976 cucurbitis
983 917 1172 985 vasculorum,
1188 936 1259 991 quas
1285 957 1310 983 x

61 1016 149 1094 volgo
162 1016 362 1074 saucomarias
370 1024 490 1083 nocant,
504 1016 597 1074 solent
612 1016 813 1101 Apostolorum
830 1016 970 1093 imagines
984 1014 1197 1074 adumbrare.‘’¹

105 1116 184 1187 149.
199 1111 267 1190 ooj.
280 1116 311 1170 8.
333 1104 512 1189 Augustinus
526 1113 684 1172 cavendum
695 1113 778 1190 jobet
790 1132 807 1169 a
821 1114 993 1190 picturarum
1006 1112 1083 1171 cultu
1097 1131 1104 1169 :
1129 1114 1260 1173 “Nolite
1359 1166 1368 1189 ‚

62 1204 223 1269 consectari
238 1209 331 1268 turbas
346 1210 553 1286 imperitorum,
570 1211 619 1284 qui
643 1210 687 1267 vel
713 1211 742 1268 in
757 1210 820 1286 ipsa
834 1228 901 1268 vera
914 1209 1053 1286 religione
1066 1211 1260 1286 superstitiosi

66 1404 168 1465 nultos
183 1423 249 1463 esse
264 1404 480 1481 sepulchrorum
496 1405 542 1462 rel
556 1405 727 1481 picturarum
743 1402 953 1463 adoratores-”⁹

100 1479 192 1581 ldeap.
216 1503 260 1561 De
270 1502 315 1560 his
331 1503 457 1576 queritur
469 1503 660 1580 Augustinus,
673 1500 751 1576 quod
767 1502 1028 1561 “luxuriosissime
1038 1521 1125 1580 super
1133 1514 1260 1562 mortuos

67 1601 176 1671 bibant,
186 1599 328 1676 stapulas
342 1598 525 1658 cadaveribus
543 1600 723 1668 exhibentes,
735 1619 822 1677 super
842 1600 969 1676 sepultos
984 1601 1097 1678 seipsos
1111 1601 1260 1678 sepelient,

67 1712 92 1758 et
105 1700 274 1759 voracitates
297 1699 505 1772 ebrietatesque
526 1718 592 1757 suas
616 1699 752 1776 deputent
772 1698 947 1776 religioni.”⁸
987 1699 1082 1759 Usum
1102 1700 1261 1777 legitimum

66 1798 237 1874 picturarum
260 1809 336 1854 certe
360 1815 419 1855 non
440 1796 594 1864 damnavit,
617 1815 682 1854 nam
703 1796 738 1855 de
763 1797 903 1874 Stephani
925 1798 1062 1874 martyrio
1087 1787 1260 1857 concionans

65 1895 154 1954 dixit:
179 1894 387 1976 “Dulcissima
402 1895 510 1971 pictura
524 1905 568 1951 est
585 1895 656 1962 haec,
680 1894 729 1952 ubi
749 1893 852 1954 videtis
877 1895 909 1952 S.
932 1895 1108 1972 Stephanum
1131 1895 1259 1972 lapidari.

65 1993 166 2053 ridetis
183 1993 305 2054 Saulum
318 1991 505 2069 lapidantium
519 1993 690 2050 vestimenta
699 1993 903 2051 servantem.⁴”
943 1993 1048 2066 Liquet
1062 1994 1147 2070 igitur
1160 1994 1190 2051 in
1205 1994 1262 2052 Ec·

64 2092 152 2151 clesia
164 2093 304 2169 picturam
319 2091 398 2149 illam
412 2093 502 2150 fuisse
517 2103 686 2168 appensam.

103 2194 170 2250 15⁰.
197 2188 264 2268 ouj.
280 2192 309 2247 9.
332 2189 429 2255 Quum
446 2188 644 2249 Massilienses
660 2188 785 2246 colentes
801 2188 941 2267 imagines
958 2189 1083 2246 Serenus
1104 2188 1259 2265 episcopus

62 2287 230 2357 detexisset,
246 2288 297 2346 has
312 2286 396 2364 fregit
409 2286 639 2364 indignabundus
654 2306 661 2344 :
677 2297 850 2364 quapropter
863 2306 881 2345 a
896 2287 1038 2364 Gregorio
1052 2288 1097 2346 M.
1106 2286 1259 2364 reprehen-

62 2406 111 2446 sus
126 2398 181 2455 est,
196 2385 276 2461 quod
289 2405 338 2444 eas
363 2386 498 2463 frangens
519 2403 653 2463 spernere
678 2384 830 2455 videretur,
845 2385 896 2444 scd
917 2385 1046 2445 laudatus
1061 2384 1137 2458 quod
1151 2385 1259 2444 cultum

62 2482 246 2566 abstulissetl:
270 2493 290 2522 ‘⁸
301 2484 444 2551 Perlatum
465 2484 501 2543 ad
515 2503 568 2543 nos
583 2483 684 2553 luerat,
698 2484 777 2557 quod
791 2484 1002 2543 inconsiderato
1017 2483 1081 2543 zelo
1103 2502 1259 2543 succensus

62 2594 228 2644 sanctorum
252 2583 393 2659 imagines
418 2583 472 2640 sub
493 2581 548 2640 hac
568 2583 651 2656 quasi
672 2586 866 2651 excusatione,
888 2601 924 2642 ne
952 2582 1062 2642 adorari
1083 2581 1258 2648 debuissent,

61 2681 247 2759 confregeris.
290 2680 330 2739 Et
354 2678 469 2753 quidem
491 2680 559 2753 quia
579 2698 627 2738 eas
642 2680 751 2740 adorari
766 2680 917 2747 vetuisses,
931 2681 1049 2739 omnino
1070 2680 1259 2747 laudavimus,

60 2779 182 2856 fregisse
196 2775 264 2836 verd
280 2774 526 2853 reprehendimus.
550 2817 557 2834 .
581 2817 589 2835 .
612 2818 619 2833 .
641 2775 747 2853 Frangi
763 2774 828 2833 verd
844 2794 901 2833 non
923 2774 1029 2845 debuit,
1046 2776 1123 2849 quod
1145 2796 1203 2835 non
1225 2776 1261 2835 ad

63 2875 240 2936 monadum
263 2875 293 2933 in
318 2872 471 2962 Ecclesiis,
487 2872 538 2932 sed
560 2872 595 2930 ad
616 2871 796 2931 instruendas
810 2872 992 2931 solummodo
1006 2882 1117 2932 mentes
1131 2875 1260 2933 nescien-

63 2974 135 3033 tium
148 2974 204 3032 luit
217 2970 436 3041 collocatum.’'³

101 3069 193 3149 Rasp.
217 3069 249 3126 S.
273 3068 432 3145 Gregorius
455 3077 600 3126 mansuete
615 3065 797 3144 reprehendit
810 3068 979 3144 episcopum
994 3067 1086 3136 illum,
1103 3069 1186 3145 cujus
1201 3080 1261 3128 stu·

64 3166 143 3226 dium
155 3165 359 3242 inimaginum
373 3164 535 3223 adoratione
550 3163 674 3222 tollenda
685 3164 771 3222 nimis
786 3165 901 3223 exarsit.
945 3165 1102 3224 Utilitatem
1116 3185 1152 3224 ox
1161 3185 1259 3226 earum

66 3281 119 3322 usu
140 3261 325 3321 derivandam
347 3280 403 3337 prae
424 3261 515 3341 oeulis
539 3262 629 3338 ponit,
645 3259 680 3319 da
702 3262 858 3320 reverentia
878 3261 913 3321 iis
936 3275 1085 3339 propterea
1098 3262 1261 3322 exhibenda

65 3361 174 3420 silenat
196 3378 282 3434 quam
297 3367 394 3416 tamen
407 3359 463 3435 ipsi
485 3358 598 3435 probari
622 3376 658 3416 ex
673 3359 794 3435 epistola
808 3361 871 3436 ejus
895 3358 930 3417 ad
952 3360 1157 3427 Secundinum,
1173 3379 1260 3434 quam

65 3458 124 3536 jam
144 3456 333 3523 laudavimus,
347 3455 447 3529 liquet.
489 3453 634 3530 Equidem
660 3474 718 3515 non
731 3456 833 3515 'omnis
854 3457 947 3516 honor
961 3458 1089 3517 cultusve
1103 3457 1259 3537 denegatus

68 3550 226 3617 censendus
240 3566 294 3624 est,
310 3554 385 3629 quod
401 3553 526 3613 adoratio
542 3554 648 3631 rejecta
662 3554 707 3612 sit.

110 3660 174 3714 151.
200 3653 267 3733 ooj.
288 3657 333 3710 10.
376 3652 540 3711 Concilium
557 3651 918 3728 constantinopolitanum,
936 3653 1042 3712 Leonis
1057 3654 1177 3712 Isaurici
1192 3666 1261 3714 tem·

72 3752 193 3828 poribus,
209 3760 238 3809 et
257 3749 376 3807 alterum
395 3749 448 3806 sub
469 3748 658 3824 Coptonymo
672 3766 746 3806 anno
771 3753 830 3807 754
852 3749 1008 3826 imaginum
1024 3750 1131 3807 cultum
1146 3751 1260 3808 damna·

74 3862 141 3907 mot.
182 3846 348 3906 Concilium
374 3843 630 3903 Francosordiense
657 3846 754 3922 rejecit
778 3847 995 3922 reprobavitque
1018 3847 1131 3906 concilii
1147 3848 1261 3907 Nicaeni

76 3945 188 4015 decreta,
204 3947 309 4020 quibus
324 3945 416 4003 cultus
431 3945 477 4003 illc
497 3945 683 4002 sanciebatur.
726 3945 846 4004 Constat
857 3945 957 4004 Gallos
972 3958 1001 4005 et
1014 3947 1165 4023 plerosque
1178 3946 1262 4005 Occi·

76 4041 191 4102 dentales
220 4042 379 4119 imaginum
402 4043 509 4100 cultum
532 4043 689 4119 respuisse,
712 4042 747 4099 iis
769 4051 876 4101 tantum
898 4043 1091 4102 instructionis
1113 4061 1198 4101 causa
1220 4063 1261 4103 re·

78 4143 162 4200 tentlsz

368 4370 408 4435 (l)
427 4368 523 4419 comm.
535 4369 563 4419 in
573 4385 594 4418 c
606 4367 638 4418 iv.
648 4368 726 4419 lone.

368 4455 412 4522 (2)
433 4452 463 4504 1..
474 4455 490 4504 i.
501 4455 532 4504 de
543 4453 650 4506 moribus
661 4453 729 4504 Eool.
738 4453 813 4506 Ceth.
824 4471 845 4506 c.
858 4454 942 4506 xxxiv.

368 4540 411 4606 (8)
430 4540 531 4591 Ibidem.

370 4626 410 4691 (4)
428 4626 506 4677 Serm.
518 4594 680 4677 cccxvisaliss
688 4625 751 4676 xciv.
762 4625 793 4676 de
803 4625 910 4677 dimrds.

369 4709 410 4772 (⁵)
427 4707 458 4760 1..
468 4709 503 4760 ix.
513 4726 552 4777 ep.
565 4711 598 4762 ix.
608 4710 640 4762 ad
650 4709 771 4762 &renum
781 4710 875 4762 Messil.
953 4703 956 4712 ¹
