2798 5092
121 338 177 395 lto
356 330 413 390 DE
434 327 816 390 saoRnMENToRUM
837 328 1071 390 smenon.

120 493 189 554 ldeo
205 501 445 549 sacramentorum
456 489 514 546 vim
528 488 721 565 agnoscImns,
736 489 803 562 quia
817 486 927 546 Christi
937 499 1003 548 sunt
1017 491 1152 559 instituta,
1172 510 1223 568 per
1242 511 1304 565 quae

120 590 181 650 vult
205 607 258 648 nos
283 589 343 646 suis
368 585 451 644 donis
471 585 569 642 ditare.
611 585 808 662 Suscipientes
831 595 924 644 antem
947 585 1057 645 adultos
1073 599 1185 665 oportet
1208 588 1307 646 afferre

121 691 248 748 animum
263 684 399 743 humilem
415 692 443 740 et
457 682 641 760 poenitentem
656 680 691 740 ad
703 701 824 741 munera
836 683 930 741 oblata
943 685 1129 762 impetranda.

159 790 208 845 56.
234 781 300 860 Obj.
315 786 344 840 5.
365 779 479 840 Eodem
500 778 600 838 recidit
612 781 638 837 si
663 789 905 852 sacramentorum
927 782 970 838 vis
994 782 1118 859 pendere
1144 781 1255 842 dicatur
1275 801 1310 840 ex

120 880 355 960 dispositionibus
369 895 403 936 ea
417 877 644 955 suscipientium,
660 895 747 951 quum
764 896 865 937 omnes
879 876 979 937 harum
993 881 1195 939 necessitatem
1210 879 1245 939 ad
1261 881 1312 938 im·

121 977 290 1058 patrandum
305 974 438 1034 effectum
454 985 619 1051 agnoscant.

157 1076 246 1155 Resp.
268 1074 342 1134 lllnd
358 1073 438 1131 datur
452 1071 627 1131 discriminis
641 1071 718 1147 quod
733 1075 871 1152 agnituri
886 1075 1040 1134 intrinseca
1054 1085 1311 1143 sacramentorum,

119 1177 228 1236 Christi
242 1191 340 1234 eornm
356 1172 478 1231 auctoris
493 1171 620 1249 potentia
632 1172 662 1229 in
683 1173 786 1231 animae
800 1175 1034 1242 sanctificatione,
1050 1174 1086 1234 iis
1107 1173 1195 1232 veluti
1210 1175 1314 1232 instru-

117 1275 233 1342 mentis,
246 1270 423 1350 praedicetur,
433 1286 499 1343 quae
510 1267 616 1328 idcirco
627 1270 657 1328 in
670 1270 795 1347 parvulis
808 1272 927 1346 aliisque
937 1271 1046 1330 nullum
1057 1281 1149 1330 actum
1163 1272 1313 1348 proprium

118 1373 221 1433 elicere
246 1368 404 1428 valentibus
431 1365 566 1425 effectum
590 1385 674 1425 suum
697 1368 862 1427 sortiuntur.
904 1362 1001 1446 Magis
1025 1369 1110 1427 etiam
1137 1370 1166 1426 in
1197 1366 1313 1426 Christi

118 1471 238 1550 gloriam
261 1465 336 1525 cedit
359 1463 492 1522 effectum
519 1464 641 1521 tribuere
666 1464 729 1542 ejus
754 1465 863 1524 meritis
886 1484 938 1542 per
952 1476 1128 1524 sacramenta
1150 1463 1313 1542 applicatis,

120 1583 206 1640 quam
218 1561 345 1621 hominis
358 1558 517 1625 conatibus,
532 1559 617 1616 etiam
632 1557 768 1617 divinitus
782 1560 897 1637 adjutis.

156 1667 206 1722 57.
225 1659 291 1739 ooj.
308 1663 336 1717 6.
350 1658 505 1734 Perperam
518 1656 639 1715 inducta
654 1664 721 1715 sunt
733 1657 857 1716 barbara
872 1656 927 1715 illc
942 1674 1027 1716 voces
1039 1673 1077 1714 ea
1087 1673 1171 1735 opere
1182 1665 1312 1735 operato,

120 1759 239 1818 vetustis
249 1756 362 1816 seculis
373 1757 487 1831 ignota,
502 1753 537 1812 ad
550 1755 606 1812 vim
619 1762 861 1813 sacramentorum
875 1754 1091 1832 designandam,
1102 1772 1192 1827 quum
1207 1772 1314 1822 sermo,

88 1928 91 1935 Ι
119 1859 194 1916 sicut
208 1866 236 1914 et
249 1855 376 1925 doctrina
389 1862 516 1911 veterum
537 1862 708 1931 temporum,
722 1861 877 1929 praestaret.

156 1952 246 2029 Resp.
269 1950 355 2019 Quod
370 1968 451 2008 novae
465 1947 588 2007 inductae
603 1949 661 2007 sint
676 1967 762 2007 voces
776 1947 813 2006 ad
827 1949 886 2007 vim
907 1958 1148 2007 sacramentorum
1163 1949 1316 2009 enuntian-

118 2050 193 2117 dam,
209 2047 328 2124 contigit
348 2065 382 2105 ea
404 2055 484 2103 atate
507 2064 564 2124 qua
584 2043 715 2104 doctores
736 2045 900 2103 scholastici
914 2044 982 2116 fidei
1005 2044 1146 2122 principia
1173 2044 1314 2104 methodo

114 2165 258 2225 exponere
273 2145 410 2205 solebant.
433 2142 479 2202 De
493 2145 609 2202 veritate
623 2143 763 2202 servanda
775 2142 880 2202 soliciti
901 2162 1001 2220 parurn
1016 2142 1167 2202 studebant
1181 2145 1309 2203 vocabu·

116 2247 207 2306 lorum
223 2245 371 2322 elegantias
382 2262 390 2309 ;
402 2231 435 2299 'et
447 2253 479 2300 ut
490 2240 697 2319 distinguerent
710 2241 830 2300 effectus
845 2250 997 2300 conatuum
1012 2242 1215 2310 humanorum,
1227 2243 1317 2301 etiam

117 2363 154 2403 ex
169 2343 267 2422 gratie
282 2349 372 2406 motu,
387 2358 404 2395 a
417 2338 587 2396 sacramenti
602 2339 629 2396 vi
646 2339 808 2406 intrinseca,
824 2357 874 2397 eos
892 2356 929 2396 eu
942 2355 1026 2416 opere
1039 2336 1191 2415 operantia
1213 2357 1316 2416 prove·

118 2442 190 2510 nire,
205 2441 281 2498 hanc
305 2454 379 2516 opus
399 2442 554 2514 operatum
578 2455 644 2494 esse
658 2436 798 2495 dicebant.
840 2437 886 2497 Ea
908 2436 1047 2510 loquendi
1072 2436 1144 2494 ratio
1166 2437 1317 2515 aptissima

118 2540 235 2597 inventa
248 2545 302 2602 est,
317 2532 444 2590 Luthero
458 2550 542 2590 suum
556 2531 693 2608 placitum
702 2533 738 2590 de
750 2531 818 2591 fidei
829 2534 941 2610 justitia
952 2543 1155 2611 propugnante
1167 2553 1176 2602 ;
1192 2532 1318 2608 ideoque

117 2629 330 2711 sapientissimo
338 2626 483 2686 consilioa
498 2627 623 2703 patribus
637 2627 816 2688 Tridentinis
830 2629 938 2687 sancita
951 2639 1007 2697 est,
1023 2646 1059 2688 ne
1073 2628 1213 2704 effugium
1225 2630 1317 2690 ullum

121 2733 234 2791 daretur
247 2725 405 2785 celerrimis
426 2726 529 2783 erroris
545 2725 681 2803 patronis.
722 2725 776 2784 Jus
791 2725 875 2784 certe
889 2727 974 2785 habet
995 2726 1129 2784 Ecclesia
1143 2745 1230 2784 voces
1250 2727 1320 2787 deli.-

119 2824 218 2887 niendi
232 2823 336 2899 quibus
351 2821 454 2879 veritas
478 2821 513 2880 ab
528 2839 622 2880 errore
637 2820 832 2892 discernatur3
855 2821 964 2895 quoda
987 2822 1115 2880 Nieoenis
1137 2823 1265 2899 patribus
1288 2826 1319 2883 in

120 2942 205 2983 causa
218 2920 325 2981 Ariana
338 2918 443 2976 sactum
458 2918 580 2998 probant
593 2918 722 2995 plerique
737 2918 943 2980 Protestantes.
1008 2950 1013 2959 1

601 3113 831 3154 anmsnvultslo.

160 3263 209 3318 58.
231 3258 309 3317 inter
323 3255 472 3332 theologos
488 3253 623 3328 quoeritur
636 3264 731 3312 utrum
745 3261 921 3312 sacramenta
938 3253 1061 3335 physice
1076 3256 1246 3318 contineant
1260 3280 1323 3338 gra·

121 3359 199 3424 tiam,
214 3352 291 3428 quod
307 3352 400 3429 placet
420 3349 593 3414 Themistis,
609 3349 654 3407 vel
675 3346 827 3407 moraliter
848 3358 966 3419 tantum,
982 3363 1067 3429 prout
1080 3352 1129 3411 alii
1151 3355 1322 3430 opinantur.

114 3451 235 3510 Horum
250 3450 332 3510 nobis
346 3448 480 3526 probatur
494 3446 643 3513 sententia,
656 3447 801 3520 quumvis
814 3460 1057 3509 sacramentorum
1068 3450 1137 3508 satis
1150 3451 1327 3525 vindicetur,

125 3548 228 3607 effectu
243 3566 277 3606 ea
291 3552 367 3606 certo
382 3554 575 3618 consequente
589 3563 627 3602 ex
638 3544 735 3603 divino
749 3545 889 3614 instituto,
904 3546 975 3620 quin
989 3547 1025 3606 iis
1032 3547 1157 3628 physice
1172 3549 1255 3610 insit.
