2798 5092
45 364 49 369 .
103 316 157 373 1112
355 310 413 372 DE
435 308 820 389 sacRAMEN'rortttM
841 312 1036 376 NUMERO.

98 471 186 530 luisse
210 479 385 551 sacramenta
412 479 475 530 ante
498 468 619 528 dissidia
637 467 797 530 credamus.
833 472 1065 534 *Sacramentaria
1093 473 1294 550 antiquissima

99 570 279 630 Latinorum²
289 579 319 628 et
329 570 509 629 (1111111111ί
518 577 657 627 vetustam
667 567 752 628 fidem
763 569 799 627 ab
811 569 883 651 ipsis
894 571 1059 649 primordiis
1070 572 1213 633 Ecclesia
1228 591 1292 652 pro·

98 666 261 726 venientem
276 675 420 725 testantur.
464 663 597 724 Concilia
619 663 805 725 Loudinense
826 685 901 726 anno
925 673 1012 738 1237,
1028 669 1199 730 umniensa
1220 687 1298 730 anno

101 767 190 831 1287,
204 762 379 823 Coloniense
389 781 464 822 auno
479 765 566 830 1280,
580 771 608 821 11
619 761 873 822 Olaromontauom
890 766 976 834 1269,
988 776 1100 843 septem
1112 767 1299 827 Sacramenta

96 872 255 930 recensent,
271 861 345 920 sicut
364 871 392 921 et
413 860 559 921 decretum
579 879 632 938 pro
653 861 799 929 Armenia,
814 861 844 919 in
867 860 1001 923 Concilio
1024 864 1203 935 Florentino,
1219 884 1296 927 anno

99 963 185 1029 1439,
196 959 304 1019 editum
318 960 354 1018 ab
365 959 499 1037 Eugeuio
514 959 568 1018 lv.
609 957 683 1038 Haec
694 956 866 1019 documenta
878 962 1077 1033 conciliorum,
1092 964 1300 1025 etSacrameu·

97 1059 165 1118 taria
190 1056 225 1117 ad
248 1075 379 1135 magnam
403 1075 456 1115 nos
482 1056 621 1115 reducunt
643 1056 948 1132 antiquitatem,·quam
969 1071 1084 1137 superat
1107 1070 1204 1143 tanuen
1225 1061 1300 1121 tides

97 1175 135 1216 err
149 1154 338 1215 Orientalium
359 1165 501 1213 sectarum
516 1172 582 1213 cum
601 1153 735 1212 Ecclesia
760 1156 949 1215 consensione
971 1155 1100 1217 deducta.
1141 1145 1208 1219 tarn
1230 1144 1299 1219 verti

97 1253 224 1313 doctrina
238 1270 302 1326 quae
316 1251 401 1310 certis
417 1252 553 1330 probatur
568 1249 759 1318 documentis,
774 1260 803 1309 et
817 1252 898 1329 cujus
913 1253 995 1332 origo
1015 1256 1157 1332 posterior
1170 1257 1300 1335 Aposto·

96 1352 152 1412 lica
165 1360 246 1411 oetate
261 1350 374 1409 ostendi
388 1351 497 1425 nequit,
514 1347 614 1408 meritd
631 1347 666 1406 ad
686 1348 841 1426 Apostolos
856 1350 985 1420 refertur,
996 1353 1080 1429 juxta
1094 1356 1299 1432 prestantissi7

95 1467 174 1510 mum
189 1447 343 1526 Augustini
357 1445 494 1505 effatum:
512 1456 531 1484 ‘⁶
544 1444 630 1514 Quod
643 1444 776 1504 universa
790 1455 867 1504 tenet
880 1447 1023 1519 Ecclesia,
1039 1468 1091 1509 nec
1108 1452 1240 1512 conciliis
1255 1452 1301 1514 in·

94 1549 234 1612 stitutum,
249 1544 300 1603 sed
314 1562 428 1621 semper
448 1553 589 1604 retentum
604 1551 658 1611 est,
677 1542 793 1601 nonnisi
806 1545 964 1621 apostoliea
977 1548 1142 1608 auctoritate
1157 1549 1297 1612 traditum

95 1643 253 1703 rectissime
268 1641 437 1700 creditur.”⁸

490 1839 689 1900 OBJECTIQNES
710 1843 895 1886 SOLVUN'I'UR.

136 1985 183 2041 ll.
210 1980 276 2060 Obj.
296 1985 322 2040 1.
344 1981 492 2059 Scriptura
505 1982 609 2041 nullibi
622 1993 734 2061 septem
755 1991 931 2043 sacramenta
945 2001 1009 2042 esse
1024 1983 1117 2055 tradit,
1131 1985 1189 2044 nisi
1202 1985 1241 2045 de
1258 1986 1298 2045 iis

90 2079 200 2158 placeat
223 2079 379 2158 intelligere
392 2079 460 2139 illud
475 2080 693 2159 Apocalypsis:
711 2081 807 2159 “Ego
827 2080 921 2140 dicam
937 2080 987 2139 tibi
1001 2092 1212 2142 sacramentum
1230 2102 1297 2143 mu·

91 2180 169 2239 lieris
183 2189 212 2238 et
224 2180 321 2237 bestie
338 2198 401 2252 quae
417 2188 510 2256 portat
523 2197 599 2248 earn,
614 2198 677 2252 quae
692 2180 778 2238 habet
790 2180 884 2257 capita
900 2179 1064 2256 septem.”⁴

132 2275 223 2355 Besp.
245 2275 445 2353 Septenarium
458 2286 864 2366 nnmerum-sacramentorum
873 2295 931 2335 non
941 2276 1024 2335 tradit
1033 2277 1190 2356 Scriptura,
1202 2296 1298 2353 quum

91 2376 180 2435 instar
201 2374 377 2443 catechismi,
393 2373 438 2431 rel
459 2373 527 2432 fidei
551 2374 741 2435 confessionis
756 2375 883 2435 nonsit:
913 2383 1046 2435 ceterum
1061 2376 1124 2455 ipsa
1139 2376 1224 2438 tradit
1249 2398 1296 2438 sa·

92 2479 247 2538 eramenta,
262 2471 304 2527 uti
317 2488 355 2527 ex
374 2468 457 2527 dictis
478 2481 597 2533 constat.
640 2470 725 2538 Quod
749 2471 774 2528 si
795 2471 841 2529 cui
860 2471 1023 2530 testimonia
1039 2470 1075 2531 de
1095 2473 1218 2550 singulis
1232 2492 1297 2535 rern

92 2568 233 2627 conficere
248 2585 306 2625 non
326 2564 486 2635 videantur,
501 2566 661 2626 traditionis
682 2567 786 2625 divinae
807 2567 979 2627 documenta
992 2586 1056 2628 eam
1071 2581 1153 2629 extra
1173 2588 1296 2633 omnem

91 2665 275 2725 dubitationis
290 2664 382 2723 aleam
403 2673 524 2741 ponunt.
565 2663 659 2742 Impia
680 2677 776 2724 autem
789 2665 859 2742 lusit
879 2665 1047 2726 Kemnitius
1060 2669 1090 2727 in
1105 2687 1177 2727 voce
1191 2688 1295 2730 sacro·

91 2762 195 2832 merati,
210 2761 279 2820 illud
293 2761 497 2839 Apocalypsis,
512 2760 547 2820 de
569 2779 672 2821 arcano
688 2761 765 2836 quod
778 2773 889 2840 septem
899 2763 1045 2841 capitibus
1067 2765 1165 2824 bestiae
1182 2765 1296 2844 signiti-

93 2861 216 2935 cabatur,
230 2858 266 2917 ad
280 2869 376 2918 sancta
389 2859 452 2918 haec
466 2859 594 2918 instituta
606 2858 788 2929 transferens,
804 2869 902 2918 contra
915 2860 989 2919 sacri
1003 2861 1150 2939 scriptoris
1165 2864 1306 2941 explica·-

92 2941 201 3016 tionem
215 2977 223 3014 a
246 2966 264 2994 ⁴⁴
279 2957 397 3033 Septem
412 2959 515 3035 capita,
530 2967 643 3036 septem
663 2966 776 3017 montes
791 2968 867 3026 sunt,
882 2976 970 3036 super
989 2977 1061 3033 quos
1077 2959 1179 3019 mulier
1199 2961 1296 3032 sedet,

91 3067 119 3115 et
132 3074 213 3134 reges
228 3038 338 3133 septem
352 3054 468 3116 sunt.”⁸

133 3161 180 3234 12.
206 3153 273 3234 obj.
286 3160 315 3213 2.
337 3156 422 3228 Aqua
436 3163 464 3212 et
478 3153 594 3231 sanguis
610 3173 673 3227 quae
689 3172 726 3212 ex
741 3152 852 3212 Christi
872 3153 958 3213 latere
973 3155 1182 3233 profluxerunt,
1196 3176 1294 3219 sacra·

90 3267 186 3316 menta
199 3254 340 3312 Ecclesiae
354 3252 479 3312 indicare
499 3252 606 3328 passim
629 3251 760 3311 dicuntur
774 3272 791 3310 a
804 3252 942 3329 patribus,
960 3254 1009 3328 qui
1035 3254 1156 3370 proinde
1171 3259 1292 3319 nonnisi

90 3352 263 3429 baptismum
278 3357 307 3406 et
320 3347 522 3407 eucharistiam
536 3358 725 3425 agnoverunt.

130 3446 219 3524 Resp.
242 3447 341 3506 Patres
356 3464 413 3504 non
433 3442 591 3503 docuerunt
605 3464 754 3504 numerum
777 3456 1020 3512 sacramentorum
1032 3447 1072 3510 ,iis
1092 3447 1223 3520 iudicari,
1239 3453 1295 3514 sed

91 3563 124 3602 ea
138 3545 297 3603 habuerunt
311 3543 398 3602 veluti
412 3544 560 3620 aptissima
576 3544 710 3620 symbola
730 3544 834 3603 divinas
849 3541 1039 3620 virtutisquae
1054 3566 1070 3604 a
1085 3547 1202 3608 Christo
1217 3550 1293 3611 deri-

92 3654 154 3700 vata
176 3642 204 3700 in
226 3641 410 3700 sacramentis
435 3641 530 3699 claret.
568 3642 623 3700 ‘Sic
643 3642 833 3701 Ambrosius:
859 3644 1023 3716 “Aquaet
1038 3646 1154 3723 sanguis
1176 3649 1289 3715 exivit:

91 3739 138 3797 illa
153 3757 216 3812 quae
231 3736 328 3806 diluat,
343 3738 398 3795 iste
413 3738 462 3810 qui
484 3737 655 3796 redimat.'’⁶
694 3738 780 3806 Quod
796 3739 820 3797 si
835 3740 975 3816 baptismi·
985 3750 1013 3798 et
1026 3741 1204 3803 eucharistiae
1220 3766 1294 3823 prae·

90 3837 187 3895 sertim
202 3835 343 3912 imagines
364 3835 445 3893 iniis
467 3835 677 3912 perspexerint,
693 3835 720 3894 id
743 3856 800 3895 non
815 3838 908 3896 obstat
928 3837 990 3896 aliis
1005 3843 1202 3912 sacramentis,
1219 3863 1292 3919 quo·

91 3953 152 3993 rum
166 3935 210 3993 vis
228 3933 393 4010 esanguine
410 3931 520 3991 Christi
534 3934 640 4010 pariter
651 3934 803 3993 derivatur.
846 3934 990 3996 Caeterum
1004 3939 1136 4013 mysticis
1150 3941 1292 4023 interpre-

254 4189 329 4256 Apud
342 4189 491 4242 Martenium
503 4189 533 4241 de
545 4191 652 4256 antiquis
663 4190 780 4242 Ecclesia
791 4192 884 4244 ritibus.

254 4276 331 4342 Apud
341 4276 462 4326 Allatium
479 4277 509 4327 da
521 4286 639 4343 perpetua
651 4277 736 4329 Occid.
747 4286 772 4329 et
784 4278 877 4330 Orient.
888 4278 957 4330 11111.
969 4295 1080 4330 consens.

249 4365 297 4415 L.
290 4381 323 4414 11.
334 4363 365 4414 de
377 4360 449 4430 Bapt.
461 4372 544 4416 111111
556 4365 648 4416 Ι)1111.
659 4381 681 4416 1.
691 4364 758 4416 xxiv.
769 4382 795 4416 n.
806 4369 830 4415 3.
