<?xml version="1.0" encoding="UTF-8"?>
<!DOCTYPE html PUBLIC "-//W3C//DTD XHTML 1.0 Transitional//EN"
    "http://www.w3.org/TR/xhtml1/DTD/xhtml1-transitional.dtd">
<html xmlns="http://www.w3.org/1999/xhtml" xml:lang="en" lang="en">
 <head>
  <title>
</title>
<meta http-equiv="Content-Type" content="text/html;charset=utf-8" />
  <meta name='ocr-system' content='tesseract 3.04.00' />
  <meta name='ocr-capabilities' content='ocr_page ocr_carea ocr_par ocr_line ocrx_word'/>
</head>
<body>
  <div class='ocr_page' id='page_1' title='image "./theologidogmati02kenrgoog_0267.png"; bbox 0 0 2798 5092; ppageno 0'>
   <div class='ocr_carea' id='block_1_1' title="bbox 134 350 910 413">
    <p class='ocr_par' dir='ltr' id='par_1_1' title="bbox 134 350 910 413">
     <span class='ocr_line' id='line_1_1' title="bbox 134 350 910 413; baseline 0 -1"><span class='ocrx_word' id='word_1_1' title='bbox 134 356 194 413; x_wconf 67' lang='lat'>264</span> <span class='ocrx_word' id='word_1_2' title='bbox 550 352 606 413; x_wconf 82' lang='lat' dir='ltr'>DE</span> <span class='ocrx_word' id='word_1_3' title='bbox 627 350 910 413; x_wconf 78' lang='lat' dir='ltr'><strong>PURGATORIO.</strong></span> 
     </span>
    </p>
   </div>
   <div class='ocr_carea' id='block_1_2' title="bbox 90 509 1338 3590">
    <p class='ocr_par' dir='ltr' id='par_1_2' title="bbox 133 509 1328 863">
     <span class='ocr_line' id='line_1_2' title="bbox 134 509 1327 589; baseline -0.003 -17"><span class='ocrx_word' id='word_1_4' title='bbox 134 524 310 572; x_wconf 90' lang='lat' dir='ltr'>mortuorum</span> <span class='ocrx_word' id='word_1_5' title='bbox 323 520 396 569; x_wconf 86' lang='lat' dir='ltr'>statu</span> <span class='ocrx_word' id='word_1_6' title='bbox 411 511 596 589; x_wconf 84' lang='lat' dir='ltr'>interpretari,</span> <span class='ocrx_word' id='word_1_7' title='bbox 611 531 669 571; x_wconf 89' lang='lat' dir='ltr'>unu</span> <span class='ocrx_word' id='word_1_8' title='bbox 683 513 838 578; x_wconf 83' lang='lat' dir='ltr'>obstamus,</span> <span class='ocrx_word' id='word_1_9' title='bbox 854 530 943 585; x_wconf 90' lang='lat' dir='ltr'>quum</span> <span class='ocrx_word' id='word_1_10' title='bbox 957 530 1056 571; x_wconf 85' lang='lat' dir='ltr'>revera</span> <span class='ocrx_word' id='word_1_11' title='bbox 1075 513 1199 587; x_wconf 88' lang='lat' dir='ltr'>quisque</span> <span class='ocrx_word' id='word_1_12' title='bbox 1213 509 1327 570; x_wconf 83' lang='lat' dir='ltr'>iuturus</span> 
     </span>
     <span class='ocr_line' id='line_1_3' title="bbox 134 590 1327 687; baseline -0.002 -19"><span class='ocrx_word' id='word_1_13' title='bbox 134 612 172 668; x_wconf 86' lang='lat' dir='ltr'>sit</span> <span class='ocrx_word' id='word_1_14' title='bbox 184 627 299 685; x_wconf 88' lang='lat' dir='ltr'>semper</span> <span class='ocrx_word' id='word_1_15' title='bbox 313 609 404 682; x_wconf 85' lang='lat' dir='ltr'>qualia</span> <span class='ocrx_word' id='word_1_16' title='bbox 419 607 583 677; x_wconf 81' lang='lat' dir='ltr'>discessit‚&#39;</span> <span class='ocrx_word' id='word_1_17' title='bbox 572 619 668 686; x_wconf 72' lang='lat' dir='ltr'>justus</span> <span class='ocrx_word' id='word_1_18' title='bbox 682 610 727 668; x_wconf 90' lang='lat' dir='ltr'>vel</span> <span class='ocrx_word' id='word_1_19' title='bbox 741 619 892 687; x_wconf 76' lang='lat' dir='ltr'>pensator:</span> <span class='ocrx_word' id='word_1_20' title='bbox 915 627 981 682; x_wconf 82' lang='lat' dir='ltr'>quae</span> <span class='ocrx_word' id='word_1_21' title='bbox 995 610 1072 668; x_wconf 89' lang='lat' dir='ltr'>enim</span> <span class='ocrx_word' id='word_1_22' title='bbox 1087 590 1229 686; x_wconf 59' lang='lat' dir='ltr'>confingit</span> <span class='ocrx_word' id='word_1_23' title='bbox 1244 626 1327 666; x_wconf 85' lang='lat' dir='ltr'>mora</span> 
     </span>
     <span class='ocr_line' id='line_1_4' title="bbox 133 705 1328 785; baseline -0.002 -19"><span class='ocrx_word' id='word_1_24' title='bbox 133 728 149 766; x_wconf 93' lang='lat' dir='ltr'>a</span> <span class='ocrx_word' id='word_1_25' title='bbox 164 706 344 774; x_wconf 85' lang='lat' dir='ltr'>beatitudine,</span> <span class='ocrx_word' id='word_1_26' title='bbox 359 706 498 766; x_wconf 82' lang='lat' dir='ltr'>leviorum</span> <span class='ocrx_word' id='word_1_27' title='bbox 513 707 658 783; x_wconf 84' lang='lat' dir='ltr'>culparum</span> <span class='ocrx_word' id='word_1_28' title='bbox 674 727 768 774; x_wconf 87' lang='lat' dir='ltr'>causa,</span> <span class='ocrx_word' id='word_1_29' title='bbox 785 726 841 766; x_wconf 93' lang='lat' dir='ltr'>non</span> <span class='ocrx_word' id='word_1_30' title='bbox 854 717 944 765; x_wconf 81' lang='lat' dir='ltr'>motat</span> <span class='ocrx_word' id='word_1_31' title='bbox 957 718 1063 766; x_wconf 87' lang='lat' dir='ltr'>statum</span> <span class='ocrx_word' id='word_1_32' title='bbox 1078 717 1262 785; x_wconf 88' lang='lat' dir='ltr'>perpetuum,</span> <span class='ocrx_word' id='word_1_33' title='bbox 1278 705 1328 779; x_wconf 76' lang='lat' dir='ltr'>qui</span> 
     </span>
     <span class='ocr_line' id='line_1_5' title="bbox 133 801 856 863; baseline -0.001 -1"><span class='ocrx_word' id='word_1_34' title='bbox 133 804 235 862; x_wconf 84' lang='lat' dir='ltr'>aoimae</span> <span class='ocrx_word' id='word_1_35' title='bbox 250 801 433 861; x_wconf 84' lang='lat' dir='ltr'>conditione</span> <span class='ocrx_word' id='word_1_36' title='bbox 426 821 455 860; x_wconf 89' lang='lat' dir='ltr'>ru</span> <span class='ocrx_word' id='word_1_37' title='bbox 471 802 534 860; x_wconf 82' lang='lat' dir='ltr'>vitae</span> <span class='ocrx_word' id='word_1_38' title='bbox 549 804 627 861; x_wconf 85' lang='lat' dir='ltr'>exitu</span> <span class='ocrx_word' id='word_1_39' title='bbox 643 803 856 863; x_wconf 82' lang='lat' dir='ltr'>determinatur.</span> 
     </span>
    </p>

    <p class='ocr_par' dir='ltr' id='par_1_3' title="bbox 133 898 1328 1172">
     <span class='ocr_line' id='line_1_6' title="bbox 174 898 1325 978; baseline 0 -20"><span class='ocrx_word' id='word_1_40' title='bbox 174 905 223 959; x_wconf 79' lang='lat'>46.</span> <span class='ocrx_word' id='word_1_41' title='bbox 250 898 315 978; x_wconf 75' lang='lat' dir='ltr'>obj.</span> <span class='ocrx_word' id='word_1_42' title='bbox 336 905 364 960; x_wconf 99' lang='grc'>3.</span> <span class='ocrx_word' id='word_1_43' title='bbox 387 898 578 959; x_wconf 79' lang='lat' dir='ltr'>Ecclesiastes</span> <span class='ocrx_word' id='word_1_44' title='bbox 602 901 707 977; x_wconf 90' lang='lat' dir='ltr'>pariter</span> <span class='ocrx_word' id='word_1_45' title='bbox 730 901 817 960; x_wconf 81' lang='lat' dir='ltr'>dicit:</span> <span class='ocrx_word' id='word_1_46' title='bbox 851 900 1124 975; x_wconf 80' lang='lat' dir='ltr'><strong>“Quodcumque</strong></span> <span class='ocrx_word' id='word_1_47' title='bbox 1121 918 1202 959; x_wconf 83' lang='lat' dir='ltr'>acere</span> <span class='ocrx_word' id='word_1_48' title='bbox 1229 910 1325 977; x_wconf 87' lang='lat' dir='ltr'>potest</span> 
     </span>
     <span class='ocr_line' id='line_1_7' title="bbox 134 999 1328 1076; baseline -0.003 -17"><span class='ocrx_word' id='word_1_49' title='bbox 134 1019 234 1059; x_wconf 88' lang='lat' dir='ltr'>manus</span> <span class='ocrx_word' id='word_1_50' title='bbox 250 1009 306 1066; x_wconf 85' lang='lat' dir='ltr'>tua,</span> <span class='ocrx_word' id='word_1_51' title='bbox 319 1000 455 1056; x_wconf 86' lang='lat' dir='ltr'>instanter</span> <span class='ocrx_word' id='word_1_52' title='bbox 469 1017 604 1074; x_wconf 90' lang='lat' dir='ltr'>operare:</span> <span class='ocrx_word' id='word_1_53' title='bbox 627 1000 694 1072; x_wconf 90' lang='lat' dir='ltr'>quia</span> <span class='ocrx_word' id='word_1_54' title='bbox 708 1018 761 1058; x_wconf 89' lang='lat' dir='ltr'>neo</span> <span class='ocrx_word' id='word_1_55' title='bbox 775 1020 859 1076; x_wconf 87' lang='lat' dir='ltr'>opus,</span> <span class='ocrx_word' id='word_1_56' title='bbox 874 1020 928 1060; x_wconf 87' lang='lat' dir='ltr'>neo</span> <span class='ocrx_word' id='word_1_57' title='bbox 943 1002 1024 1068; x_wconf 84' lang='lat' dir='ltr'>ratio,</span> <span class='ocrx_word' id='word_1_58' title='bbox 1039 1018 1093 1058; x_wconf 89' lang='lat' dir='ltr'>nee</span> <span class='ocrx_word' id='word_1_59' title='bbox 1107 999 1260 1075; x_wconf 78' lang='lat' dir='ltr'>sapientia,</span> <span class='ocrx_word' id='word_1_60' title='bbox 1274 1015 1328 1056; x_wconf 87' lang='lat' dir='ltr'>nee</span> 
     </span>
     <span class='ocr_line' id='line_1_8' title="bbox 133 1093 884 1172; baseline -0.001 -18"><span class='ocrx_word' id='word_1_61' title='bbox 133 1095 252 1154; x_wconf 86' lang='lat' dir='ltr'>seientia</span> <span class='ocrx_word' id='word_1_62' title='bbox 266 1104 348 1151; x_wconf 88' lang='lat' dir='ltr'>arunt</span> <span class='ocrx_word' id='word_1_63' title='bbox 361 1093 435 1170; x_wconf 89' lang='lat' dir='ltr'>apud</span> <span class='ocrx_word' id='word_1_64' title='bbox 451 1093 569 1161; x_wconf 85' lang='lat' dir='ltr'>inseras,</span> <span class='ocrx_word' id='word_1_65' title='bbox 584 1113 641 1166; x_wconf 87' lang='lat' dir='ltr'>quo</span> <span class='ocrx_word' id='word_1_66' title='bbox 656 1107 684 1151; x_wconf 89' lang='lat' dir='ltr'>tu</span> <span class='ocrx_word' id='word_1_67' title='bbox 700 1096 884 1172; x_wconf 82' lang='lat' dir='ltr'>properan.’&#39;1</span> 
     </span>
    </p>

    <p class='ocr_par' dir='ltr' id='par_1_4' title="bbox 127 1189 1331 1849">
     <span class='ocr_line' id='line_1_9' title="bbox 171 1189 1331 1268; baseline -0.001 -20"><span class='ocrx_word' id='word_1_68' title='bbox 171 1189 261 1268; x_wconf 82' lang='lat' dir='ltr'>Rasp.</span> <span class='ocrx_word' id='word_1_69' title='bbox 285 1190 387 1248; x_wconf 84' lang='lat' dir='ltr'>Verbis</span> <span class='ocrx_word' id='word_1_70' title='bbox 409 1189 441 1247; x_wconf 88' lang='lat' dir='ltr'>S.</span> <span class='ocrx_word' id='word_1_71' title='bbox 459 1189 592 1265; x_wconf 82' lang='lat' dir='ltr'>Gregorii</span> <span class='ocrx_word' id='word_1_72' title='bbox 617 1190 669 1247; x_wconf 86' lang='lat' dir='ltr'>M:</span> <span class='ocrx_word' id='word_1_73' title='bbox 694 1200 713 1227; x_wconf 80' lang='lat'>‘⁶</span> <span class='ocrx_word' id='word_1_74' title='bbox 727 1192 864 1250; x_wconf 85' lang='lat' dir='ltr'>Salomon</span> <span class='ocrx_word' id='word_1_75' title='bbox 887 1191 972 1250; x_wconf 84' lang='lat' dir='ltr'>dicit:</span> <span class='ocrx_word' id='word_1_76' title='bbox 1003 1189 1206 1264; x_wconf 83' lang='lat' dir='ltr'>quodcumque</span> <span class='ocrx_word' id='word_1_77' title='bbox 1234 1196 1331 1264; x_wconf 82' lang='lat' dir='ltr'>potest</span> 
     </span>
     <span class='ocr_line' id='line_1_10' title="bbox 132 1283 1328 1364; baseline -0.005 -17"><span class='ocrx_word' id='word_1_78' title='bbox 132 1289 224 1347; x_wconf 85' lang='lat' dir='ltr'>lanera</span> <span class='ocrx_word' id='word_1_79' title='bbox 248 1306 350 1346; x_wconf 84' lang='lat' dir='ltr'>manua</span> <span class='ocrx_word' id='word_1_80' title='bbox 376 1299 432 1354; x_wconf 84' lang='lat' dir='ltr'>tua,</span> <span class='ocrx_word' id='word_1_81' title='bbox 457 1287 595 1344; x_wconf 81' lang='lat' dir='ltr'>instanter</span> <span class='ocrx_word' id='word_1_82' title='bbox 618 1305 746 1363; x_wconf 83' lang='lat' dir='ltr'>operare,</span> <span class='ocrx_word' id='word_1_83' title='bbox 762 1289 903 1360; x_wconf 75' lang='lat' dir='ltr'>quie&#39;nee</span> <span class='ocrx_word' id='word_1_84' title='bbox 927 1307 1011 1364; x_wconf 89' lang='lat' dir='ltr'>opus,</span> <span class='ocrx_word' id='word_1_85' title='bbox 1028 1285 1167 1345; x_wconf 79' lang='lat' dir='ltr'>usuratio</span> <span class='ocrx_word' id='word_1_86' title='bbox 1188 1294 1236 1343; x_wconf 88' lang='lat' dir='ltr'>est</span> <span class='ocrx_word' id='word_1_87' title='bbox 1250 1283 1328 1361; x_wconf 92' lang='lat' dir='ltr'>apud</span> 
     </span>
     <span class='ocr_line' id='line_1_11' title="bbox 132 1380 1331 1459; baseline -0.003 -17"><span class='ocrx_word' id='word_1_88' title='bbox 132 1385 248 1442; x_wconf 78' lang='lat' dir='ltr'>inferos.</span> <span class='ocrx_word' id='word_1_89' title='bbox 290 1383 339 1441; x_wconf 84' lang='lat' dir='ltr'>Ex</span> <span class='ocrx_word' id='word_1_90' title='bbox 354 1381 456 1455; x_wconf 88' lang='lat' dir='ltr'>quibus</span> <span class='ocrx_word' id='word_1_91' title='bbox 479 1392 598 1449; x_wconf 85' lang='lat' dir='ltr'>constat,</span> <span class='ocrx_word' id='word_1_92' title='bbox 614 1383 680 1454; x_wconf 85' lang='lat' dir='ltr'>qnia</span> <span class='ocrx_word' id='word_1_93' title='bbox 700 1383 791 1456; x_wconf 91' lang='lat' dir='ltr'>qualis</span> <span class='ocrx_word' id='word_1_94' title='bbox 814 1384 880 1441; x_wconf 88' lang='lat' dir='ltr'>bine</span> <span class='ocrx_word' id='word_1_95' title='bbox 902 1381 1047 1459; x_wconf 84' lang='lat' dir='ltr'>egreditur</span> <span class='ocrx_word' id='word_1_96' title='bbox 1061 1381 1194 1455; x_wconf 85' lang='lat' dir='ltr'>quisque,</span> <span class='ocrx_word' id='word_1_97' title='bbox 1211 1380 1277 1438; x_wconf 85' lang='lat' dir='ltr'>talis</span> <span class='ocrx_word' id='word_1_98' title='bbox 1300 1380 1331 1438; x_wconf 88' lang='lat' dir='ltr'>iu</span> 
     </span>
     <span class='ocr_line' id='line_1_12' title="bbox 128 1479 1328 1558; baseline -0.004 -18"><span class='ocrx_word' id='word_1_99' title='bbox 128 1482 240 1558; x_wconf 78' lang='lat' dir='ltr'>judicio</span> <span class='ocrx_word' id='word_1_100' title='bbox 264 1489 456 1558; x_wconf 81' lang='lat' dir='ltr'>praesentatur.</span> <span class='ocrx_word' id='word_1_101' title='bbox 499 1479 557 1536; x_wconf 86' lang='lat' dir='ltr'>Sed</span> <span class='ocrx_word' id='word_1_102' title='bbox 579 1491 673 1538; x_wconf 87' lang='lat' dir='ltr'>tamen</span> <span class='ocrx_word' id='word_1_103' title='bbox 688 1480 723 1538; x_wconf 87' lang='lat' dir='ltr'>de</span> <span class='ocrx_word' id='word_1_104' title='bbox 746 1481 916 1554; x_wconf 89' lang='lat' dir='ltr'>quibusdem</span> <span class='ocrx_word' id='word_1_105' title='bbox 939 1482 1049 1539; x_wconf 85' lang='lat' dir='ltr'>levibus</span> <span class='ocrx_word' id='word_1_106' title='bbox 1069 1479 1162 1555; x_wconf 90' lang='lat' dir='ltr'>oulpis</span> <span class='ocrx_word' id='word_1_107' title='bbox 1177 1496 1245 1536; x_wconf 85' lang='lat' dir='ltr'>esse</span> <span class='ocrx_word' id='word_1_108' title='bbox 1261 1487 1328 1536; x_wconf 85' lang='lat' dir='ltr'>ants</span> 
     </span>
     <span class='ocr_line' id='line_1_13' title="bbox 127 1574 1331 1656; baseline -0.005 -18"><span class='ocrx_word' id='word_1_109' title='bbox 127 1579 268 1656; x_wconf 82' lang='lat' dir='ltr'>judicium</span> <span class='ocrx_word' id='word_1_110' title='bbox 283 1577 461 1655; x_wconf 82' lang='lat' dir='ltr'>purgatorius</span> <span class='ocrx_word' id='word_1_111' title='bbox 476 1577 551 1655; x_wconf 83' lang='lat' dir='ltr'>ignis</span> <span class='ocrx_word' id='word_1_112' title='bbox 572 1577 729 1636; x_wconf 84' lang='lat' dir='ltr'>credendus</span> <span class='ocrx_word' id='word_1_113' title='bbox 741 1588 794 1637; x_wconf 85' lang='lat' dir='ltr'>est.</span> <span class='ocrx_word' id='word_1_114' title='bbox 819 1621 825 1637; x_wconf 92' lang='lat'><em>.</em></span> <span class='ocrx_word' id='word_1_115' title='bbox 852 1621 860 1637; x_wconf 90' lang='lat'><strong><em>.</em></strong></span> <span class='ocrx_word' id='word_1_116' title='bbox 884 1621 892 1637; x_wconf 90' lang='lat'><strong><em>.</em></strong></span> <span class='ocrx_word' id='word_1_117' title='bbox 917 1578 982 1637; x_wconf 89' lang='lat' dir='ltr'>Hoe</span> <span class='ocrx_word' id='word_1_118' title='bbox 997 1591 1093 1636; x_wconf 89' lang='lat' dir='ltr'>tamen</span> <span class='ocrx_word' id='word_1_119' title='bbox 1105 1574 1257 1634; x_wconf 80' lang='lat' dir='ltr'>sciendum</span> <span class='ocrx_word' id='word_1_120' title='bbox 1273 1584 1331 1643; x_wconf 54' lang='lat' dir='ltr'>esta</span> 
     </span>
     <span class='ocr_line' id='line_1_14' title="bbox 132 1671 1331 1751; baseline -0.002 -19"><span class='ocrx_word' id='word_1_121' title='bbox 132 1676 199 1748; x_wconf 89' lang='lat' dir='ltr'>quia</span> <span class='ocrx_word' id='word_1_122' title='bbox 213 1674 271 1731; x_wconf 91' lang='lat' dir='ltr'>illie</span> <span class='ocrx_word' id='word_1_123' title='bbox 285 1673 386 1731; x_wconf 87' lang='lat' dir='ltr'>saltem</span> <span class='ocrx_word' id='word_1_124' title='bbox 399 1672 435 1731; x_wconf 90' lang='lat' dir='ltr'>de</span> <span class='ocrx_word' id='word_1_125' title='bbox 455 1674 581 1732; x_wconf 89' lang='lat' dir='ltr'>minimis</span> <span class='ocrx_word' id='word_1_126' title='bbox 596 1674 667 1732; x_wconf 89' lang='lat' dir='ltr'>nihil</span> <span class='ocrx_word' id='word_1_127' title='bbox 680 1675 802 1746; x_wconf 88' lang='lat' dir='ltr'>quiaque</span> <span class='ocrx_word' id='word_1_128' title='bbox 817 1675 994 1751; x_wconf 81' lang='lat' dir='ltr'>purgationis</span> <span class='ocrx_word' id='word_1_129' title='bbox 1009 1673 1157 1740; x_wconf 88' lang='lat' dir='ltr'>obtinebit,</span> <span class='ocrx_word' id='word_1_130' title='bbox 1173 1671 1230 1730; x_wconf 87' lang='lat' dir='ltr'>uisi</span> <span class='ocrx_word' id='word_1_131' title='bbox 1245 1672 1331 1730; x_wconf 85' lang='lat' dir='ltr'>bonis</span> 
     </span>
     <span class='ocr_line' id='line_1_15' title="bbox 136 1769 1104 1849; baseline 0 -20"><span class='ocrx_word' id='word_1_132' title='bbox 136 1771 256 1839; x_wconf 84' lang='lat' dir='ltr'>aeribus,</span> <span class='ocrx_word' id='word_1_133' title='bbox 272 1771 301 1828; x_wconf 88' lang='lat' dir='ltr'>in</span> <span class='ocrx_word' id='word_1_134' title='bbox 315 1770 369 1828; x_wconf 86' lang='lat' dir='ltr'>hac</span> <span class='ocrx_word' id='word_1_135' title='bbox 383 1772 440 1828; x_wconf 89' lang='lat' dir='ltr'>vita</span> <span class='ocrx_word' id='word_1_136' title='bbox 456 1773 579 1847; x_wconf 87' lang='lat' dir='ltr'>positus,</span> <span class='ocrx_word' id='word_1_137' title='bbox 594 1782 626 1829; x_wconf 89' lang='lat' dir='ltr'>ut</span> <span class='ocrx_word' id='word_1_138' title='bbox 639 1771 698 1829; x_wconf 90' lang='lat' dir='ltr'>illio</span> <span class='ocrx_word' id='word_1_139' title='bbox 711 1771 844 1836; x_wconf 84' lang='lat' dir='ltr'>obtineat,</span> <span class='ocrx_word' id='word_1_140' title='bbox 861 1769 1104 1849; x_wconf 74' lang='lat' dir='ltr'>promereatur.&#39;’²</span> 
     </span>
    </p>

    <p class='ocr_par' dir='ltr' id='par_1_5' title="bbox 133 1864 1330 2229">
     <span class='ocr_line' id='line_1_16' title="bbox 171 1864 1329 1946; baseline 0 -20"><span class='ocrx_word' id='word_1_141' title='bbox 171 1873 221 1928; x_wconf 84' lang='grc'>47.</span> <span class='ocrx_word' id='word_1_142' title='bbox 246 1867 313 1946; x_wconf 74' lang='lat' dir='ltr'>obj,</span> <span class='ocrx_word' id='word_1_143' title='bbox 328 1871 357 1925; x_wconf 89' lang='grc'>4.</span> <span class='ocrx_word' id='word_1_144' title='bbox 380 1868 514 1927; x_wconf 83' lang='lat' dir='ltr'>Christus</span> <span class='ocrx_word' id='word_1_145' title='bbox 530 1868 615 1927; x_wconf 88' lang='lat' dir='ltr'>vitam</span> <span class='ocrx_word' id='word_1_146' title='bbox 631 1879 764 1929; x_wconf 84' lang='lat' dir='ltr'>aeternam</span> <span class='ocrx_word' id='word_1_147' title='bbox 786 1868 894 1942; x_wconf 81' lang='lat' dir='ltr'>absque</span> <span class='ocrx_word' id='word_1_148' title='bbox 908 1868 966 1926; x_wconf 92' lang='lat' dir='ltr'>ulle</span> <span class='ocrx_word' id='word_1_149' title='bbox 979 1867 1086 1944; x_wconf 81' lang='lat' dir='ltr'>praevia</span> <span class='ocrx_word' id='word_1_150' title='bbox 1105 1885 1190 1944; x_wconf 86' lang='lat' dir='ltr'>poena</span> <span class='ocrx_word' id='word_1_151' title='bbox 1204 1864 1329 1927; x_wconf 72' lang='lat' dir='ltr'>dandam</span> 
     </span>
     <span class='ocr_line' id='line_1_17' title="bbox 133 1964 1330 2038; baseline 0 -15"><span class='ocrx_word' id='word_1_152' title='bbox 133 1965 202 2024; x_wconf 86' lang='lat' dir='ltr'>dicit</span> <span class='ocrx_word' id='word_1_153' title='bbox 223 1965 423 2023; x_wconf 84' lang='lat' dir='ltr'>credentibus:</span> <span class='ocrx_word' id='word_1_154' title='bbox 448 1965 582 2032; x_wconf 79' lang='lat' dir='ltr'>“Amen,</span> <span class='ocrx_word' id='word_1_155' title='bbox 597 1966 702 2032; x_wconf 84' lang='lat' dir='ltr'>Amen,</span> <span class='ocrx_word' id='word_1_156' title='bbox 723 1964 788 2023; x_wconf 87' lang='lat' dir='ltr'>dieo</span> <span class='ocrx_word' id='word_1_157' title='bbox 809 1965 900 2032; x_wconf 82' lang='lat' dir='ltr'>robis,</span> <span class='ocrx_word' id='word_1_158' title='bbox 922 1965 989 2037; x_wconf 87' lang='lat' dir='ltr'>quia</span> <span class='ocrx_word' id='word_1_159' title='bbox 1012 1964 1062 2038; x_wconf 93' lang='lat' dir='ltr'>qui</span> <span class='ocrx_word' id='word_1_160' title='bbox 1087 1965 1205 2021; x_wconf 86' lang='lat' dir='ltr'>verbum</span> <span class='ocrx_word' id='word_1_161' title='bbox 1231 1980 1330 2023; x_wconf 88' lang='lat' dir='ltr'>meum</span> 
     </span>
     <span class='ocr_line' id='line_1_18' title="bbox 134 2060 1329 2138; baseline -0.003 -15"><span class='ocrx_word' id='word_1_162' title='bbox 134 2063 222 2132; x_wconf 86' lang='lat' dir='ltr'>audit,</span> <span class='ocrx_word' id='word_1_163' title='bbox 237 2074 265 2122; x_wconf 86' lang='lat' dir='ltr'>et</span> <span class='ocrx_word' id='word_1_164' title='bbox 279 2063 369 2121; x_wconf 88' lang='lat' dir='ltr'>eradit</span> <span class='ocrx_word' id='word_1_165' title='bbox 382 2064 409 2121; x_wconf 92' lang='lat' dir='ltr'>ei</span> <span class='ocrx_word' id='word_1_166' title='bbox 424 2064 474 2136; x_wconf 91' lang='lat' dir='ltr'>qui</span> <span class='ocrx_word' id='word_1_167' title='bbox 490 2064 568 2121; x_wconf 83' lang='lat' dir='ltr'>misit</span> <span class='ocrx_word' id='word_1_168' title='bbox 582 2082 638 2132; x_wconf 89' lang='lat' dir='ltr'>me,</span> <span class='ocrx_word' id='word_1_169' title='bbox 653 2063 738 2121; x_wconf 88' lang='lat' dir='ltr'>habat</span> <span class='ocrx_word' id='word_1_170' title='bbox 752 2065 837 2122; x_wconf 85' lang='lat' dir='ltr'>vitam</span> <span class='ocrx_word' id='word_1_171' title='bbox 853 2074 997 2131; x_wconf 74' lang='lat' dir='ltr'>eternam,</span> <span class='ocrx_word' id='word_1_172' title='bbox 1013 2072 1041 2120; x_wconf 90' lang='lat' dir='ltr'>at</span> <span class='ocrx_word' id='word_1_173' title='bbox 1061 2063 1090 2120; x_wconf 88' lang='lat' dir='ltr'>in</span> <span class='ocrx_word' id='word_1_174' title='bbox 1109 2060 1256 2138; x_wconf 81' lang='lat' dir='ltr'>judicium</span> <span class='ocrx_word' id='word_1_175' title='bbox 1270 2072 1329 2120; x_wconf 83' lang='lat' dir='ltr'>ndu</span> 
     </span>
     <span class='ocr_line' id='line_1_19' title="bbox 133 2160 725 2229; baseline 0.002 -11"><span class='ocrx_word' id='word_1_176' title='bbox 133 2163 220 2229; x_wconf 89' lang='lat' dir='ltr'>venit,</span> <span class='ocrx_word' id='word_1_177' title='bbox 232 2162 283 2220; x_wconf 86' lang='lat' dir='ltr'>sed</span> <span class='ocrx_word' id='word_1_178' title='bbox 297 2161 397 2225; x_wconf 83' lang='lat' dir='ltr'>transit</span> <span class='ocrx_word' id='word_1_179' title='bbox 410 2181 427 2221; x_wconf 87' lang='lat' dir='ltr'>a</span> <span class='ocrx_word' id='word_1_180' title='bbox 440 2172 531 2223; x_wconf 88' lang='lat' dir='ltr'>morte</span> <span class='ocrx_word' id='word_1_181' title='bbox 546 2162 574 2219; x_wconf 89' lang='lat' dir='ltr'>iu</span> <span class='ocrx_word' id='word_1_182' title='bbox 590 2160 725 2221; x_wconf 73' lang='grc'>1111111.”8</span> 
     </span>
    </p>

    <p class='ocr_par' dir='ltr' id='par_1_6' title="bbox 133 2255 1332 2723">
     <span class='ocr_line' id='line_1_20' title="bbox 172 2255 1329 2336; baseline -0.002 -20"><span class='ocrx_word' id='word_1_183' title='bbox 172 2257 262 2336; x_wconf 81' lang='lat' dir='ltr'>Hesp.</span> <span class='ocrx_word' id='word_1_184' title='bbox 284 2256 324 2316; x_wconf 87' lang='lat' dir='ltr'>Iis</span> <span class='ocrx_word' id='word_1_185' title='bbox 339 2258 432 2316; x_wconf 84' lang='lat' dir='ltr'>verbis</span> <span class='ocrx_word' id='word_1_186' title='bbox 447 2257 604 2317; x_wconf 84' lang='lat' dir='ltr'>declaratur</span> <span class='ocrx_word' id='word_1_187' title='bbox 617 2258 704 2317; x_wconf 90' lang='lat' dir='ltr'>fidem</span> <span class='ocrx_word' id='word_1_188' title='bbox 718 2278 782 2317; x_wconf 88' lang='lat' dir='ltr'>esse</span> <span class='ocrx_word' id='word_1_189' title='bbox 795 2261 859 2317; x_wconf 80' lang='lat' dir='ltr'>vitae</span> <span class='ocrx_word' id='word_1_190' title='bbox 874 2268 985 2316; x_wconf 81' lang='lat' dir='ltr'>aeternae</span> <span class='ocrx_word' id='word_1_191' title='bbox 999 2257 1185 2335; x_wconf 88' lang='lat' dir='ltr'>principium,</span> <span class='ocrx_word' id='word_1_192' title='bbox 1201 2255 1275 2316; x_wconf 86' lang='lat' dir='ltr'>adeo</span> <span class='ocrx_word' id='word_1_193' title='bbox 1297 2265 1329 2315; x_wconf 84' lang='lat' dir='ltr'>ut</span> 
     </span>
     <span class='ocr_line' id='line_1_21' title="bbox 133 2352 1326 2432; baseline -0.003 -19"><span class='ocrx_word' id='word_1_194' title='bbox 133 2355 252 2413; x_wconf 88' lang='lat' dir='ltr'>eredens</span> <span class='ocrx_word' id='word_1_195' title='bbox 278 2353 488 2414; x_wconf 86' lang='lat' dir='ltr'>damnationem</span> <span class='ocrx_word' id='word_1_196' title='bbox 515 2375 600 2428; x_wconf 88' lang='lat' dir='ltr'>quam</span> <span class='ocrx_word' id='word_1_197' title='bbox 626 2356 770 2432; x_wconf 80' lang='lat' dir='ltr'>peccando</span> <span class='ocrx_word' id='word_1_198' title='bbox 791 2364 930 2414; x_wconf 89' lang='lat' dir='ltr'>meruerat</span> <span class='ocrx_word' id='word_1_199' title='bbox 951 2354 1079 2432; x_wconf 86' lang='lat' dir='ltr'>effugiet,</span> <span class='ocrx_word' id='word_1_200' title='bbox 1095 2362 1123 2411; x_wconf 89' lang='lat' dir='ltr'>et</span> <span class='ocrx_word' id='word_1_201' title='bbox 1143 2373 1160 2410; x_wconf 90' lang='lat' dir='ltr'>a</span> <span class='ocrx_word' id='word_1_202' title='bbox 1181 2361 1274 2411; x_wconf 84' lang='lat' dir='ltr'>morte</span> <span class='ocrx_word' id='word_1_203' title='bbox 1295 2352 1326 2410; x_wconf 92' lang='lat' dir='ltr'>in</span> 
     </span>
     <span class='ocr_line' id='line_1_22' title="bbox 134 2446 1331 2530; baseline -0.003 -20"><span class='ocrx_word' id='word_1_204' title='bbox 134 2454 219 2511; x_wconf 90' lang='lat' dir='ltr'>vitam</span> <span class='ocrx_word' id='word_1_205' title='bbox 236 2462 366 2509; x_wconf 85' lang='lat' dir='ltr'>trauseat.</span> <span class='ocrx_word' id='word_1_206' title='bbox 409 2451 455 2510; x_wconf 88' lang='lat' dir='ltr'>De</span> <span class='ocrx_word' id='word_1_207' title='bbox 469 2452 525 2510; x_wconf 89' lang='lat' dir='ltr'>fide</span> <span class='ocrx_word' id='word_1_208' title='bbox 537 2471 593 2525; x_wconf 86' lang='lat' dir='ltr'>qua</span> <span class='ocrx_word' id='word_1_209' title='bbox 604 2454 669 2526; x_wconf 89' lang='lat' dir='ltr'>quis</span> <span class='ocrx_word' id='word_1_210' title='bbox 683 2454 716 2511; x_wconf 89' lang='lat' dir='ltr'>ad</span> <span class='ocrx_word' id='word_1_211' title='bbox 733 2454 928 2530; x_wconf 77' lang='lat' dir='ltr'>poenitentiam</span> <span class='ocrx_word' id='word_1_212' title='bbox 944 2463 1073 2511; x_wconf 89' lang='lat' dir='ltr'>movetur</span> <span class='ocrx_word' id='word_1_213' title='bbox 1088 2450 1224 2508; x_wconf 82' lang='lat' dir='ltr'>Christus</span> <span class='ocrx_word' id='word_1_214' title='bbox 1238 2446 1331 2525; x_wconf 85' lang='lat' dir='ltr'>loqui·</span> 
     </span>
     <span class='ocr_line' id='line_1_23' title="bbox 133 2547 1332 2630; baseline 0 -22"><span class='ocrx_word' id='word_1_215' title='bbox 133 2562 186 2618; x_wconf 90' lang='lat' dir='ltr'>tur,</span> <span class='ocrx_word' id='word_1_216' title='bbox 202 2552 322 2627; x_wconf 88' lang='lat' dir='ltr'>ejusque</span> <span class='ocrx_word' id='word_1_217' title='bbox 337 2549 464 2630; x_wconf 85' lang='lat' dir='ltr'>explieat</span> <span class='ocrx_word' id='word_1_218' title='bbox 478 2551 621 2618; x_wconf 88' lang='lat' dir='ltr'>virtutem,</span> <span class='ocrx_word' id='word_1_219' title='bbox 638 2553 707 2624; x_wconf 91' lang='lat' dir='ltr'>quin</span> <span class='ocrx_word' id='word_1_220' title='bbox 723 2562 808 2629; x_wconf 85' lang='lat' dir='ltr'>neget</span> <span class='ocrx_word' id='word_1_221' title='bbox 821 2551 949 2610; x_wconf 87' lang='lat' dir='ltr'>eredenti</span> <span class='ocrx_word' id='word_1_222' title='bbox 962 2552 1048 2610; x_wconf 86' lang='lat' dir='ltr'>etiarn</span> <span class='ocrx_word' id='word_1_223' title='bbox 1062 2569 1162 2629; x_wconf 87' lang='lat' dir='ltr'>poenas</span> <span class='ocrx_word' id='word_1_224' title='bbox 1178 2547 1332 2624; x_wconf 86' lang='lat' dir='ltr'>aliquande</span> 
     </span>
     <span class='ocr_line' id='line_1_24' title="bbox 134 2638 1272 2723; baseline -0.002 -18"><span class='ocrx_word' id='word_1_225' title='bbox 134 2647 261 2723; x_wconf 85' lang='lat' dir='ltr'>irrogari.</span> <span class='ocrx_word' id='word_1_226' title='bbox 1269 2638 1272 2645; x_wconf 74' lang='grc'><strong>’</strong></span> 
     </span>
    </p>

    <p class='ocr_par' dir='ltr' id='par_1_7' title="bbox 134 2738 1338 3100">
     <span class='ocr_line' id='line_1_25' title="bbox 172 2738 1338 2825; baseline 0.002 -22"><span class='ocrx_word' id='word_1_227' title='bbox 172 2751 222 2805; x_wconf 84' lang='grc'>48.</span> <span class='ocrx_word' id='word_1_228' title='bbox 246 2744 490 2825; x_wconf 51' lang='grc'><strong>0111113111</strong></span> <span class='ocrx_word' id='word_1_229' title='bbox 516 2749 620 2808; x_wconf 85' lang='lat' dir='ltr'>mortui</span> <span class='ocrx_word' id='word_1_230' title='bbox 646 2749 695 2823; x_wconf 91' lang='lat' dir='ltr'>qui</span> <span class='ocrx_word' id='word_1_231' title='bbox 720 2749 751 2807; x_wconf 91' lang='lat' dir='ltr'>in</span> <span class='ocrx_word' id='word_1_232' title='bbox 773 2748 902 2811; x_wconf 87' lang='lat' dir='ltr'>Domino</span> <span class='ocrx_word' id='word_1_233' title='bbox 926 2748 1096 2808; x_wconf 88' lang='lat' dir='ltr'>moriuntur.</span> <span class='ocrx_word' id='word_1_234' title='bbox 1136 2745 1253 2806; x_wconf 85' lang='lat' dir='ltr'>Amodo</span> <span class='ocrx_word' id='word_1_235' title='bbox 1269 2738 1338 2824; x_wconf 64' lang='lat' dir='ltr'>jam?</span> 
     </span>
     <span class='ocr_line' id='line_1_26' title="bbox 135 2845 1331 2925; baseline 0.002 -22"><span class='ocrx_word' id='word_1_236' title='bbox 135 2846 203 2904; x_wconf 85' lang='lat' dir='ltr'>dicit</span> <span class='ocrx_word' id='word_1_237' title='bbox 217 2846 352 2921; x_wconf 86' lang='lat' dir='ltr'>Spiritus,</span> <span class='ocrx_word' id='word_1_238' title='bbox 364 2859 393 2904; x_wconf 88' lang='lat' dir='ltr'>ut</span> <span class='ocrx_word' id='word_1_239' title='bbox 404 2847 585 2925; x_wconf 88' lang='lat' dir='ltr'>requiesoant</span> <span class='ocrx_word' id='word_1_240' title='bbox 599 2848 768 2907; x_wconf 84' lang='lat' dir='ltr'>alaboribus</span> <span class='ocrx_word' id='word_1_241' title='bbox 783 2849 865 2907; x_wconf 86' lang='lat' dir='ltr'>suis:</span> <span class='ocrx_word' id='word_1_242' title='bbox 888 2866 975 2925; x_wconf 89' lang='lat' dir='ltr'>opera</span> <span class='ocrx_word' id='word_1_243' title='bbox 989 2849 1066 2906; x_wconf 90' lang='lat' dir='ltr'>enim</span> <span class='ocrx_word' id='word_1_244' title='bbox 1078 2845 1331 2920; x_wconf 86' lang='lat' dir='ltr'>illorumsequua·</span> 
     </span>
     <span class='ocr_line' id='line_1_27' title="bbox 134 2940 1328 3024; baseline 0.001 -24"><span class='ocrx_word' id='word_1_245' title='bbox 134 2955 179 3002; x_wconf 89' lang='lat' dir='ltr'>tur</span> <span class='ocrx_word' id='word_1_246' title='bbox 193 2942 307 3001; x_wconf 86' lang='lat' dir='ltr'>illos.”⁴</span> <span class='ocrx_word' id='word_1_247' title='bbox 335 2944 416 3004; x_wconf 90' lang='lat' dir='ltr'>&#39;Non</span> <span class='ocrx_word' id='word_1_248' title='bbox 431 2945 469 3003; x_wconf 89' lang='lat' dir='ltr'>ita</span> <span class='ocrx_word' id='word_1_249' title='bbox 482 2944 560 3024; x_wconf 89' lang='lat' dir='ltr'>apud</span> <span class='ocrx_word' id='word_1_250' title='bbox 574 2944 741 3006; x_wconf 81' lang='lat' dir='ltr'>Catholicae</span> <span class='ocrx_word' id='word_1_251' title='bbox 756 2945 806 3020; x_wconf 93' lang='lat' dir='ltr'>qui</span> <span class='ocrx_word' id='word_1_252' title='bbox 826 2964 876 3005; x_wconf 87' lang='lat' dir='ltr'>eoa</span> <span class='ocrx_word' id='word_1_253' title='bbox 891 2946 957 3023; x_wconf 84' lang='lat' dir='ltr'>igne</span> <span class='ocrx_word' id='word_1_254' title='bbox 978 2945 1143 3023; x_wconf 85' lang='lat' dir='ltr'>purgatorio</span> <span class='ocrx_word' id='word_1_255' title='bbox 1156 2940 1328 3004; x_wconf 78' lang='lat' dir='ltr'>cruciandae</span> 
     </span>
     <span class='ocr_line' id='line_1_28' title="bbox 135 3040 262 3100; baseline 0 -1"><span class='ocrx_word' id='word_1_256' title='bbox 135 3040 262 3100; x_wconf 85' lang='lat' dir='ltr'>eredunt.</span> 
     </span>
    </p>

    <p class='ocr_par' dir='ltr' id='par_1_8' title="bbox 131 3138 1333 3413">
     <span class='ocr_line' id='line_1_29' title="bbox 170 3138 1333 3220; baseline -0.001 -22"><span class='ocrx_word' id='word_1_257' title='bbox 170 3138 259 3218; x_wconf 83' lang='lat' dir='ltr'>Raep.</span> <span class='ocrx_word' id='word_1_258' title='bbox 283 3139 327 3198; x_wconf 91' lang='lat' dir='ltr'>De</span> <span class='ocrx_word' id='word_1_259' title='bbox 345 3143 516 3220; x_wconf 81' lang='lat' dir='ltr'>martyribus</span> <span class='ocrx_word' id='word_1_260' title='bbox 528 3142 652 3216; x_wconf 85' lang='lat' dir='ltr'>loquitur</span> <span class='ocrx_word' id='word_1_261' title='bbox 667 3143 812 3201; x_wconf 79' lang='lat' dir='ltr'>loannes:</span> <span class='ocrx_word' id='word_1_262' title='bbox 834 3141 924 3204; x_wconf 86' lang='lat' dir='ltr'>“Hie</span> <span class='ocrx_word' id='word_1_263' title='bbox 940 3141 1078 3219; x_wconf 85' lang='lat' dir='ltr'>patientia</span> <span class='ocrx_word' id='word_1_264' title='bbox 1096 3149 1263 3199; x_wconf 82' lang='lat' dir='ltr'>sanatorum</span> <span class='ocrx_word' id='word_1_265' title='bbox 1277 3149 1333 3207; x_wconf 78' lang='lat' dir='ltr'>est,</span> 
     </span>
     <span class='ocr_line' id='line_1_30' title="bbox 133 3237 1333 3316; baseline 0 -20"><span class='ocrx_word' id='word_1_266' title='bbox 133 3237 355 3312; x_wconf 88' lang='lat' dir='ltr'>qureustodiunt</span> <span class='ocrx_word' id='word_1_267' title='bbox 367 3240 497 3298; x_wconf 87' lang='lat' dir='ltr'>mandata</span> <span class='ocrx_word' id='word_1_268' title='bbox 508 3238 565 3298; x_wconf 86' lang='lat' dir='ltr'>Dei</span> <span class='ocrx_word' id='word_1_269' title='bbox 576 3241 701 3302; x_wconf 80' lang='lat' dir='ltr'>attidem</span> <span class='ocrx_word' id='word_1_270' title='bbox 712 3241 795 3303; x_wconf 87' lang='lat' dir='ltr'>Jeau</span> <span class='ocrx_word' id='word_1_271' title='bbox 795 3241 825 3279; x_wconf 56' lang='grc' dir='ltr'>δ”</span> <span class='ocrx_word' id='word_1_272' title='bbox 845 3240 959 3300; x_wconf 88' lang='lat' dir='ltr'>Bezaid</span> <span class='ocrx_word' id='word_1_273' title='bbox 972 3241 1082 3298; x_wconf 81' lang='lat' dir='ltr'>fatetur.</span> <span class='ocrx_word' id='word_1_274' title='bbox 1105 3237 1272 3297; x_wconf 78' lang='lat' dir='ltr'>Caeterum&#39;</span> <span class='ocrx_word' id='word_1_275' title='bbox 1260 3238 1333 3316; x_wconf 75' lang='lat' dir='ltr'>justi</span> 
     </span>
     <span class='ocr_line' id='line_1_31' title="bbox 93 3335 1333 3413; baseline 0.001 -20.032"><span class='ocrx_word' id='word_1_276' title='bbox 93 3354 233 3394; x_wconf 87' lang='lat' dir='ltr'>omnes</span> <span class='ocrx_word' id='word_1_277' title='bbox 250 3356 266 3393; x_wconf 91' lang='lat' dir='ltr'>a</span> <span class='ocrx_word' id='word_1_278' title='bbox 279 3335 422 3394; x_wconf 77' lang='lat' dir='ltr'>laboribus</span> <span class='ocrx_word' id='word_1_279' title='bbox 432 3336 519 3413; x_wconf 89' lang='lat' dir='ltr'>hujus</span> <span class='ocrx_word' id='word_1_280' title='bbox 531 3338 594 3395; x_wconf 74' lang='lat' dir='ltr'>vitre</span> <span class='ocrx_word' id='word_1_281' title='bbox 607 3340 760 3396; x_wconf 89' lang='lat' dir='ltr'>morientes</span> <span class='ocrx_word' id='word_1_282' title='bbox 776 3339 969 3412; x_wconf 78' lang='lat' dir='ltr'>requiescunt,</span> <span class='ocrx_word' id='word_1_283' title='bbox 980 3337 1111 3412; x_wconf 85' lang='lat' dir='ltr'>quemvis</span> <span class='ocrx_word' id='word_1_284' title='bbox 1127 3354 1185 3394; x_wconf 90' lang='lat' dir='ltr'>non</span> <span class='ocrx_word' id='word_1_285' title='bbox 1195 3336 1333 3394; x_wconf 77' lang='lat' dir='ltr'>omnibus</span> 
     </span>
    </p>

    <p class='ocr_par' dir='ltr' id='par_1_9' title="bbox 90 3388 1329 3590">
     <span class='ocr_line' id='line_1_32' title="bbox 90 3388 1329 3511; baseline 0.006 -26"><span class='ocrx_word' id='word_1_286' title='bbox 90 3388 96 3485; x_wconf 82' lang='lat' dir='ltr'>i</span> <span class='ocrx_word' id='word_1_287' title='bbox 133 3435 277 3511; x_wconf 82' lang='lat' dir='ltr'>contingat</span> <span class='ocrx_word' id='word_1_288' title='bbox 292 3434 389 3492; x_wconf 93' lang='lat' dir='ltr'>Dei</span> <span class='ocrx_word' id='word_1_289' title='bbox 363 3433 474 3492; x_wconf 78' lang='lat' dir='ltr'>visione</span> <span class='ocrx_word' id='word_1_290' title='bbox 488 3435 582 3493; x_wconf 84' lang='lat' dir='ltr'>atatim</span> <span class='ocrx_word' id='word_1_291' title='bbox 598 3434 662 3497; x_wconf 88' lang='lat' dir='ltr'>frui.</span> <span class='ocrx_word' id='word_1_292' title='bbox 705 3435 792 3495; x_wconf 87' lang='lat' dir='ltr'>Fides</span> <span class='ocrx_word' id='word_1_293' title='bbox 807 3436 946 3498; x_wconf 83' lang='lat' dir='ltr'>catholiea</span> <span class='ocrx_word' id='word_1_294' title='bbox 966 3454 1024 3494; x_wconf 89' lang='lat' dir='ltr'>non</span> <span class='ocrx_word' id='word_1_295' title='bbox 1038 3434 1129 3511; x_wconf 84' lang='lat' dir='ltr'>exigit</span> <span class='ocrx_word' id='word_1_296' title='bbox 1142 3445 1175 3491; x_wconf 87' lang='lat' dir='ltr'>ut</span> <span class='ocrx_word' id='word_1_297' title='bbox 1186 3450 1237 3491; x_wconf 90' lang='lat' dir='ltr'>eos</span> <span class='ocrx_word' id='word_1_298' title='bbox 1259 3433 1329 3511; x_wconf 82' lang='lat' dir='ltr'>igne</span> 
     </span>
     <span class='ocr_line' id='line_1_33' title="bbox 141 3529 434 3590; baseline 0 -2"><span class='ocrx_word' id='word_1_299' title='bbox 141 3531 259 3588; x_wconf 89' lang='lat' dir='ltr'>orueiari</span> <span class='ocrx_word' id='word_1_300' title='bbox 274 3529 434 3590; x_wconf 86' lang='lat' dir='ltr'>credemus.</span> 
     </span>
    </p>
   </div>
   <div class='ocr_carea' id='block_1_3' title="bbox 109 3624 1336 3707">
    <p class='ocr_par' dir='ltr' id='par_1_10' title="bbox 109 3624 1336 3707">
     <span class='ocr_line' id='line_1_34' title="bbox 109 3624 1336 3707; baseline 0.002 -23"><span class='ocrx_word' id='word_1_301' title='bbox 109 3666 114 3673; x_wconf 65' lang='grc'><strong>»</strong></span> <span class='ocrx_word' id='word_1_302' title='bbox 171 3630 220 3685; x_wconf 89' lang='grc'>49.</span> <span class='ocrx_word' id='word_1_303' title='bbox 246 3624 312 3705; x_wconf 80' lang='lat' dir='ltr'>obj.</span> <span class='ocrx_word' id='word_1_304' title='bbox 328 3631 356 3687; x_wconf 85' lang='lat'>6.</span> <span class='ocrx_word' id='word_1_305' title='bbox 379 3628 496 3688; x_wconf 84' lang='lat' dir='ltr'>“Nihil</span> <span class='ocrx_word' id='word_1_306' title='bbox 520 3629 710 3693; x_wconf 87' lang='lat' dir='ltr'>damnationis</span> <span class='ocrx_word' id='word_1_307' title='bbox 735 3643 779 3690; x_wconf 88' lang='lat' dir='ltr'>est</span> <span class='ocrx_word' id='word_1_308' title='bbox 804 3633 838 3690; x_wconf 87' lang='lat' dir='ltr'>iis</span> <span class='ocrx_word' id='word_1_309' title='bbox 864 3633 996 3707; x_wconf 87' lang='lat' dir='ltr'>quisunt</span> <span class='ocrx_word' id='word_1_310' title='bbox 1016 3630 1047 3689; x_wconf 90' lang='lat' dir='ltr'>in</span> <span class='ocrx_word' id='word_1_311' title='bbox 1066 3628 1187 3699; x_wconf 86' lang='lat' dir='ltr'>Christo</span> <span class='ocrx_word' id='word_1_312' title='bbox 1211 3626 1336 3687; x_wconf 83' lang='lat' dir='ltr'>Jesu.”⁸</span> 
     </span>
    </p>
   </div>
   <div class='ocr_carea' id='block_1_4' title="bbox 129 3869 1335 4613">
    <p class='ocr_par' dir='ltr' id='par_1_11' title="bbox 129 3869 1335 4613">
     <span class='ocr_line' id='line_1_35' title="bbox 137 3869 1335 3939; baseline -0.005 -13"><span class='ocrx_word' id='word_1_313' title='bbox 137 3873 447 3939; x_wconf 58' lang='grc'><strong>1111111111111111</strong></span> <span class='ocrx_word' id='word_1_314' title='bbox 466 3874 569 3925; x_wconf 75' lang='lat' dir='ltr'>bonfail</span> <span class='ocrx_word' id='word_1_315' title='bbox 577 3873 682 3924; x_wconf 80' lang='lat' dir='ltr'>towards</span> <span class='ocrx_word' id='word_1_316' title='bbox 699 3873 741 3924; x_wconf 88' lang='lat' dir='ltr'>the</span> <span class='ocrx_word' id='word_1_317' title='bbox 752 3872 832 3932; x_wconf 82' lang='lat' dir='ltr'>south,</span> <span class='ocrx_word' id='word_1_318' title='bbox 845 3889 872 3923; x_wconf 91' lang='lat' dir='ltr'>or</span> <span class='ocrx_word' id='word_1_319' title='bbox 889 3873 994 3924; x_wconf 83' lang='lat' dir='ltr'>towards</span> <span class='ocrx_word' id='word_1_320' title='bbox 1010 3870 1052 3922; x_wconf 83' lang='lat' dir='ltr'>the</span> <span class='ocrx_word' id='word_1_321' title='bbox 1067 3869 1188 3930; x_wconf 57' lang='grc' dir='ltr'><strong>11011ὴῇ11</strong></span> <span class='ocrx_word' id='word_1_322' title='bbox 1205 3870 1248 3921; x_wconf 87' lang='lat' dir='ltr'>the</span> <span class='ocrx_word' id='word_1_323' title='bbox 1264 3870 1335 3936; x_wconf 84' lang='lat' dir='ltr'>pleae</span> 
     </span>
     <span class='ocr_line' id='line_1_36' title="bbox 129 3954 1334 4027; baseline -0.002 -17"><span class='ocrx_word' id='word_1_324' title='bbox 129 3961 211 4012; x_wconf 87' lang='lat' dir='ltr'>where</span> <span class='ocrx_word' id='word_1_325' title='bbox 222 3960 263 4012; x_wconf 88' lang='lat' dir='ltr'>tha</span> <span class='ocrx_word' id='word_1_326' title='bbox 275 3967 325 4011; x_wconf 79' lang='lat' dir='ltr'>trae</span> <span class='ocrx_word' id='word_1_327' title='bbox 336 3960 427 4022; x_wconf 78' lang='lat' dir='ltr'>fallatia,</span> <span class='ocrx_word' id='word_1_328' title='bbox 439 3961 508 4012; x_wconf 89' lang='lat' dir='ltr'>there</span> <span class='ocrx_word' id='word_1_329' title='bbox 518 3960 608 4012; x_wconf 83' lang='lat' dir='ltr'>itehall</span> <span class='ocrx_word' id='word_1_330' title='bbox 618 3961 658 4022; x_wconf 88' lang='lat' dir='ltr'>lia,</span> <span class='ocrx_word' id='word_1_331' title='bbox 667 3977 694 4011; x_wconf 88' lang='lat' dir='ltr'>as</span> <span class='ocrx_word' id='word_1_332' title='bbox 705 3977 721 4011; x_wconf 87' lang='lat' dir='ltr'>a</span> <span class='ocrx_word' id='word_1_333' title='bbox 731 3961 840 4026; x_wconf 82' lang='lat' dir='ltr'>palmary</span> <span class='ocrx_word' id='word_1_334' title='bbox 849 3960 969 4027; x_wconf 84' lang='lat' dir='ltr'>objection</span> <span class='ocrx_word' id='word_1_335' title='bbox 979 3966 1005 4009; x_wconf 88' lang='lat' dir='ltr'>to</span> <span class='ocrx_word' id='word_1_336' title='bbox 1016 3955 1177 4023; x_wconf 62' lang='lat' dir='ltr'>Purgatoryss’</span> <span class='ocrx_word' id='word_1_337' title='bbox 1195 3954 1273 4008; x_wconf 84' lang='lat' dir='ltr'>Traet</span> <span class='ocrx_word' id='word_1_338' title='bbox 1284 3954 1334 4007; x_wconf 86' lang='lat' dir='ltr'>No·</span> 
     </span>
     <span class='ocr_line' id='line_1_37' title="bbox 131 4048 278 4100; baseline 0.033 -4"><span class='ocrx_word' id='word_1_339' title='bbox 131 4051 172 4100; x_wconf 82' lang='lat'>71.</span> <span class='ocrx_word' id='word_1_340' title='bbox 183 4048 278 4100; x_wconf 73' lang='grc'><strong>101111.</strong></span> 
     </span>
     <span class='ocr_line' id='line_1_38' title="bbox 167 4136 398 4203; baseline -0.023 -15"><span class='ocrx_word' id='word_1_341' title='bbox 167 4138 208 4203; x_wconf 92' lang='grc'>(1)</span> <span class='ocrx_word' id='word_1_342' title='bbox 228 4136 315 4187; x_wconf 82' lang='lat' dir='ltr'>Ecol&#39;</span> <span class='ocrx_word' id='word_1_343' title='bbox 308 4151 343 4186; x_wconf 84' lang='lat' dir='ltr'>rx.</span> <span class='ocrx_word' id='word_1_344' title='bbox 359 4137 398 4185; x_wconf 84' lang='lat'>10.</span> 
     </span>
     <span class='ocr_line' id='line_1_39' title="bbox 167 4220 504 4287; baseline -0.003 -18"><span class='ocrx_word' id='word_1_345' title='bbox 167 4222 209 4287; x_wconf 77' lang='lat'>(2)</span> <span class='ocrx_word' id='word_1_346' title='bbox 229 4222 295 4273; x_wconf 87' lang='lat' dir='ltr'>Dial.</span> <span class='ocrx_word' id='word_1_347' title='bbox 305 4223 321 4272; x_wconf 94' lang='grc'>1.</span> <span class='ocrx_word' id='word_1_348' title='bbox 333 4222 366 4271; x_wconf 92' lang='lat' dir='ltr'>iv.</span> <span class='ocrx_word' id='word_1_349' title='bbox 377 4237 400 4271; x_wconf 89' lang='lat' dir='ltr'>e.</span> <span class='ocrx_word' id='word_1_350' title='bbox 416 4220 504 4270; x_wconf 81' lang='lat' dir='ltr'>xxxix.</span> 
     </span>
     <span class='ocr_line' id='line_1_40' title="bbox 166 4309 388 4373; baseline 0.014 -17"><span class='ocrx_word' id='word_1_351' title='bbox 166 4309 208 4373; x_wconf 92' lang='grc'>(3)</span> <span class='ocrx_word' id='word_1_352' title='bbox 228 4309 334 4360; x_wconf 62' lang='grc'><strong>101111.</strong></span> <span class='ocrx_word' id='word_1_353' title='bbox 347 4311 388 4359; x_wconf 80' lang='lat'>24.</span> 
     </span>
     <span class='ocr_line' id='line_1_41' title="bbox 168 4394 420 4459; baseline 0.012 -18"><span class='ocrx_word' id='word_1_354' title='bbox 168 4394 210 4459; x_wconf 89' lang='grc'>(4)</span> <span class='ocrx_word' id='word_1_355' title='bbox 230 4395 307 4457; x_wconf 85' lang='lat' dir='ltr'>Apoe.</span> <span class='ocrx_word' id='word_1_356' title='bbox 319 4395 369 4444; x_wconf 83' lang='lat' dir='ltr'>xiv.</span> <span class='ocrx_word' id='word_1_357' title='bbox 382 4398 420 4444; x_wconf 88' lang='grc'>13.</span> 
     </span>
     <span class='ocr_line' id='line_1_42' title="bbox 228 4478 371 4528; baseline 0.007 -1"><span class='ocrx_word' id='word_1_358' title='bbox 228 4478 319 4528; x_wconf 83' lang='lat' dir='ltr'>Ibidem</span> <span class='ocrx_word' id='word_1_359' title='bbox 334 4482 371 4528; x_wconf 75' lang='lat'>12.</span> 
     </span>
     <span class='ocr_line' id='line_1_43' title="bbox 229 4562 396 4613; baseline 0 0"><span class='ocrx_word' id='word_1_360' title='bbox 229 4562 300 4613; x_wconf 88' lang='lat' dir='ltr'>Rom.</span> <span class='ocrx_word' id='word_1_361' title='bbox 311 4563 361 4613; x_wconf 83' lang='lat' dir='ltr'>viii.</span> <span class='ocrx_word' id='word_1_362' title='bbox 375 4567 396 4613; x_wconf 91' lang='lat'>1.</span> 
     </span>
    </p>
   </div>
   <div class='ocr_carea' id='block_1_5' title="bbox 0 0 1408 5092">
    <p class='ocr_par' dir='ltr' id='par_1_12' title="bbox 0 0 1408 5092">
     <span class='ocr_line' id='line_1_44' title="bbox 0 0 1408 5092; baseline 0 0"><span class='ocrx_word' id='word_1_363' title='bbox 0 0 1408 5092; x_wconf 95' lang='lat' dir='ltr'> </span> 
     </span>
    </p>
   </div>
  </div>
 </body>
</html>
