2812 5092
159 363 218 420 676
640 358 866 420 APPENDIX.

62 563 130 599 μ
159 516 313 587 damnarit,
328 535 463 577 unacum
483 515 614 577 Ecthesi.
655 517 827 605 Apologiam
849 517 1048 605 pro-lignario
1063 518 1229 608 contexuit.
1273 517 1351 596 Ejus,

157 616 308 693 ‚epistolam
323 615 358 674 de
373 615 522 676 Paschatis
537 616 729 675 controversia
743 615 827 674 refert
841 615 929 674 Beda.
972 617 1109 676 Plurimis
1131 615 1258 677 illustris
1274 616 1351 675 rebus

158 713 246 791 gestis
260 721 290 771 et
302 713 389 773 animi
405 713 554 772 virtutibus
569 712 692 772 decessit
709 717 743 772 ll
760 713 893 772 Octobris
909 717 977 773 642.

195 814 245 869 74.
267 810 298 866 S.
314 809 498 868 Τ66666666
513 809 558 868 616
572 814 611 868 25
626 809 799 868 Novembris
816 810 945 887 ejusdem
960 811 1026 868 anni
1041 811 1183 869 suffectus
1198 822 1256 869 est.
1280 810 1348 887 Pyr·

156 907 251 975 rhum,
266 906 613 984 constantinopolitanum
633 908 833 985 patriarcham,
859 908 991 967 haeresim
1007 908 1272 968 Monothelitarum
1295 909 1349 985 eju-

156 1016 264 1064 rantem
286 1023 355 1082 pace
379 1005 518 1064 Ecclesiae
539 1004 663 1072 donavit,
679 1003 741 1072 sed,
756 1005 870 1062 fictione
885 1005 1004 1072 detecta,
1020 1024 1086 1065 curn
1109 1007 1240 1064 solemni
1257 1006 1312 1063 ritu
1326 1017 1351 1063 et

157 1102 303 1162 tremendo
317 1101 469 1163 damnavit.
500 1102 622 1161 Paulum
637 1103 721 1160 etiam
737 1102 855 1160 alterum
870 1103 1057 1179 patriarcham
1076 1102 1263 1180 ,anathemati
1288 1103 1348 1161 sub

152 1200 232 1277 jecit.
268 1200 413 1277 Stephano
428 1200 552 1258 Dorensi
566 1200 703 1277 episcopo
717 1199 794 1256 vices
809 1199 918 1258 suasio
934 1198 1201 1277 Hierusolymitaua
1216 1199 1349 1259 Ecclesia

156 1297 387 1358 aMonotbelitis
402 1296 506 1355 tuenda
516 1296 671 1355 commisit.
714 1295 795 1355 Obiit
811 1300 846 1354 13
863 1296 936 1372 Maji
952 1300 1020 1356 649.

194 1401 244 1467 76.
268 1397 299 1455 S.
315 1395 516 1455 Μ6666661.
538 1394 647 1455 5661ἰί
667 1393 713 1453 die
734 1393 836 1454 eodem
858 1413 932 1453 anno
955 1395 1073 1465 electus,
1088 1394 1240 1473 synodum
1256 1396 1349 1454 habuit

155 1492 269 1561 Rome,
280 1503 312 1551 ut
322 1492 466 1552 damnaret
474 1492 731 1553 -Monotbelitarum
741 1492 884 1560 baeresim,
894 1491 1028 1551 Etbesim
1039 1492 1179 1562 Heraclii,
1191 1505 1223 1551 et
1237 1491 1352 1574 lypum

156 1591 335 1651 Constantis.
357 1591 463 1650 Joanni
476 1591 615 1667 episcopo
629 1589 838 1668 Philadelphiae
854 1590 931 1648 vices
946 1609 1012 1647 6666
1027 1591 1056 1649 in
1068 1591 1180 1650 oriente
1196 1591 1350 1659 commisit,

156 1688 341 1765 amplissimis
356 1688 428 1745 datis
443 1687 631 1754 facultatibus,
644 1697 675 1745 ut
689 1688 842 1763 episcopos
857 1687 887 1744 in
902 1687 1035 1745 omnibus
1049 1687 1183 1754 ecclesiis
1201 1687 1349 1754 ordinaret,

155 1795 185 1844 et
197 1785 294 1862 lapsos
309 1784 425 1845 donaret
438 1788 531 1844 venia.
554 1786 688 1854 Paulum,
703 1783 994 1843 Thessalonicensem
1010 1786 1195 1863 episcopum,
1213 1787 1253 1845 ob
1270 1786 1349 1844 here·

172 1886 212 1945 im
233 1884 411 1945 anathemate
425 1885 577 1963 percussit.
619 1885 750 1943 Clericus
765 1883 927 1961 impudicos
950 1902 1048 1942 severe
1069 1884 1239 1962 puniendos
1261 1886 1349 1962 jussit.

186 1985 323 2043 enatantis
334 1985 418 2063 jussu
432 1994 511 2043 actus
526 1983 691 2043 inexilium
706 1984 840 2043 aerumnis
855 1982 1003 2043 consectus
1017 1984 1153 2042 occubuit
1169 1988 1211 2043 16
1226 1985 1349 2065 Septem·

157 2080 215 2139 bris
231 2083 299 2140 655.

194 2182 244 2237 76.
266 2177 298 2236 S.
313 2177 470 2236 Essemus
481 2176 505 2235 Ι.
518 2186 584 2253 poet
594 2175 712 2234 Martini
724 2175 921 2236 abductionem
932 2176 1099 2254 gubernarit
1111 2176 1293 2244 Ecclesiam,
1303 2174 1348 2234 sed

154 2274 259 2334 vicaria
272 2274 359 2333 veluti
373 2279 536 2352 potestate.²
576 2272 693 2333 Mortrb
713 2273 848 2351 pontifice
869 2275 932 2351 ejus
952 2274 1048 2335 locum
1070 2274 1163 2333 tenuit
1185 2273 1225 2333 66
1245 2275 1347 2334 obitum

156 2391 247 2448 usque
265 2377 278 2431 l
296 2372 342 2431 die
355 2373 437 2432 Junii
451 2391 527 2431 6666
541 2375 611 2432 657.

194 2476 244 2530 77.
266 2470 299 2529 S.
313 2468 501 2529 Vertumnus
513 2488 530 2526 a
542 2468 589 2526 die
603 2473 641 2526 30
655 2468 726 2527 Julii
737 2467 868 2545 ejusdem
878 2469 946 2528 anni
957 2468 994 2528 ad
1005 2467 1185 2530 lilanuarii
1199 2474 1259 2530 672
1272 2468 1347 2529 sedit.

155 2566 239 2626 Oswi
253 2585 305 2625 rex
319 2564 580 2624 Northumbrorum
595 2563 630 2622 66
644 2563 730 2623 fidem
744 2583 898 2624 conversus
913 2566 1022 2644 legatos
1037 2565 1072 2625 ad
1086 2585 1154 2627 eum
1172 2568 1265 2636 misit,
1282 2567 1348 2645 ipse·

98 2658 103 2729 ἑ
155 2683 211 2741 que
223 2665 282 2743 regi
296 2662 449 2743 gratulatus
463 2671 517 2720 est.
558 2660 756 2731 Theodorum,
771 2663 944 2727 monachum
966 2665 1113 2734 Graecum,
1127 2664 1295 2725 eruditione
1308 2667 1353 2723 in·-

96 2736 102 2757 ¹
160 2761 285 2841 signem,
295 2759 543 2838 archiepiscopum
559 2756 795 2819 (lantuariensem
810 2759 961 2829 ordinavit,
976 2770 1005 2820 et
1018 2761 1100 2839 plura
1111 2760 1170 2819 alia
1184 2762 1277 2840 gessit
1289 2779 1350 2838 pre

159 2858 245 2918 clare.

193 2961 247 3016 78.
268 2957 459 3023 6666666666,
480 2954 669 3013 beneficentia
688 2973 755 3032 erga
769 2954 935 3032 peregrinos
948 2966 976 3014 et
990 2954 1156 3014 affabilitate
1179 2955 1317 3034 insignis,
1333 2973 1348 3012 6

154 3058 194 3114 22
208 3055 316 3133 Aprilis
329 3058 387 3115 672
402 3053 436 3111 66
450 3057 490 3112 26
504 3053 585 3112 Junii
602 3056 660 3113 676
674 3052 758 3111 sedit.

195 3157 246 3214 79.
268 3151 469 3211 06666161
486 3151 532 3208 die
547 3150 720 3209 Novembris
736 3149 843 3210 67666
860 3154 893 3208 11
911 3150 1019 3228 Aprilis
1035 3154 1094 3211 678
1106 3150 1195 3210 sedit.

194 3254 243 3309 86.
265 3250 298 3308 S.
313 3251 440 3308 Aoraao
452 3266 477 3305 a
496 3252 535 3307 27
549 3246 630 3305 Juuii
644 3250 701 3307 678
723 3245 758 3304 66
782 3250 817 3305 10
832 3246 961 3306 Januarii
983 3251 1040 3305 682
1058 3247 1143 3306 sedit.
1190 3248 1224 3307 In
1240 3247 1349 3326 synodo

110 3398 117 3421 ‚.
156 3348 286 3409 Romana
300 3345 553 3406 Monothelitarum
567 3343 713 3402 damnavit
726 3344 877 3412 haereaim;
898 3357 927 3403 et
946 3345 1069 3404 concilio
1094 3347 1280 3405 mcumenico
1301 3344 1347 3404 Vl.

103 3430 114 3513 ἶ
155 3464 207 3524 per
226 3445 333 3522 legatos
358 3441 478 3520 praesuit.
520 3441 596 3520 Ejus
619 3441 741 3518 epistola
755 3439 790 3498 ad
805 3442 957 3501 concilium
973 3460 1087 3501 summo
1103 3441 1209 3519 plausu
1232 3454 1348 3519 excepta

97 3520 105 3589 2³
155 3550 209 3608 est,
224 3540 349 3618 patribus
364 3538 625 3598 conclamantibus:
648 3546 668 3573 “
684 3537 783 3595 Petrus
799 3555 850 3614 per
863 3537 1044 3615 Agathonem
1058 3537 1174 3597 locutus
1190 3540 1270 3598 est.'’
1309 3540 1350 3599 Eo

88 3680 95 3717 .
155 3649 290 3717 regnante
314 3637 460 3697 Australes
485 3638 616 3695 Saxones
636 3636 734 3695 Sancti
757 3634 895 3703 Wilfridi,
908 3635 1103 3696 ,Eburacensis
1125 3638 1349 3717 archiepiscopi,

83 3724 91 3827 ᾗ
155 3736 355 3815 predicatione
369 3733 405 3793 ad
417 3734 504 3793 fidem
519 3733 638 3793 traducti
651 3735 742 3791 suut!¹
781 3731 869 3790 Hunc
891 3732 995 3809 injuria
1015 3731 1181 3812 depositum
1198 3735 1265 3794 sedi
1277 3735 1350 3796 resti·

85 3832 91 3848 ⁸
158 3834 235 3895 tuit!

196 3936 247 3991 81.
262 3930 294 3990 S.
309 3928 373 3987 Lao
387 3927 427 3986 ll.
439 3926 588 3994 successit,
603 3935 757 4000 sancteque
772 3925 939 4003 gubernavit
948 3926 1111 3985 Ecclesiam
1126 3947 1224 4004 usque
1233 3929 1270 3989 ad
1279 3929 1348 3988 dicu

92 3968 107 4093 l
157 4031 260 4093 aJutii
275 4033 332 4089 688
355 4026 448 4108 (juxta
461 4027 530 4084 alios
546 4025 627 4105 684).
669 4023 832 4084 Concilium
849 4025 1072 4085 (Ecumenicum
1092 4024 1147 4085 v1.
1164 4029 1349 4088 confirmarit.

196 4132 245 4187 82.
267 4127 300 4186 S.
314 4126 509 4185 Bnrrnmcrus
522 4122 573 4191 ΙΙ.,
595 4126 634 4181 26
648 4123 781 4200 Augusti,
803 4121 905 4180 eodem
926 4142 1012 4188 anuo,
1033 4125 1188 4194 successit,
1203 4127 1349 4186 sanctitate

159 4235 188 4285 et
201 4225 412 4303 scripturarum
426 4221 546 4280 scientia
560 4219 689 4279 illustris.
730 4218 811 4278 Obiit
824 4226 845 4293 7
857 4219 931 4298 Maji
945 4223 1014 4279 685.

193 4463 235 4528 (l)
255 4461 347 4512 Censet
363 4460 447 4533 Mopsi
464 4475 522 4509 eum
541 4474 587 4509 suo
605 4457 706 4509 nominc
723 4457 811 4520 egisse,
828 4455 937 4508 Muttine
953 4456 1074 4522 deposito,
1096 4459 1122 4511 ri
1140 4459 1201 4533 lieet
1217 4469 1244 4513 et
1263 4461 1355 4529 injuria.

158 4549 222 4602 Vide
231 4556 302 4600 notas
313 4549 344 4598 ad
355 4547 535 4598 Gravesonium
546 4546 602 4598 hist.
614 4546 683 4596 Eccl.
694 4545 755 4595 Sec.
767 4544 809 4597 vii.

191 4628 235 4702 ⁴(2)
256 4632 390 4686 Β66616161.
401 4634 469 4684 Eccl.
481 4634 560 4696 gentis
572 4631 710 4694 Auglorum
722 4630 908 4681 11666666
920 4632 968 4683 xvi.

191 4720 234 4789 (³)
255 4716 398 4770 Willelmus
409 4716 634 4770 Malrnesburiensis
645 4718 663 4768 l.
669 4717 705 4769 iii.
721 4716 751 4767 de
762 4715 837 4779 gestis
845 4713 1002 4768 Pontificum.
