2812 5092
97 360 156 416 ulo
581 352 808 413 APPENDIX.

98 515 242 584 Florinus,
258 514 405 573 Romarm
428 511 592 589 Presbyter,
618 511 653 571 ad
678 513 805 572 ultimam
827 511 901 570 hano
921 522 1028 573 sectam
1049 514 1205 581 deficiens,
1228 512 1297 571 inter

99 615 170 672 alios
185 631 293 671 errores
308 611 404 669 docuit
419 610 513 670 Deum
527 628 592 668 esse
607 621 752 668 auctorem
767 610 915 679 malorum,
928 622 999 669 teste
1012 612 1209 688 Augustino.²
1248 610 1296 668 Ar·

98 711 223 770 chontici
238 709 408 768 damnabant
421 709 612 785 Baptismum.

138 808 306 874 Tauranus,
327 806 523 883 Philosophus
546 806 649 883 Syrus,
664 803 751 864 iidem
766 805 961 864 Christianam
982 806 1134 883 amplexus
1156 816 1215 875 est,
1235 806 1296 866 Jus-

105 907 213 979 tinique
228 906 317 965 factus
329 916 373 963 est
387 903 517 973 auditorr
539 916 605 982 post
619 904 701 980 cnjus
715 905 881 980 martyrium
896 905 1014 963 scientia
1026 905 1141 964 inflatus
1156 906 1189 964 in
1201 924 1296 982 graves

101 1002 250 1077 ioedorque
265 1020 374 1061 errores
388 1002 485 1078 lapsus
497 1012 551 1059 est.
594 1001 859 1059 Valentinianorum
875 999 911 1058 de
925 1002 1053 1060 aeonibus
1074 1003 1219 1079 figmenta
1239 1021 1297 1061 mu·

99 1111 191 1161 tuatus
206 1110 269 1158 est:
292 1099 503 1158 matrimonium
529 1098 613 1157 etiam
639 1097 794 1155 damnavit.
835 1098 1023 1157 Encnnurum
1045 1098 1104 1176 (sic
1118 1100 1201 1158 enim
1218 1118 1295 1159 roca·

100 1199 201 1256 bantur
214 1198 250 1255 ob
272 1196 452 1254 continentiae
473 1195 681 1272 professionem
697 1195 811 1253 Tatiani
829 1195 1005 1274 sectatores.)
1022 1196 1214 1256 animantium
1229 1199 1296 1257 vini·

100 1313 155 1368 que
169 1312 252 1352 usum
264 1294 463 1351 aversabantur
475 1311 483 1360 ;
498 1291 636 1368 pluraque
645 1293 837 1368 agnoscebant
848 1292 998 1370 principia,
1007 1293 1081 1353 inter
1089 1312 1156 1367 qum
1169 1294 1296 1354 diabolus

99 1393 194 1451 locum
210 1392 334 1450 habuit.⁸

144 1491 322 1556 Snvnnrnnr,
338 1509 355 1547 a
369 1489 477 1548 Severo
491 1489 533 1546 sie
547 1486 626 1556 dieti,
648 1489 763 1549 Tatiani
789 1490 1005 1566 propugnabant
1017 1508 1140 1558 errores,
1158 1492 1295 1566 Paulique

101 1588 249 1665 epistolas,
265 1598 293 1645 et
307 1589 395 1645 Actus
409 1587 593 1664 Apostolicos
608 1587 792 1663 rejiciebant;
808 1586 1003 1660 docebantque
1019 1589 1172 1648 mulierem
1189 1591 1295 1649 Satanae

100 1704 174 1763 opus
189 1703 264 1752 esse,
281 1695 309 1742 et
324 1684 487 1742 inferiorem
501 1683 627 1741 hominis
642 1693 749 1760 partem
765 1684 799 1742 ab
813 1684 879 1761 ipso
893 1683 1061 1743 conditam-⁸

104 1839 107 1843 ,
141 1784 365 1850 Mourimene,
380 1781 449 1840 dicti
462 1782 547 1840 etiam
563 1782 722 1857 Pepuziani
736 1792 765 1840 et
786 1782 997 1860 cataphryges,
1013 1796 1128 1842 auctore
1144 1784 1292 1856 Montano,

101 1881 132 1939 in
148 1881 248 1957 Mysia
271 1879 407 1957 Phrygiae
429 1890 506 1946 nato,
528 1877 628 1937 deliria
651 1880 778 1939 maxima
797 1880 998 1938 exhibuerunt.
1040 1881 1107 1959 lpse
1130 1883 1292 1959 Prophetis

102 1976 209 2036 donum
220 1978 342 2054 jactans,
365 1977 527 2036 Priscillam
551 1984 580 2033 et
604 1975 797 2035 Maximillam
818 1978 981 2035 meretrices
1006 1997 1042 2036 eo
1062 1977 1141 2037 dono
1164 1980 1292 2056 praeditas

100 2077 235 2154 lingebat.
277 2076 438 2134 Sectatores
453 2075 529 2133 illius
543 2092 610 2132 eum
631 2088 775 2149 tamquam
792 2075 969 2135 Paracletum
992 2095 1043 2135 sen
1066 2078 1179 2154 Spiritu
1195 2080 1296 2139 Sancto

100 2172 261 2251 specialiter
272 2171 398 2231 afflatum
409 2172 632 2239 venerabantur;
647 2170 819 2230 damnabant
830 2172 970 2231 secundas
985 2172 1116 2250 nuptias;
1141 2185 1199 2233 tres
1213 2175 1294 2250 quad·

101 2271 256 2347 ragesimas
277 2272 429 2343 quotannis
445 2269 558 2346 jejunio
582 2269 790 2329 consecrandas
810 2268 996 2328 dictitabantr
1020 2269 1087 2327 “ad
1108 2289 1198 2331 omne
1226 2290 1295 2350 pena

101 2366 234 2425 delictum
250 2366 390 2424 Ecclesiae
413 2367 488 2425 fores
512 2366 665 2425 obserant”
686 2367 779 2440 inquit
793 2366 1017 2442 Hieronymus.⁴
1057 2367 1223 2444 Pepuziani
1238 2387 1293 2429 mn·

104 2463 189 2521 lieres
205 2463 288 2520 etiam
304 2462 340 2521 ad
353 2464 550 2539 episcopatum
572 2472 600 2519 et
625 2465 851 2539 presbyteratum
872 2463 1039 2522 evehebant.
1082 2465 1257 2526 Montanum
1272 2477 1297 2541 et

106 2559 297 2617 Maximillam
312 2558 415 2630 laqueo
430 2559 484 2614 eibi
499 2569 619 2618 mortem
634 2560 809 2617 conscivisse
821 2568 938 2619 testatur
948 2561 1125 2638 Apollinaris
1142 2562 1297 2642 Hierapoli·

102 2667 184 2712 tanus
196 2653 269 2729 apud
286 2653 470 2711 Eusebium.⁵

143 2751 342 2808 Bannasanns
356 2768 452 2826 syrus,
467 2748 534 2807 fidei
548 2750 729 2810 confessione
744 2751 873 2821 illustris,
886 2753 1004 2830 gloriam
1025 2754 1093 2813 inde
1109 2765 1294 2836 comparatam

107 2849 316 2908 Valentinianis
331 2848 472 2906 erroribus
482 2849 587 2907 amisit.

144 2948 339 3014 Tarouanna,
366 2946 542 3022 Bysantinus
569 2947 717 3010 coriarius,
746 2955 820 3022 post.
839 2945 1011 3024 denegatum
1041 2950 1071 3008 in
1101 2955 1294 3029 persecutione

105 3045 265 3112 Christum,
280 3063 346 3102 eum
362 3063 471 3103 merum
486 3044 632 3102 hominem
647 3043 768 3112 dicebat,
784 3063 869 3118 quam
884 3045 921 3104 ob
932 3065 1047 3105 causam
1062 3047 1213 3109 aViotore
1227 3050 1294 3109 Pon·

102 3143 178 3201 tifice
192 3142 393 3199 communione
408 3140 547 3199 Ecclesiae
562 3141 688 3216 privatus
702 3140 770 3199 est.⁶
1083 3194 1087 3205 ,

145 3242 252 3307 heom,
267 3238 301 3295 ab
317 3238 380 3314 ipso
395 3237 449 3294 orti
463 3236 508 3294 vel
521 3237 678 3312 propagati,
695 3236 822 3295 Verbum
837 3237 1012 3297 incarnatum
1027 3239 1119 3298 fuisse
1134 3242 1292 3319 negabaut;

104 3351 132 3397 et
159 3338 190 3395 S.
214 3336 334 3394 Joannis
360 3333 561 3410 Evangelium,
586 3347 614 3391 et
635 3334 840 3410 Apocalypsim
869 3336 1080 3413 repudiabant.⁷
1122 3337 1289 3398 Theodotus

106 3434 262 3510 'l'rapezita
287 3430 433 3489 Christum
460 3429 622 3488 interiorem
645 3430 880 3491 Melchisedecho
905 3432 1013 3501 dicens,
1028 3443 1115 3493 sectae
1143 3436 1293 3495 Melchise

107 3531 309 3588 dechianorum
332 3529 512 3588 occasionem
535 3528 662 3604 prebuit.
704 3531 849 3590 Artemon
869 3531 953 3589 etiam
975 3531 1126 3592 Christum
1152 3533 1292 3593 hominem

107 3627 227 3686 dicebat.

146 3723 456 3785 ArnnnnsMarcionis
472 3723 656 3800 magistriani
670 3724 811 3782 erroribus
832 3722 943 3801 adjecit,
959 3725 1065 3785 Filium
1086 3726 1144 3785 Dei
1169 3746 1208 3786 ex
1232 3725 1294 3786 coelo

107 3823 326 3884 descendentem
349 3841 453 3899 corpus
474 3840 511 3880 ex
533 3831 653 3895 quatuor
672 3821 821 3881 elementis
835 3823 889 3881 sibi
904 3823 1096 3900 compegisse,
1112 3825 1244 3902 illudque
1258 3825 1295 3885 eis

106 3925 275 3989 restituisse,
290 3921 357 3980 dum
371 3919 560 3979 ascenderet.⁸
598 3920 685 3979 Anno
700 3925 758 3979 146
771 3921 833 3980 herc
847 3921 964 3980 heresis
978 3923 1106 3981 emersit.
1321 3915 1325 3927 ’

207 4090 210 4097 ’
258 4064 260 4068 ’
310 4081 348 4145 (ι)
367 4077 396 4128 L.
407 4077 587 4129 aesernium.

308 4167 347 4232 (2)
367 4165 430 4216 Vide
442 4165 568 4215 lr'enaeum.
577 4165 593 4214 l.
607 4167 629 4214 1.
640 4180 661 4214 c.
672 4165 741 4215 xxxi.
752 4165 843 4216 Euseb.
853 4167 869 4216 1.
882 4165 914 4216 ir.
925 4165 982 4216 hirs
993 4182 1014 4217 c.
1025 4166 1103 4216 xxvii.

308 4253 350 4318 (3)
369 4251 525 4317 Epiphanius
535 4250 592 4300 ber.
603 4251 653 4300 xlv.

307 4341 347 4406 (4)
365 4339 413 4404 Ep.
428 4340 469 4391 liv.
481 4355 535 4402 qua
546 4346 583 4388 est
594 4335 626 4388 ad
637 4339 737 4390 Marcel.

308 4428 350 4494 (b)
370 4427 435 4476 Hist.
446 4427 461 4478 l.
471 4442 493 4476 v.
505 4443 526 4476 c.
538 4442 577 4477 xv.

309 4514 351 4578 (6)
371 4512 518 4563 Theodoret,
530 4513 545 4562 l.
557 4512 582 4563 ii.
593 4512 643 4563 haer
653 4513 699 4563 sub

308 4600 350 4664 (7)
370 4597 479 4663 Ephiph.
490 4596 546 4648 her.
558 4597 583 4647 li.

307 4679 349 4746 (8)
368 4678 460 4728 Ibidem
471 4678 527 4728 hor.
539 4679 597 4728 xliv.
