2798 5092
90 361 149 418 stt
394 354 450 416 DE
471 354 764 417 untmruulrru
786 356 987 419 AETERNA.

91 516 245 582 toritatem,
260 511 382 589 ideoque
396 514 491 573 minus
501 513 634 573 'accurate
648 514 761 574 locutus
778 515 915 576 dicendus
929 525 992 586 est3
1007 517 1064 576 nisi
1078 516 1192 595 placeat
1204 517 1291 576 verba

92 614 156 689 ejus
178 611 282 670 referre
300 610 335 669 ad
355 611 558 671 beatitudinem
581 612 735 690 perfectam
750 614 851 673 auimae
867 614 953 673 simul
968 624 997 672 et
1016 615 1171 692 corporis.¹
1206 613 1293 674 Gertc

93 722 160 788 post
173 710 258 769 verbs
272 708 372 768 ultimo
393 711 504 788 objecta
517 711 612 769 statim
634 711 691 769 altr
715 720 735 748 ‘⁴
749 712 874 779 Quintus
889 724 985 773 autem
1006 712 1086 781 ordo,
1101 712 1287 772 exultationis

91 809 240 867 uberrime
254 807 340 866 habet
352 807 530 878 suavitatem,
544 808 622 882 quod
635 826 673 867 ex
688 808 743 868 hoc
764 810 956 887 corruptibilis
976 811 1107 888 corporis
1120 829 1237 869 carcere
1257 811 1288 870 in

98 905 190 963 lucem
205 905 423 979 libertatemque
434 905 624 982 pervenerint,
638 914 668 964 et
688 906 892 983 repromissam
905 907 962 965 sibi
982 906 1150 985 possideant
1171 907 1290 968 heredi·

95 1001 214 1061 tatem.”
256 1003 297 1061 Et
309 1004 339 1062 in
354 1002 490 1062 Oratione
504 1003 540 1061 de
560 1005 640 1063 obitu
660 1003 840 1063 Theodosii:
864 1014 883 1042 ‘⁶
896 1004 990 1082 Regio
1011 1005 1059 1065 illa
1081 1005 1214 1065 vivorum
1235 1017 1288 1075 est,

95 1105 144 1163 ubi
158 1106 253 1164 anima
266 1116 320 1174 est,
334 1122 399 1179 quae
413 1103 448 1162 ad
462 1105 616 1182 imaginem
631 1116 660 1162 et
680 1100 898 1163 similitudinem
919 1103 976 1162 Dei
990 1103 1064 1162 fecta
1078 1113 1132 1170 est,
1147 1122 1208 1163 nou
1223 1120 1288 1163 caro

92 1200 213 1277 figurata
226 1199 262 1258 de
276 1200 356 1259 limo.
397 1198 467 1258 ideo
482 1200 511 1258 in
526 1209 628 1259 terram
641 1200 800 1268 revertitur,
812 1200 908 1258 enims
917 1198 952 1259 ed
965 1199 1096 1273 requiem
1110 1199 1229 1258 festinat
1243 1217 1290 1258 sn·

94 1316 224 1374 pomam,
239 1298 285 1356 cui
299 1297 420 1355 dicitnrr
442 1296 629 1355 ‘Convertere
644 1299 739 1356 anima
752 1291 817 1355 mea
837 1297 866 1356 in
886 1297 1015 1371 requiem
1031 1296 1130 1354 tuam.’
1153 1295 1188 1355 In
1204 1314 1291 1370 quam

94 1396 240 1455 festinavit
252 1397 356 1454 intrare
370 1394 565 1463 Theodosius,
581 1405 665 1469 atque
679 1394 789 1474 ingredi
803 1395 945 1455 civitatem
969 1393 1164 1462 Hierusalem,
1180 1393 1219 1453 de
1233 1413 1290 1468 qua

93 1491 277 1551 dictumest:
300 1491 358 1549 ‘Et
369 1508 451 1568 reges
465 1500 545 1550 terrae
559 1491 651 1550 serent
671 1491 791 1569 gloriam
805 1510 887 1550 suam
908 1491 940 1550 in
960 1489 1062 1549 illam)
1094 1488 1148 1549 Illa
1166 1499 1213 1548 est
1226 1508 1294 1549 vera

92 1589 184 1666 gloria
198 1606 263 1662 quae
277 1589 316 1646 ibi
331 1589 471 1656 sumiturr
493 1587 563 1646 illud
578 1606 696 1666 regnum
711 1588 906 1647 beatissimum
919 1585 998 1661 quod
1011 1587 1050 1645 ibi
1065 1585 1242 1664 possidetur,
1258 1584 1293 1645 ad

92 1684 169 1759 quod
183 1684 335 1743 festinabat
348 1684 514 1761 Apostolus,
528 1684 644 1745 dicens:
666 1683 834 1757 ‘Audemus
848 1694 961 1763 ergoet
981 1684 1181 1743 consentimus
1197 1683 1289 1761 magis

93 1782 267 1860 peregrinari
282 1781 318 1840 de
330 1801 460 1860 corpore,
475 1790 504 1840 et
524 1780 625 1840 adesse
640 1780 676 1841 ad
695 1780 874 1842 Dominum:
896 1790 926 1840 et
939 1779 1008 1840 ideo
1031 1781 1211 1840 connitimur
1231 1781 1294 1839 sive

91 1881 223 1938 absentes
237 1881 299 1938 sive
323 1889 477 1957 presentes
501 1879 612 1956 placere
633 1878 697 1938 illi.’
739 1879 896 1939 Absolutus
912 1879 998 1956 igitur
1019 1876 1108 1936 dubio
1124 1878 1292 1946 certamine,

91 1977 193 2035 fruitur
217 1995 293 2035 nuuc
316 1985 441 2053 augustae
456 1976 602 2035 memorie
623 1974 808 2035 Theodosius
831 1975 895 2034 luce
917 1981 1066 2052 perpetua,
1084 1973 1294 2048 tranquillitate

92 2073 234 2141 diuturne,
249 2082 278 2131 et
290 2092 342 2150 pro
357 2072 393 2131 iis
407 2072 517 2145 quaein
530 2070 586 2131 hoo
607 2071 697 2147 gessit
710 2088 840 2147 corpore,
856 2069 1061 2129 munerationis
1076 2067 1184 2127 diriore
1198 2067 1294 2129 fructi·

92 2172 145 2230 bus
169 2168 356 2248 gratulatur.'’
398 2167 472 2227 Hoec
496 2167 612 2242 quidem
639 2167 814 2226 conveniunt
841 2165 963 2233 homini,
992 2165 1038 2223 cui
1063 2183 1237 2242 persuasum
1254 2167 1296 2225 ‘sit

93 2267 215 2326 Sanctoe
230 2275 431 2344 postmortem
446 2266 540 2324 statim
555 2262 682 2324 Domino
697 2262 808 2330 adesse,
820 2280 913 2337 eoque
927 2262 993 2321 frui.
1039 2262 1116 2330 Quae
1132 2263 1295 2323 autem'ob·

92 2367 206 2422 scurius
232 2363 392 2421 dictasunt
414 2362 448 2420 ab
470 2360 598 2429 hoc,vel
621 2361 678 2419 alio
703 2360 844 2419 Ecclesiae
867 2369 956 2436 patre,
974 2359 1062 2437 juxta
1085 2376 1121 2417 ee
1145 2377 1211 2434 quae
1225 2359 1294 2419 alies

96 2461 202 2519 clarius
226 2458 405 2536 protulerunt
425 2469 492 2515 sunt
512 2457 698 2534 explicanda:
718 2467 748 2516 et
769 2475 925 2535 paucorum
940 2456 1093 2524 sententia,
1108 2456 1294 2525 Tertrrllieni,

99 2556 220 2623 scilicet,
235 2556 384 2622 Lactantii,
399 2555 587 2629 aliorumque,
602 2564 769 2615 caeterorum
783 2563 896 2631 patrum
916 2565 946 2613 et
970 2554 1114 2615 Ecclesia
1135 2555 1226 2616 totius
1239 2554 1295 2617 fide

97 2661 126 2711 et
132 2651 243 2729 judicio
257 2649 437 2730 corrigenda.

393 2806 436 2878 (1)
455 2805 522 2893 Vide
533 2806 661 2876 Toumely
672 2804 757 2860 Tmct.
768 2804 799 2860 de
810 2805 872 2860 Deo.
883 2823 925 2875 qu.
938 2808 978 2858 tt.
