2798 5092
460 329 519 391 DE
538 327 681 391 CULTU
703 328 935 391 Intremuit.
1239 332 1300 393 w

96 501 217 572 questus
232 499 279 548 est
292 489 375 548 Dens
387 507 440 566 per
451 488 628 548 Jeremiam:
651 497 671 525 “
681 488 817 547 Dicentes
829 488 931 566 ligno:
954 490 1039 548 Pater
1053 508 1136 548 meus
1150 507 1182 547 es
1198 497 1248 548 tn:
1270 501 1298 550 et

95 586 207 664 lapidi:
230 588 279 645 Tn
294 605 343 646 me
355 586 487 664 genuisti.
511 627 521 643 .
543 628 552 645 .
575 629 583 644 .
607 586 666 654 Ubi
680 597 748 644 eunt
763 585 803 644 dii
818 587 858 645 tui
881 605 955 659 qnos
981 587 1075 645 fecisti
1088 587 1159 645 tibil
1181 597 1298 664 surgant

96 685 264 744 etliberent
287 695 315 743 te
335 685 366 765 in
391 696 520 760 tempore
541 683 704 743 afflictionis
728 683 829 743 ture.''²
874 685 1030 751 Arnobius,
1045 686 1099 742 sub
1120 684 1207 743 finem
1223 684 1297 743 tertii

96 783 199 844 saeculi
213 782 252 868 ad
261 781 348 841 fidem
362 800 520 840 conversus
530 783 653 858 priorem
670 781 761 859 plorat
775 782 930 841 cecitatem
946 802 953 839 :
980 791 1002 818 “
1016 781 1190 850 Venerabar,
1209 781 1235 839 0
1250 800 1302 841 coe·

101 881 192 941 citas!
215 899 309 957 nuper
321 881 478 939 simulacra
490 879 576 940 modo
589 898 627 937 ex
640 879 803 938 fornacibus
819 891 961 958 prompta,
976 881 1006 938 in
1018 879 1168 938 incudibus
1184 879 1265 949 deos,
1275 890 1304 938 et

101 995 139 1037 ex
158 976 272 1037 malleis
294 975 445 1036 fabricatos
468 1020 476 1036 .
502 1020 510 1036 .
534 1018 541 1034 .
565 1019 572 1034 .
595 986 741 1051 tamqnam
762 977 869 1049 inesset
890 978 933 1036 vis
956 995 1093 1054 presens,
1115 975 1258 1045 adulabar,
1273 986 1302 1035 et

97 1075 239 1135 beneficii
252 1076 418 1152 poscebam,
433 1075 505 1134 nihil
520 1074 658 1132 sentiente
685 1083 786 1133 trunco
799 1094 808 1143 ς
829 1084 858 1143 et
879 1094 929 1133 ens
950 1075 1032 1151 ipsos
1052 1074 1135 1132 divos
1150 1091 1223 1147 quos
1237 1091 1303 1157 esse

97 1171 171 1230 mihi
184 1190 382 1249 persuaseram
398 1172 556 1230 afficiebam
571 1171 752 1229 contumeliis
767 1172 899 1247 gravibus
921 1190 987 1229 cum
1001 1189 1052 1229 eos
1067 1190 1131 1229 esse
1146 1170 1297 1230 credebam

97 1268 186 1347 ligna,
201 1262 322 1346 lapides,
338 1278 422 1342 atque
437 1288 512 1336 ossa,
528 1278 576 1326 aut
590 1268 619 1325 in
634 1267 776 1345 ejusmodi
791 1287 886 1327 rerum
901 1268 1025 1326 habitare
1043 1267 1205 1326 materia.'’⁰

142 1372 209 1426 lna.
236 1367 303 1446 Olp'.
328 1373 373 1425 12.
396 1368 467 1434 Quae
483 1367 637 1425 afferuntur
648 1366 819 1426 documenta
829 1387 886 1425 non
899 1368 1018 1443 probant
1028 1368 1198 1443 picturarum
1211 1385 1303 1425 saera·

97 1483 161 1524 rum
176 1465 285 1523 cultum
302 1483 352 1540 per
373 1465 467 1540 priora
480 1464 621 1522 Ecclesiae
635 1464 737 1521 secula
759 1464 898 1522 ullatenus
911 1465 1046 1543 viguisse,
1062 1465 1121 1522 imo
1139 1483 1193 1521 nec
1205 1481 1302 1532 usum,

98 1561 200 1620 saltem
215 1560 403 1633 frequentem.
445 1559 491 1618 nd
505 1579 598 1618 rerum
619 1560 786 1618 memoriam
800 1560 920 1637 depictae
936 1561 1066 1619 videntur
1087 1578 1301 1634 nonnumquam

98 1669 200 1734 quarto
219 1643 336 1715 ‘tandem
356 1657 472 1725 saeculo,
494 1655 630 1733 deinceps
647 1657 678 1714 in
701 1656 841 1715 Ecclesiis
859 1657 981 1734 appendi
996 1667 1153 1734 coeperunt,
1167 1675 1221 1715 nec
1244 1655 1303 1714 nisi

100 1767 184 1817 sexto
207 1756 313 1814 saeculo
326 1767 448 1814 exeunte
471 1774 509 1814 ax
529 1756 608 1833 vulgi
628 1756 840 1832 superstitione,
856 1774 940 1829 quam
956 1757 1141 1833 reprobarunt
1160 1755 1302 1832 episcopi,

99 1836 246 1914 honorari.

139 1950 231 2029 Hesp.
254 1949 288 2008 In
303 1949 443 2008 Romanis
466 1948 638 2007 catacumbis
654 1948 783 2025 plurimae
804 1961 921 2025 repertae
936 1959 1003 2007 sunt
1024 1950 1162 2027 imagines
1174 1950 1301 2008 minores

100 2067 173 2123 quas
187 2047 223 2106 ad
244 2047 381 2106 saeculnm
396 2044 556 2104 secundum
575 2050 638 2103 aerae
659 2044 819 2105 christiane
841 2047 924 2123 periti
945 2047 1142 2119 antiquitatum
1163 2046 1298 2106 referunt.

100 2153 121 2180 ‘⁶
133 2143 233 2220 Imago
249 2141 359 2200 Christi
380 2142 433 2199 sub
458 2141 549 2218 figura
577 2140 644 2203 boni
664 2142 796 2217 pastoris,
819 2142 865 2199 vel
885 2141 1027 2218 pascentis
1048 2144 1098 2207 vel,
1119 2141 1302 2200 succollantis

103 2259 188 2299 orem
208 2239 239 2297 in
265 2239 354 2306 vitris,
370 2240 400 2296 in
417 2238 551 2306 lucernis,
567 2238 597 2296 in
622 2238 816 2316 sarcophagis,
839 2239 869 2298 in
888 2239 1052 2315 parietibus,
1067 2239 1097 2298 in
1118 2239 1251 2316 gemmis,
1267 2239 1298 2299 in

104 2337 241 2396 calicibus
263 2336 371 2414 passim
396 2335 581 2412 reperitur.’¹³
622 2334 771 2394 Habentur
792 2337 876 2395 etiam
896 2337 1089 2395 vetustissima
1112 2336 1244 2413 symbola
1264 2336 1301 2396 Β.

101 2435 241 2518 Virginis,
256 2435 431 2512 angelornm,
446 2446 475 2491 et
488 2443 666 2492 sanctorum:
688 2433 759 2493 adeo
773 2444 805 2492 ut
819 2453 869 2512 pro
880 2452 910 2492 re
921 2433 1067 2512 explorata
1076 2433 1237 2494 habendum
1253 2437 1302 2504 sit,

101 2530 273 2590 christianos
287 2531 321 2589 ab
335 2531 406 2608 ipsis
420 2530 462 2588 rci
482 2530 644 2589 christianae
658 2530 782 2590 exordiis
797 2532 983 2591 consuevisse
1004 2533 1145 2610 symbolis
1167 2543 1195 2590 et
1207 2532 1296 2591 saeris

102 2628 274 2707 imaginibus
294 2629 352 2687 uti:
374 2646 428 2685 nec
441 2627 519 2685 enim
533 2623 619 2686 refert
638 2640 732 2687 utrum
758 2629 876 2687 minoris
892 2629 937 2687 vel
952 2630 1069 2707 majoris
1084 2630 1168 2689 molis
1183 2628 1298 2688 suerint.

102 2727 248 2809 Atsreculo
265 2725 319 2784 111.
335 2735 467 2802 superest
488 2734 507 2762 “
517 2725 619 2784 ‘vitrum
644 2737 786 2803 repertum
802 2716 832 2784 in
846 2727 1009 2785 coemeterio
1024 2725 1143 2785 Oallixti
1163 2728 1303 2804 sangnine

106 2810 196 2885 adhuc
210 2822 391 2900 adspersum,
406 2823 436 2880 in
451 2840 509 2895 quo
523 2822 674 2894 exhibetur
688 2822 724 2880 B.
739 2821 830 2899 Virgo
844 2824 873 2881 in
889 2821 990 2880 throno
1011 2822 1114 2881 sedens
1130 2825 1250 2892 elerato,
1266 2844 1299 2882 ac

104 2937 187 2998 super
200 2918 323 2998 genibus
338 2929 437 2977 tenens
463 2918 633 2977 infantulum
653 2919 766 2977 Jesum.
807 2918 950 2979 Infantulo
968 2918 1040 2976 lesu
1055 2917 1146 2978 adstat
1159 2920 1296 2980 diaconus

105 3035 167 3077 cum
180 3016 305 3075 flabello.
348 3017 438 3074 Porro
454 3026 513 3074 tum
528 3006 642 3074 infantis
656 3016 739 3084 Jesn,
754 3024 814 3073 tom
828 3016 864 3074 Β.
880 3014 1007 3092 Virginis
1022 3027 1108 3092 caput
1125 3017 1233 3085 nimbo,
1249 3035 1301 3076 sen

108 3117 218 3177 aureola
232 3115 440 3176 circumdatum
461 3115 552 3174 est.”⁴
591 3116 704 3174 Erectis
727 3115 878 3185 Ecclesiis,
900 3134 988 3189 quum
1006 3114 1068 3191 jam
1082 3115 1182 3174 liceret
1194 3116 1303 3174 cultum

109 3215 271 3275 solemniter
300 3233 445 3292 peragere,
468 3213 568 3272 tabule
596 3232 682 3272 sacrae
707 3214 861 3290 parietibus
886 3212 1129 3291 appendebantur,
1156 3223 1185 3272 et
1211 3212 1306 3272 debita

105 3315 280 3373 veneratione
295 3312 413 3372 affecte.
455 3313 546 3371 Porro
560 3314 698 3372 honorem
716 3313 752 3371 iis
773 3314 808 3371 ab
829 3313 909 3372 initio
924 3312 1020 3372 datum
1045 3331 1111 3372 esse
1131 3332 1168 3371 cx
1184 3311 1306 3392 aureolis

110 3411 209 3484 quibus
223 3419 359 3470 ornantur
372 3410 439 3468 licet
458 3409 571 3468 inferre.
613 3410 749 3476 Basilius,
765 3429 851 3484 quern
865 3400 1100 3478 laudavimus-se
1121 3409 1261 3468 honorare
1275 3418 1306 3468 et

111 3509 234 3568 venerari
259 3504 399 3585 imagines
421 3526 515 3566 sacras
530 3516 647 3566 testatus
668 3517 721 3576 est,
748 3518 777 3566 et
797 3526 905 3566 rnorem
921 3507 955 3566 ab
976 3507 1124 3584 Apostolis
1146 3507 1304 3567 derivatum

113 3623 171 3664 esse
192 3605 299 3665 docuit.
341 3604 419 3682 Toto
441 3605 559 3664 Oriente
581 3605 680 3682 viguit,
702 3605 794 3664 donec
814 3604 920 3662 saeculo
943 3613 1043 3662 octavo
1064 3605 1219 3682 imperator
1239 3624 1306 3665 enm

113 3702 227 3762 evellere
246 3713 365 3762 conatus
391 3703 437 3771 sit.
480 3701 580 3779 Viguit
593 3703 678 3760 etiam
700 3721 751 3780 per
764 3701 961 3770 Occidentem,
977 3702 1110 3775 quamvis
1132 3703 1208 3762 hand
1230 3702 1304 3762 adeo

116 3800 228 3859 solemni
242 3801 307 3859 ritu.
350 3800 468 3858 Testem
480 3800 540 3876 jam
556 3799 765 3876 appellavimus
778 3799 872 3875 ipsum
886 3798 1057 3876 Gregorium
1073 3800 1225 3879 Magnum.

120 3890 126 3899 Ν
152 3901 214 3956 154.
235 3895 292 3977 obj
308 3901 355 3956 13.
379 3896 464 3964 Quod
479 3898 649 3977 retineantur
663 3916 751 3955 sacre
765 3897 904 3972 imagines
919 3908 947 3954 et
959 3909 1121 3956 reverenter
1141 3900 1306 3965 habeantur,

125 4010 200 4053 nemo
214 3994 309 4054 forsan
319 4004 502 4071 repugnaret,
518 3995 574 4052 nisi
599 3994 713 4052 occasio
737 3992 803 4051 inde
818 4003 878 4051 orta
902 3993 1003 4053 fuisset
1017 4014 1065 4053 eas
1080 3995 1191 4054 colendi
1206 3995 1308 4053 ritibus

121 4091 161 4162 qui
173 4094 311 4153 ethnicam
327 4093 441 4170 sapiunt
466 4093 708 4170 superstitionem,
724 4092 887 4150 deferuntur
901 4093 1007 4170 qnippe
1022 4113 1073 4170 par
1087 4095 1166 4151 vicos
1180 4093 1210 4150 in
1230 4093 1307 4171 regi·

123 4187 209 4246 onibus
229 4188 400 4256 Catholicis,
422 4188 503 4246 turba
527 4189 556 4247 in
578 4207 671 4266 genua
691 4206 722 4246 sa
744 4196 948 4264 prosternente,
964 4198 1098 4255 ornantur
1117 4188 1235 4247 floribus
1256 4175 1309 4249 vel

124 4279 281 4346 indumentis
296 4286 441 4364 pretiosis,
456 4283 583 4344 adoletur
599 4285 634 4342 iis
649 4285 725 4353 thus,
739 4299 767 4343 et
788 4285 836 4344 alii
850 4285 966 4362 plurimi
980 4285 1143 4344 desemntur
1168 4285 1303 4345 honores.

336 4502 378 4569 (1)
397 4503 448 4553 Jer.
459 4503 489 4552 11.
506 4506 550 4553 27.

336 4589 378 4654 (2)
398 4587 428 4638 L.
440 4588 457 4638 i.
468 4595 553 4639 contra
563 4588 664 4638 Gentes.
756 4640 758 4654 h

338 4675 381 4740 (3)
403 4674 509 4725 Perrone
520 4675 602 4725 Tract.
613 4675 643 4724 de
654 4674 721 4725 cultu
734 4674 882 4724 Sanctorum
894 4686 916 4721 c.
927 4686 951 4720 v.
961 4686 989 4723 n.
1002 4675 1059 4723 119.

341 4762 393 4827 (4),
403 4763 510 4813 Perrone
522 4760 616 4812 ibidem
626 4777 651 4812 rn
666 4763 722 4812 12³.
733 4769 785 4813 not.
796 4777 817 4812 c.

363 4964 373 4995 Ι
