2798 5092
345 374 401 435 DE
422 374 629 436 MlNlS'I'RO
653 374 1044 438 SACRAMENTORUM.
1234 382 1287 440 tol

97 535 246 614 Apostolos
271 543 401 611 pastores
425 551 490 591 esse
505 542 534 591 et
558 532 708 593 doctores:
730 551 797 611 ergo
812 552 870 592 nou
890 534 994 605 officia,
1009 535 1061 594 sed
1081 536 1156 597 dona
1169 555 1286 601 enume-

97 653 169 694 rasse
181 632 349 693 censendus
363 642 407 691 est
420 632 539 691 Paulus.
972 650 975 657 ·

129 730 220 808 Rerp.
244 730 354 804 Utique
380 728 476 788 officia
490 728 622 787 distincta
644 728 779 807 pleraque
800 741 866 788 sunt
885 732 950 804 qu'm
970 740 1099 790 recenset
1118 734 1286 811 Apostolus,

99 829 279 907 quamvisea
294 825 445 901 aliquando
460 829 490 884 iu
511 825 612 885 eodem
633 827 750 886 homine
772 828 907 906 conjungi
922 827 1079 905 contigerit.
1123 830 1175 888 Nil
1194 816 1289 891 autem

95 923 268 982 distinctioni
282 922 385 988 obstat,
401 920 477 994 quod
492 932 619 998 pastores
634 933 663 979 et
677 921 811 980 ductores
827 922 916 982 iidem
938 925 1034 981 l'orsan
1048 936 1257 1002 nuncupentur,
1272 946 1289 984 a

96 1021 205 1081 dnobus
219 1020 351 1098 ejusdem
366 1011 492 1078 muneris
507 1019 620 1086 officiis,
636 1021 768 1093 quamvis
784 1029 812 1078 et
826 1021 855 1078 hi
870 1021 1006 1099 distingui
1020 1024 1141 1099 possint,
1156 1033 1285 1100 pastores

93 1119 198 1195 quippe
220 1116 352 1194 episcopi
377 1134 492 1193 gregem
514 1117 715 1192 gubernantes,
736 1115 865 1174 doctores
888 1115 935 1175 alii
960 1115 1080 1176 ducendi
1102 1117 1209 1186 officio,
1224 1136 1284 1177 non

96 1215 163 1273 item
177 1215 330 1291 regimine,
348 1213 469 1290 praediti,
484 1211 604 1288 intelligi
625 1222 756 1288 possunt.
798 1211 941 1271 Caeterum
956 1231 993 1271 ex
1004 1213 1143 1273 donorum
1166 1213 1286 1272 dirersis

95 1310 241 1369 ordinibus
267 1309 536 1377 communicatione,
561 1308 606 1366 v'el
631 1327 668 1366 ea
692 1307 822 1385 ejusdem
850 1309 977 1367 muneris
1002 1311 1087 1367 variis
1112 1310 1287 1379 nominibus,

95 1409 153 1467 fieri
166 1428 227 1468 uon
242 1418 339 1486 potest
351 1418 383 1465 ut
396 1416 522 1484 potestas
537 1407 625 1464 saeris
640 1407 780 1464 ministris
794 1408 956 1484 specialiter
976 1407 1087 1476 tributa,
1102 1407 1288 1487 dispensandi

99 1506 207 1566 Christi
221 1505 340 1565 nornine
354 1513 540 1571 sacramenta,
556 1504 716 1562 communis
728 1504 1008 1574 omnibusfidelibus
1021 1503 1129 1563 eradat.

130 1609 179 1663 32.
206 1603 273 1682 obj.
287 1608 316 1662 3.
339 1603 474 1660 Minister
488 1611 726 1660 sacramentorum
742 1611 850 1659 tantum
864 1613 1003 1661 memorat
1016 1602 1092 1676 quod
1103 1604 1171 1662 lecit
1181 1603 1285 1662 etfacit

98 1702 168 1776 quod
184 1703 276 1778 jussit
290 1699 424 1758 Christus
438 1718 447 1756 ι
469 1697 544 1772 quod
558 1699 728 1756 christianus
742 1699 861 1773 quilibet
880 1699 972 1758 lacere
986 1700 1074 1759 valet.

133 1798 220 1876 Resp.
254 1797 390 1856 Minister
420 1804 661 1854 sacramentorum
690 1796 747 1872 agit
775 1794 885 1853 Christi
909 1797 1026 1855 nomine
1046 1808 1074 1855 et
1101 1798 1286 1866 auctoritate;

96 1906 119 1952 et
139 1892 259 1971 speciali
281 1890 401 1969 proinde
424 1891 534 1968 indiget
559 1901 709 1967 potestate.
751 1891 820 1950 Ideo
841 1891 975 1950 Christus
989 1893 1145 1970 Apostolos
1166 1895 1284 1952 mittens

98 2010 175 2067 quam
190 2012 207 2050 a
221 1991 308 2049 Patre
319 2000 469 2066 acceperat
483 1999 651 2065 potestatem
667 1990 845 2055 memoravit,
858 2008 947 2062 seque
959 2008 1009 2048 eos
1021 1991 1131 2049 mittere
1145 1992 1234 2049 instar
1243 1992 1289 2049 sui

101 2090 261 2150 declaravit.
303 2089 356 2147 Nil
382 2089 468 2165 igitur
490 2087 604 2164 proficit
623 2087 742 2160 quilibet
763 2087 870 2160 absque
891 2088 1054 2146 auctoritate
1075 2107 1155 2146 sacra
1174 2108 1292 2148 munera

98 2187 271 2267 aggrediens,
286 2184 339 2243 sed
354 2185 463 2242 Christi
478 2184 605 2241 instituta
618 2183 713 2241 irrisui
728 2183 831 2241 habere
846 2182 972 2242 videtur.

135 2291 182 2346 33.
209 2283 277 2364 ooj.
293 2287 323 2341 4.
346 2282 487 2341 Omnibus
502 2281 653 2341 latentibus
674 2281 864 2357 baptismusa
879 2281 1007 2354 quolibet
1027 2280 1180 2340 ministrari
1192 2283 1286 2341 valet:

98 2382 124 2441 id
145 2380 214 2441 rerd
239 2379 350 2438 admitti
374 2379 483 2452 nequit,
507 2379 531 2436 si
556 2370 689 2437 dmnibus
713 2377 875 2436 christianis
901 2396 959 2436 non
983 2377 1021 2436 sit
1048 2378 1077 2436 in
1105 2379 1288 2437 sacramentis

98 2491 229 2557 potestas.
263 2476 266 2481 ’

131 2576 221 2654 Resp.
244 2574 293 2633 Ex
310 2591 426 2632 summa
438 2572 574 2649 baptismi
588 2573 760 2630 necessitate
776 2581 902 2652 potestas
915 2571 993 2629 illius
1007 2569 1187 2629 ministrandi
1201 2571 1291 2628 omni-

95 2674 140 2733 bus
160 2674 261 2733 relicta
285 2681 338 2738 est,
355 2669 473 2729 Christo
498 2671 538 2727 ita
562 2669 732 2747 disponente
754 2670 797 2727 uti
823 2688 858 2727 ex
873 2668 1021 2727 traditione
1036 2677 1064 2725 et
1077 2686 1130 2726 usu
1152 2667 1292 2726 Ecclesiae

98 2770 242 2830 discimus.
286 2769 431 2826 Caeterum
448 2786 504 2825 nun
520 2766 618 2825 eadem
634 2778 677 2824 est
691 2767 824 2824 omnibus
839 2765 1000 2831 auctoritas,
1011 2782 1078 2823 nam
1099 2776 1178 2822 extra
1191 2781 1290 2822 neces·

99 2870 208 2928 ritatem
224 2887 282 2926 non
299 2866 366 2923 licet
387 2865 460 2923 laico
480 2865 634 2941 baptizare.
676 2864 760 2930 Quod
780 2872 873 2920 autem
886 2880 922 2920 ea
943 2872 1068 2938 potestas
1089 2863 1128 2920 sit
1147 2862 1288 2928 omnibus,

97 2968 175 3025 etiam
197 2962 377 3029 infidelibus,
391 2961 461 3018 satis
483 2960 614 3036 congruit
629 2959 767 3017 ablutioni
782 2976 845 3031 quae
867 2956 1024 3030 aquolibet
1038 2957 1101 3014 fieri
1120 2956 1212 3024 valet;
1234 2977 1286 3014 nec

100 3066 190 3141 probet
203 3071 256 3121 eos
271 3057 342 3135 quid
357 3058 488 3134 possein
506 3057 569 3113 aliis
584 3054 855 3126 sacramentisque
876 3050 1065 3120 sacrificandi,
1081 3052 1125 3110 vel
1143 3051 1286 3130 judicium

100 3161 210 3229 ferendi,
226 3159 273 3216 vel
289 3156 375 3214 aliam
390 3152 544 3232 specialem
561 3163 729 3230 potestatem
744 3151 874 3229 exigunt.
966 3203 968 3207 ,

430 3637 456 3709 §.
472 3635 510 3693 ll.
542 3635 590 3693 Da
605 3650 739 3692 urutsrnr
753 3648 950 3691 incensione.

134 3884 177 3939 34.
192 3880 224 3940 ls
234 3878 289 3938 luit
300 3872 421 3934 Lutheri
433 3892 520 3939 error,
534 3891 569 3930 ex
582 3872 723 3950 principio
734 3870 769 3928 de
780 3869 848 3928 fidei
858 3868 1063 3946 justificatione
1074 3868 1229 3939 derivatus,
1240 3888 1283 3928 sa-

104 3992 231 4040 cramenta
242 3974 383 4056 prodesse
395 3974 626 4050 suscipientibus,
636 3970 790 4031 dummodo
800 3969 917 4027 firmiter
926 3968 1072 4029 crederent
1083 3971 1138 4028 sibi
1150 3971 1284 4046 imputari

105 4072 198 4136 Christi
211 4076 324 4142 merita,
334 4073 401 4131 lieet
415 4071 549 4129 sacerdos
557 4090 614 4130 non
623 4072 708 4138 serio,
720 4067 770 4126 sed
780 4067 963 4144 joooageret.
978 4067 1006 4125 Ε
1017 4078 1114 4126 οοαυα
1123 4077 1284 4126 constanter

105 4169 185 4233 docuit
201 4173 340 4234 Ecclesia
355 4170 539 4227 sacramentis
560 4188 597 4226 ex
612 4167 720 4224 Christi
736 4164 913 4224 institutione
926 4165 1021 4224 inesse
1034 4166 1176 4232 virtutem,
1192 4183 1283 4239 eaque

106 4271 277 4332 ministranda
292 4287 358 4328 esse
373 4268 469 4324 animo
490 4265 611 4324 faciendi
633 4263 709 4337 quod
725 4262 787 4340 ipse
811 4250 940 4320 institui-l.
982 4259 1016 4318 Id
1035 4279 1071 4319 ex
1085 4260 1285 4322 constitutione

107 4363 207 4428 Martini
222 4370 288 4436 V.,¹
304 4376 381 4423 etex
395 4363 508 4421 decreto
523 4361 694 4439 Eugeniauo
709 4379 760 4438 pro
774 4335 907 4418 Arrhenis
930 4365 1048 4424 constat,
1071 4356 1149 4431 qued
1162 4358 1285 4419 solemni

107 4461 254 4529 delinitione
263 4464 396 4528 ,munivit
409 4462 560 4520 concilium
578 4459 800 4519 'Prideutiuumz
822 4457 962 4530 “Siquis
976 4455 1123 4515 dixeritis
1136 4457 1284 4527 ministris,

107 4557 159 4625 dum
181 4571 362 4627 sacramenta
384 4560 539 4619 conficiunt
553 4571 582 4618 et
603 4558 764 4626 conserunt,
778 4574 836 4615 nun
856 4554 962 4626 requiri
983 4554 1169 4615 intentionem
1183 4556 1283 4617 saltem

456 4721 493 4781 (l)
512 4676 553 4768 hd
565 4719 656 4769 calcem
668 4716 747 4846 Cpqc.
762 4701 966 4766 Constentier'tsia
