2798 5092
127 321 185 379 338
413 364 417 376 .
616 317 843 415 APPENDIII.

127 475 223 536 datum
238 476 378 535 edocendi
393 494 493 535 omnes
508 486 607 555 gentes
622 477 799 557 implendum
814 488 903 548 curat,
915 478 1018 538 arbiter
1031 471 1149 539 litinter
1162 479 1313 558 principes,

126 594 163 635 ue
180 576 345 655 jurgiorum
361 587 491 634 nascatur
505 575 629 636 occasio.

615 755 743 815 Sncuco
764 753 851 815 XVI.

173 917 242 971 213.
266 913 338 972 Ρ111
353 912 419 980 111..
435 923 516 971 antea
531 912 703 971 Franciscus
724 913 943 981 Todeschiuus,
957 913 1000 972 vir
1021 913 1151 988 eloquio,
1166 910 1328 991 prudentia,

132 1008 269 1087 religiono
285 1010 417 1086 insignis,
431 1010 539 1068 electus
552 1020 606 1077 est,
621 1008 672 1066 sed
688 1023 752 1087 post
767 1010 866 1086 viginti
881 1028 934 1068 sex
949 1007 1009 1068 dies
1024 1023 1115 1069 morte
1136 1009 1267 1068 sublatus
1282 1009 1329 1068 die

134 1113 170 1166 ts
187 1107 318 1165 Octobris
337 1111 422 1165 1503.

168 1209 238 1262 214.
259 1203 680 1272 11111111.,111111111111111
701 1204 862 1270 Ruvereus,
884 1204 992 1286 electus
1013 1214 1079 1281 post
1096 1204 1177 1281 justa
1199 1204 1348 1281 pontifici.

127 1302 262 1363 defuncto
277 1302 432 1378 persoluta,
444 1302 478 1358 ad
492 1305 528 1357 21
546 1300 693 1358 Februarii
711 1305 786 1358 1513
802 1301 883 1359 vixit.
908 1300 1028 1359 Militari
1043 1299 1133 1378 gloria
1147 1300 1251 1375 cla0it
1263 1300 1328 1378 plus

130 1421 216 1477 quam
234 1401 398 1478 pontificem
414 1399 526 1473 decuit:
549 1417 635 1472 quem
651 1408 744 1457 tamen
759 1400 796 1457 ob
811 1410 973 1476 temporum
988 1400 1202 1467 necessitatem,
1220 1411 1249 1457 et
1266 1401 1300 1480 ju
1321 1442 1324 1450 .

128 1499 202 1557 11111
228 1497 340 1573 imperii
366 1496 433 1553 laesa
454 1505 572 1553 excusat
587 1493 753 1554 ciaconius.
795 1494 924 1554 Dissidia
949 1495 1047 1553 habuit
1067 1495 1239 1572 gravissima
1261 1515 1327 1555 cum

130 1594 289 1654 Galliarum
307 1613 383 1670 rege,
399 1611 483 1665 quem
509 1593 538 1650 in
553 1592 598 1650 sui
618 1593 756 1652 auxilium
772 1593 939 1651 accersitum
962 1611 1000 1651 ex
1014 1592 1095 1650 Italia
1118 1582 1325 1669 expellendum

88 1752 94 1763 ,
130 1691 267 1768 deinceps
283 1691 401 1757 curavit,
418 1708 453 1747 ne
468 1689 554 1747 uimis
567 1702 746 1767 gravesceret
761 1689 908 1747 Gallorum
931 1689 1067 1766 potentia.
1110 1688 1271 1766 Templum
1293 1689 1325 1747 S.

129 1789 208 1847 Petri
222 1788 330 1864 erigere
344 1788 441 1863 coepit,
457 1805 520 1860 quae
535 1805 580 1845 res
595 1786 682 1845 animi
697 1787 817 1845 consilia
832 1786 1011 1864 amplissima
1025 1785 1130 1865 prodit.
1173 1785 1324 1864 Religiose

131 1888 274 1964 perceptis
289 1886 471 1944 sacramentis
485 1885 562 1943 diem
576 1885 678 1944 clausit
692 1896 862 1944 extremum.

169 1990 238 2043 215.
261 1985 326 2042 Lno
340 1985 391 2052 X.‚
407 1996 488 2042 antea
502 1984 629 2043 Joaunes
651 1983 821 2052 Medicaeus,
843 1983 1039 2052 Florentinus,
1061 2002 1153 2042 annos
1174 1995 1260 2042 natus
1283 1984 1349 2042 tri-

131 2083 210 2160 ginta
224 2095 288 2140 octo
299 2082 406 2140 electus
420 2093 465 2140 est
481 2086 516 2139 15
532 2082 628 2140 Μ11111
643 2081 689 2139 die
707 2085 793 2140 1513.
835 2079 966 2158 Ingenio,
982 2081 1083 2139 artium
1097 2081 1264 2140 liberalium
1279 2101 1332 2159 pa·

130 2181 263 2253 troeiuio,
285 2179 372 2237 animi
396 2179 618 2255 magnificentia,
634 2179 782 2247 suavitate,
804 2179 972 2246 constantia,
987 2178 1165 2246 liberalitate,
1189 2181 1351 2256 castitate,

134 2277 249 2353 pietate,
270 2268 476 2347 vinu'tibusque
498 2275 638 2352 plurimis,
662 2275 772 2334 enituit.
814 2275 973 2334 Severioris
994 2287 1089 2333 autem
1111 2275 1219 2334 indolis
1240 2294 1351 2350 quuut

131 2392 190 2432 nou
214 2383 300 2447 esset,
314 2373 408 2431 studia
429 2372 590 2451 theologice
614 2374 749 2448 virosque
775 2372 925 2452 theologice
946 2372 1030 2432 laude
1051 2387 1166 2432 ornatos
1183 2393 1243 2432 non
1266 2373 1353 2434 adeo

132 2472 231 2538 coluit,
246 2485 274 2529 et
298 2471 386 2530 animi
410 2470 614 2531 oblectamenta
635 2473 725 2530 1111111
739 2472 834 2530 studio
853 2473 1006 2547 quoerebat,
1022 2472 1130 2530 avitiis
1152 2475 1342 2548 ceteroquin

131 2567 301 2642 longissime
323 2567 487 2623 abhorrens.
530 2566 599 2640 Ipse
623 2567 766 2624 Lutherus
792 2568 865 2624 nibil
879 2569 910 2625 in
923 2569 987 2642 ejus
1008 2568 1136 2625 moribus
1157 2569 1340 2643 culpandum

132 2665 260 2723 invenit:
283 2663 422 2721 Erasmus
437 2673 531 2721 autem
546 2662 676 2741 plurimis
688 2681 753 2720 eum
766 2664 877 2721 ornavit
887 2664 999 2742 elogiis.
1021 2666 1107 2723 Anno
1125 2666 1339 2725 1517Lu1heri

130 2764 344 2844 propositiones
356 2763 500 2822 damnavit
509 2762 610 2821 Bulla:
626 2763 757 2839 Exurgat
766 2762 919 2821 Dominus.
941 2762 1045 2822 011111
1061 2763 1231 2823 Decembris
1244 2768 1333 2823 1521.

169 2866 239 2920 216.
261 2863 416 2920 Annianus
427 2861 492 2928 VI„
507 2861 641 2928 Batavus,
655 2859 758 2918 humili
772 2878 877 2936 genere
891 2872 982 2928 ortus,
995 2861 1100 2919 virtute
1114 2880 1147 2919 ac
1163 2859 1336 2922 doctriuead

24 2945 25 2948 Ἴ
129 2978 259 3018 summos
271 2958 400 3036 pervenit
410 2958 545 3016 honores.
568 2956 780 3036 Magnostudio
792 2958 821 3015 in
832 2957 1183 3016 morumemendatiouem
1196 2959 1333 3028 incubuit,

5 3062 8 3069 '
129 3059 181 3118 sed
196 3058 361 3117 austerioris
375 3056 454 3114 visus
470 3067 514 3115 est
528 3056 637 3114 virtutis
659 3074 744 3129 quam
771 3066 932 3132 temporum
953 3054 1079 3115 conditio
1094 3055 1192 3124 ferret,
1207 3056 1280 3116 adeo
1300 3066 1327 3116 ut

132 3158 196 3235 ipse
211 3157 338 3215 omnium
350 3154 460 3232 judicio
475 3153 596 3233 imperio
617 3153 720 3230 diguus
735 3153 814 3212 visus
835 3153 946 3223 suisset,
968 3153 1025 3211 nisi
1047 3166 1208 3232 regnasset.
1252 3155 1328 3214 Obiit

133 3256 177 3314 vir
188 3256 314 3331 optimus
332 3256 368 3310 14
383 3253 560 3330 Septembris
578 3256 664 3310 1523.

170 3359 240 3415 217.
263 3353 410 3413 Ceraunus
424 3350 504 3419 VII.,
519 3362 602 3413 antea
621 3349 716 3409 Julius
733 3349 901 3418 Medicam,
919 3354 955 3409 19
979 3351 1154 3411 Novembris
1174 3357 1253 3411 1523
1277 3352 1330 3411 sul·

132 3453 224 3511 lectus
239 3460 293 3509 est.
324 3449 502 3508 Gravissima
517 3467 619 3527 passus
634 3459 704 3506 esta
720 3448 866 3508 Germano
881 3449 1018 3517 exercitu,
1035 3468 1052 3507 a
1067 3447 1176 3508 Carolo
1188 3449 1227 3509 V.
1244 3453 1331 3509 misso

134 3552 169 3611 ad
185 3550 375 3610 ulciscendam
399 3550 532 3626 injuriam
547 3568 632 3622 quam
647 3549 702 3606 sibi
723 3549 826 3607 illatum
843 3549 1011 3617 aestimabat,
1036 3546 1142 3606 foedere
1157 3569 1175 3606 a
1197 3550 1331 3626 pontifice

131 3668 197 3709 cum
213 3647 305 3705 Gallis
321 3646 440 3719 aliisque
465 3665 516 3722 pro
539 3645 666 3703 libertate
681 3645 769 3703 Italiae
792 3645 874 3703 lnito.
915 3644 983 3722 lpse
1009 3645 1145 3703 obsessus
1161 3655 1207 3702 est
1220 3646 1251 3703 in
1268 3661 1329 3703 arce

133 3746 167 3804 S.
182 3741 297 3820 Angeli,
312 3761 365 3799 nec
380 3741 537 3799 libertatem
553 3760 710 3818 pacemque
725 3740 780 3799 nisi
792 3740 954 3799 durissimis
968 3738 1181 3799 conditionibus
1196 3742 1328 3819 impetra·

131 3845 182 3902 vit.
225 3841 353 3901 Henrico
378 3839 461 3898 VIII.
483 3839 594 3916 Angliae
616 3840 687 3916 regi,
711 3839 898 3898 catharinam
923 3858 1042 3898 uxorem
1059 3840 1209 3916 repudiare
1224 3841 1329 3900 volenti

130 3941 242 4007 restitit,
272 3955 427 4015 pronasque
456 3935 664 3996 ecclesiasticas
688 3936 832 4013 irrogavit.
874 3935 945 3994 Inde
979 3935 1144 3994 schismatis
1177 3936 1330 4014 Anglicani

131 4039 222 4115 origo,
243 4055 310 4113 rege
325 4033 477 4093 furibundo
491 4032 609 4091 libidine
630 4034 762 4110 exigente
778 4043 808 4090 ut
821 4032 885 4109 ipse
900 4041 987 4110 caput
1005 4050 1173 4109 supremum
1190 4033 1330 4092 Ecclesiae

132 4135 299 4212 Anglicauae
314 4141 524 4208 agnosceretur,
540 4131 686 4206 pontificia
700 4130 866 4188 auctoritate
887 4131 1002 4207 rejecta.
1044 4128 1125 4189 Obiit
1137 4128 1280 4190 Clemens
1299 4132 1334 4188 21

133 4232 311 4310 Septembris
328 4233 415 4296 1534,
431 4227 532 4304 optimi
548 4227 692 4304 pontificis
706 4226 820 4285 laudem
836 4227 1017 4303 promeritus.

170 4335 240 4388 213.
263 4330 382 4388 Ρ11111
397 4324 462 4393 111.,
474 4335 556 4383 antea
567 4323 731 4383 Alexander
739 4324 905 4392 Farnesius,
917 4328 953 4382 13
966 4323 1099 4383 Octobris
1113 4327 1332 4404 1534111111-

133 4439 178 4489 tus
194 4429 389 4505 pontificatum
405 4425 495 4484 tenuit
507 4424 540 4482 ad
558 4429 593 4482 10
612 4423 783 4481 Novembris
809 4413 895 4491 1519,
911 4422 1091 4500 plurimaque
1106 4426 1199 4500 gessit
1213 4425 1335 4484 feliciter

48 4531 70 4585 t
130 4535 160 4589 11
172 4527 313 4605 praeclare.
357 4527 397 4584 Ut
409 4525 562 4584 concilium
577 4522 779 4581 TridentInum
802 4523 990 4580 celebraretur
1004 4521 1130 4579 maxime
1147 4521 1334 4583 adlaboravit·

5 4614 94 4691 292⁶
131 4625 290 4687 Henricum
313 4621 396 4681 VIII.
419 4621 597 4679 anathemate
623 4617 773 4696 percussit,
796 4636 941 4696 regnoque
956 4617 1103 4693 delapsum
1123 4619 1328 4695 pronuntiavit,

122 4721 250 4802 receptis
274 4737 330 4800 per
355 4719 439 4799 plura
462 4717 568 4778 secula
591 4716 626 4775 de
653 4726 791 4796 potestate
819 4716 967 4794 pontificia
993 4714 1146 4793 principiis
1173 4717 1329 4777 inherens.
