2798 5092
590 353 816 414 APPENDIX'.
1243 360 1305 419 1188

97 535 169 583 rum,
185 517 348 581 sanctitate,
358 512 497 581 doctrina,
507 512 628 600 aliisque
640 513 757 571 eximiis
767 512 883 572 dotibus
900 514 1033 592 insignis,
1043 528 1156 576 sextum
1171 534 1303 576 mensem

99 616 127 674 in
142 617 311 693 pontificatu
328 614 447 690 implere
462 631 520 671 non
535 615 637 690 potuit.
655 612 690 671 ad
704 631 824 689 superos
839 612 990 672 translatus
1005 620 1043 672 22
1059 615 1077 673 J
1081 615 1141 674 unii
1158 619 1245 675 1276.

138 718 205 771 184.
230 712 412 770 Η1111111111
427 711 477 777 1.,
493 710 667 777 Ottobonns,
689 711 779 787 patria
807 710 990 781 (1111111111,
1001 730 1131 771 mensem
1155 713 1184 772 in
1208 713 1303 790 ponti·

98 809 181 867 licatu
199 827 258 867 non
275 807 415 884 implevit,
435 810 471 863 18
487 808 610 883 Augusti
636 799 891 866 1276111111111.

138 912 204 965 185.
227 906 366 965 Jortrvnrrs
393 904 474 971 ΧΧ.,
498 904 653 963 Lusitanus
679 905 804 972 natione,
825 904 919 964 dictus
946 919 1029 964 antea
1055 907 1157 966 Petrus
1181 906 1302 977 Juliani,

98 1003 251 1069 successit,
268 1002 382 1058 eximiae
398 999 566 1058 eruditionis
582 1001 612 1058 in
627 1001 758 1078 physicis
774 1002 931 1078 presertim
942 1013 970 1060 et
983 1005 1013 1061 in
1024 1003 1176 1071 medicina,
1191 1018 1220 1064 et
1230 1004 1299 1065 doc·

97 1115 189 1159 torum
206 1101 356 1158 hominum
373 1109 518 1174 patronus.
561 1099 618 1158 Pro
634 1099 795 1177 principum
812 1119 893 1176 pace,
908 1101 1125 1160 christianorum
1142 1104 1171 1161 in
1187 1104 1295 1164 Palaes-

96 1201 155 1257 tina
169 1198 323 1263 levamine,
339 1209 368 1254 et
389 1196 552 1272 reipublicae
567 1198 731 1256 christianae
753 1198 843 1257 saluto
858 1210 972 1259 strenue
993 1201 1142 1271 laboravit,
1157 1202 1208 1260 sed
1229 1222 1300 1263 con·

97 1299 255 1377 tigmtione
271 1315 330 1352 snae
345 1312 467 1354 camerae
491 1296 595 1364 solnta,
611 1314 768 1372 oppressus
788 1308 842 1365 est,
860 1298 921 1356 dies
943 1310 1051 1357 tantum
1066 1318 1118 1358 sex
1141 1310 1300 1378 superstes.

102 1396 184 1455 Obiit
200 1413 299 1453 mense
320 1394 400 1470 Majo
420 1398 506 1453 1277.

140 1497 206 1552 186.
231 1494 386 1550 Nrconrrus
401 1492 467 1561 111,
484 1503 566 1551 antea
580 1493 706 1552 loannes
723 1493 890 1570 Oajetanns,
906 1504 973 1568 post
991 1513 1045 1553 serr
1060 1513 1174 1554 menses
1189 1495 1301 1557 electus

97 1604 150 1656 est,
177 1589 338 1667 prudentia,
366 1591 512 1666 gravitate,
539 1591 681 1664 aequitate,
697 1603 725 1649 et
747 1591 836 1648 animi
862 1592 1025 1651 fortitudine
1050 1592 1299 1655 commendabilis.

99 1687 205 1746 Pacem
222 1689 296 1744 inter
310 1687 455 1763 principes
471 1688 653 1764 populosque
673 1687 824 1746 conciliare
840 1688 957 1747 studuit.
1001 1689 1162 1748 Firmandae
1182 1708 1303 1751 concor·

97 1785 150 1844 diae
166 1804 231 1844 cum
249 1785 360 1844 Graecis
382 1785 411 1843 in
433 1785 556 1844 concilio
579 1785 768 1864 Rugdunensi
792 1785 868 1844 initae
883 1797 997 1845 strenue
1021 1788 1181 1847 laboravit:
1203 1788 1301 1851 Juda-

97 1902 178 1942 orum
194 1883 376 1942 conversioni
389 1883 506 1950 studuit,
519 1883 688 1942 demandato
701 1883 846 1942 Fratribus
858 1883 1096 1944 Praedicatoribns
1109 1903 1228 1945 munere
1241 1888 1300 1947 illis

98 1980 153 2039 Dei
171 1981 288 2039 verbum
304 1979 499 2039 annuntiandi.
542 1980 675 2038 Pluribus
688 1980 802 2059 egregio
817 1980 933 2057 patratis
945 1982 1015 2040 obiit
1030 1986 1069 2040 22
1082 1982 1208 2060 Augusti
1224 2002 1301 2045 anno

103 2082 190 2145 1280,
207 2096 297 2151 quum
311 2096 401 2134 annos
416 2076 499 2145 dnos,
516 2097 631 2137 menses
646 2077 831 2146 lurchonem,
846 2078 941 2137 minus
952 2079 1063 2137 scilicet
1074 2078 1186 2138 duobus
1197 2077 1300 2140 diebus

98 2176 232 2234 sedisset.
276 2175 425 2235 Gallorum
443 2187 554 2253 strages
574 2177 603 2235 in
620 2176 720 2234 Sicilia
739 2176 814 2235 saeta
827 2187 871 2236 est
882 2195 917 2236 eo
928 2176 1064 2247 sedente3
1080 2176 1130 2236 sed
1145 2176 1301 2245 nefandum

101 2275 255 2335 consilinm
271 2274 312 2332 illi
327 2292 386 2332 non
401 2274 535 2333 innotuit.
1290 2336 1293 2341 .

140 2379 206 2434 187.
230 2373 396 2432 otrannus
411 2372 463 2442 11,
478 2373 528 2447 qui
545 2383 642 2432 tamen
656 2373 710 2433 IV.
724 2373 836 2444 dicitur,
850 2383 916 2452 post
929 2392 982 2434 sex
995 2393 1112 2435 menses
1124 2376 1231 2435 electus
1246 2386 1300 2435 est.

101 2471 203 2529 Simon
218 2470 253 2528 de
269 2470 338 2528 Bria
352 2481 435 2528 antea
456 2465 618 2538 vocabatur,
633 2471 747 2530 natione
772 2471 884 2541 Gallus,
906 2482 935 2530 et
950 2472 1011 2551 jam
1035 2473 1070 2532 ad
1094 2472 1299 2546 cardinalatum

96 2578 223 2625 evectus.
244 2562 445 2624 22'Fabruarii
463 2569 536 2624 1281
553 2567 673 2636 1111111,
688 2568 759 2627 obiit
772 2568 917 2628 miraculis
932 2568 1025 2628 clarus
1042 2575 1081 2629 29
1096 2570 1195 2629 Martii
1212 2574 1301 2631 1285.

95 2664 213 2733 Petrum
227 2664 379 2741 Aragoniae
393 2683 500 2743 regern,
515 2658 552 2725 ob
564 2677 672 2744 partem
687 2686 772 2741 quam
787 2667 887 2726 habuit
907 2668 937 2726 in
953 2662 1101 2728 Gallorum
1128 2668 1206 2728 carde
1221 2669 1299 2741 dicta

103 2760 234 2841 Vesperis
261 2761 381 2832 Siculis,
406 2783 494 2841 regno
520 2764 683 2841 depositum
709 2756 924 2842 pronuntiavitt
945 2767 1098 2843 Aragonias
1124 2778 1220 2828 autern
1246 2787 1299 2828 rex

95 2860 198 2919 Petrus
212 2860 252 2918 II.
268 2861 302 2918 ab
317 2861 485 2920 Innocentio
499 2860 553 2920 111.
569 2871 721 2920 coronatus
736 2880 814 2921 anno
830 2866 916 2931 1204,
928 2880 1048 2940 regnum
1062 2876 1146 2923 suum
1161 2864 1197 2922 Β.
1211 2864 1298 2924 Petro

96 2956 304 3034 Apostolorum
319 2957 443 3034 principi
458 2957 614 3017 obtulerat.-

139 3059 207 3112 188.
229 3053 388 3113 Honoratus
404 3055 468 3124 lV.‚
484 3064 566 3114 antea
580 3055 599 3114 J
601 3056 706 3115 acobus
721 3056 866 3125 Sabellus,
878 3054 957 3134 21111
969 3055 1077 3134 Aprilis
1090 3055 1228 3116 suffectus
1238 3064 1298 3118 est.

95 3151 249 3219 1111111111,
271 3151 422 3229 Aragoniae
437 3171 537 3232 regam
550 3153 671 3231 ejusque
686 3164 804 3213 matrem
828 3152 1025 3214 Constantiam
1042 3154 1220 3212 anathemate
1234 3174 1298 3232 per·

95 3250 196 3317 cussit,
212 3249 248 3307 ob
275 3249 457 3325 tyrannidem
471 3263 499 3309 et
511 3251 630 3310 crimina
650 3251 715 3311 alia.
748 3252 893 3319 Ladislao,
910 3252 1066 3330 Hungariae
1081 3252 1153 3330 regi,
1169 3250 1293 3312 eandem

95 3366 210 3426 poenam
238 3347 400 3416 intentavit,
416 3349 472 3407 nisi
492 3348 620 3407 dimissis
643 3349 804 3426 pellicibus,
825 3350 981 3428 legitimam
1004 3349 1149 3428 exciperet
1166 3367 1296 3411 uxorem.

96 3444 177 3504 Obiit
191 3448 209 3503 3
225 3443 271 3503 die
286 3445 396 3522 Aprilis
415 3450 503 3506 1287.

138 3545 205 3600 189.
229 3541 384 3601 Ν11111111
400 3542 464 3611 IV,
482 3554 564 3602 antea
580 3543 782 3620 Hieronymus
797 3542 970 3611 Asculanus,
986 3561 1023 3601 ex
1038 3542 1146 3602 Ordine
1162 3542 1195 3601 S.
1210 3542 1299 3603 Fran·

94 3640 176 3708 uisci,
203 3641 278 3699 inter
299 3639 457 3699 cardinales
475 3643 538 3719 jam
563 3651 724 3718 cooptatus,
747 3640 854 3700 electus
879 3655 923 3700 est
943 3641 1073 3720 pontifex
1095 3651 1161 3720 post
1182 3661 1297 3701 menses

94 3736 207 3805 decem,
222 3735 284 3795 dies
299 3735 470 3805 octodecim,
486 3736 532 3795 die
547 3741 586 3797 22
602 3737 750 3796 Februarii
768 3741 856 3806 1288,
873 3737 1003 3812 seditque
1018 3737 1052 3795 ad
1067 3737 1207 3816 tnprttis
1217 3736 1298 3797 diem

104 3838 190 3894 1292.
233 3835 342 3911 Magno
357 3832 461 3901 studio,
477 3832 611 3908 felicique
623 3853 759 3894 successu
775 3834 861 3893 fidem
876 3834 950 3894 inter
964 3835 1133 3903 Saracenos,
1148 3834 1296 3903 Tartarus,

97 3933 250 4010 Bulgaros,
277 3932 397 3990 Sclavos
423 3932 633 4009 predicandam
649 3934 767 4002 curavit,
782 3933 878 3993 missis
900 3933 1079 4012 preconibus
1094 3951 1130 3993 err
1152 3913 1299 3993 ordinibus

104 4031 363 4091 Dominicanorum
379 4040 407 4088 et
420 4030 688 4089 Franciscanornm.

137 4131 205 4186 190.
227 4126 259 4185 S.
275 4125 477 4185 0111111111
493 4125 543 4194 V.,
558 4141 640 4186 antea
660 4126 764 4185 Petrus
779 4125 814 4185 de
825 4127 971 4206 Murcus,
995 4127 1126 4187 Eremita
1138 4136 1176 4186 .et
1198 4133 1297 4187 auctor

95 4225 325 4304 congregationis
352 4223 585 4293 Caelestin'ornm,
601 4234 667 4301 post
689 4224 869 4283 intervallum
893 4243 1032 4284 annornm
1057 4224 1189 4292 duorum,
1211 4224 1297 4286 trium

95 4324 251 4392 mensium,
266 4334 295 4383 ct
317 4324 402 4384 unius
426 4324 482 4384 diei
498 4325 616 4393 electus,
632 4335 699 4402 post
713 4326 840 4400 quinque
862 4344 976 4384 menses
997 4335 1025 4384 et
1044 4335 1110 4384 octo
1131 4324 1193 4384 dies
1207 4324 1298 4387 cessit

97 4424 276 4505 pontificatu,
291 4424 338 4482 cui
353 4442 384 4482 se
401 4423 540 4503 imparem
556 4424 681 4502 agnovit,
697 4444 785 4499 quum
807 4418 905 4485 totnm‘
918 4433 1038 4501 poneret
1056 4418 1228 4484 studinm'in
1242 4443 1298 4487 111-

94 4522 210 4581 lestium
226 4538 320 4580 rerum
335 4522 586 4598 contemplatione.
608 4521 688 4583 Obiit
702 4524 730 4582 in
746 4516 810 4582 arce
823 4523 973 4591 Fumonis‚
991 4541 1049 4597 qno
1063 4540 1129 4582 eum
1144 4520 1299 4607 incluserat

99 4617 267 4678 Bonifacius
290 4619 353 4695 ejus
378 4637 538 4688 successor,
564 4639 600 4681 ne
626 4621 774 4681 schismati
797 4621 870 4682 foret
891 4621 985 4692 locus,
1008 4620 1104 4700 pravis
1130 4613 1297 4682 hominibus

107 4715 199 4775 sancti
215 4714 269 4774 viri
281 4715 464 4794 simplicitate
475 4716 569 4777 forsan
584 4717 726 4778 abusuris.
