2798 5092
460 341 673 404 nesactio
695 344 931 408 COELIBA'I'U.
1257 354 1298 411 bb

101 499 181 578 Apud
194 500 404 571 occidentales,
417 512 445 560 et
465 503 639 576 ubicumque
660 505 833 580 Apostolicae
855 504 949 564 Sedis
961 515 1086 584 potestas
1108 525 1173 566 sese
1187 506 1293 569 directe

101 598 284 674 explicuerit,
300 618 364 658 eam
379 617 493 676 semper
507 601 634 677 viguisse
649 601 828 677 exploratum
843 613 904 661 est:
927 621 1011 676 quam
1023 601 1226 674 Orientalibus,
1239 607 1297 683 pls·

101 695 194 769 risque
216 695 334 764 saltem,
358 715 541 755 communem
561 698 651 756 luisse
677 699 798 772 plurima
818 700 938 776 probant
957 699 1136 761 documenta.
1179 702 1210 760 Si
1232 721 1296 776 quae

100 793 183 870 igitur
191 804 347 852 occurrant
359 794 389 853 in
403 794 573 852 contrarium
587 796 730 873 exempla,
746 808 830 872 prout
845 797 998 855 Psrronius
1014 806 1080 872 post
1092 797 1207 874 Lupum
1222 799 1295 858 affir'·

101 899 165 958 mat,
186 909 222 948 ea
241 889 377 949 videntur
399 893 502 950 veteris
531 890 691 970 disciplinae
715 894 886 962 laxamenta,
908 893 1059 952 hominum
1079 895 1242 954 infirmitate
1269 908 1299 956 et

101 987 284 1046 conniventia
304 987 429 1046 inducta.
471 987 615 1048 Catemm
637 990 661 1047 si
682 991 728 1048 cui
751 990 878 1049 videatur
897 991 1076 1049 matrimonia
1096 1003 1162 1068 post
1181 993 1297 1052 ordines

101 1094 252 1160 susceptos
276 1093 385 1142 tantum
406 1085 492 1142 vetita
511 1085 601 1142 luisse
622 1086 703 1144 initio
718 1085 793 1162 apud
816 1086 987 1154 orientales,
1002 1104 1055 1144 usu
1076 1087 1202 1163 conjugii
1218 1089 1296 1164 prius

99 1181 159 1240 initi
172 1182 346 1260 cujusquam
360 1182 502 1259 permisso
517 1183 641 1251 arbitrio,
658 1202 708 1260 per
722 1203 774 1242 nos
789 1183 868 1252 licet,
883 1184 916 1242 ad
935 1183 1006 1261 legis
1021 1184 1112 1257 qualis
1127 1205 1203 1243 nunc
1218 1187 1297 1264 viget

99 1280 128 1339 in
141 1279 278 1338 Ecclesia
292 1279 394 1337 Latina
408 1279 584 1336 sanctitatem
600 1291 629 1336 et
642 1280 804 1352 equitatem
828 1279 1024 1338 vindicandam
1038 1280 1216 1339 festinantes.

139 1380 208 1436 172.
232 1376 274 1435 Ut
296 1375 456 1452 disciplinae
481 1376 614 1434 sanctitas
636 1376 818 1453 intelligatur,
841 1377 1010 1454 virginitatis
1033 1395 1094 1453 prae
1116 1379 1297 1437 matrimonio

100 1473 294 1550 praestantiarn
320 1473 438 1549 pmbare
463 1482 585 1548 oportet.
627 1471 701 1530 Eam
722 1473 790 1531 olim
813 1473 927 1550 negavit
946 1472 1127 1553 dormianus,
1151 1493 1236 1547 quem
1258 1475 1295 1533 ob

99 1573 176 1630 bunc
203 1570 335 1643 aliosque
360 1588 469 1628 errores
496 1580 640 1644 tamquam
669 1571 834 1630 hereticum
862 1570 1007 1630 damnavit
1030 1571 1164 1630 Ecclesia
1190 1573 1296 1631 saeculo

99 1670 208 1743 quinto.
252 1666 415 1726 Novatores
436 1685 494 1725 non
508 1665 609 1744 puduit
622 1668 698 1726 foeda
718 1669 780 1744 ejus
794 1668 897 1745 placita
916 1669 946 1726 in
960 1669 1053 1726 lucem
1077 1669 1177 1745 itemm
1193 1669 1314 1746 produ·.

98 1786 171 1834 cere,
187 1785 262 1840 quos
277 1765 384 1823 idcirco
397 1765 539 1840 percussit
550 1765 728 1824 anathemate
743 1765 943 1824 Tridentinum
959 1767 1132 1825 concilium:
1149 1767 1215 1825 “Si
1230 1768 1295 1840 quis

97 1864 201 1923 dixerit
213 1872 319 1921 statum
333 1862 513 1938 conjugalem
535 1862 765 1938 anteponendum
781 1881 845 1920 esse
859 1863 944 1920 statui
967 1863 1145 1939 virginitatis.
1159 1864 1202 1922 vel
1218 1864 1295 1924 coeli·

97 1961 197 2031 batus3
220 1970 249 2017 et
263 1977 322 2018 non
343 1977 407 2016 esse
423 1958 526 2016 melius
548 1977 580 2014 ac
595 1959 703 2015 beatius
725 1978 839 2017 manere
854 1961 882 2016 in
905 1958 1074 2035 virginitate,
1091 1973 1138 2018 aut
1151 1960 1293 2030 coelibatu,

98 2058 179 2131 quarn
191 2057 278 2135 jungi
292 2057 473 2115 matrimonio
485 2075 494 2124 ς
511 2055 660 2112 anatliema
672 2055 752 2113 sit.'’¹

602 2278 786 2326 snososmo.

134 2428 245 2489 Melius
261 2435 304 2487 est
317 2446 352 2487 oe
363 2427 478 2486 beotius
492 2444 611 2485 monere
625 2425 657 2484 in
669 2425 857 2504 virginitate,
872 2444 964 2504 qnam
970 2425 1070 2506 jungi
1089 2428 1292 2489 matrimonio.

134 2523 328 2586 ProbaturI.
344 2542 380 2582 ea
398 2522 572 2602 Scripturia.

103 2608 107 2616 ’
137 2630 203 2687 174.
226 2625 364 2683 Christus
378 2623 504 2696 loquitur
519 2621 553 2679 de
574 2621 713 2679 eunuchis
733 2631 880 2699 “propter
901 2640 1020 2701 regnum
1035 2623 1193 2683 coelorum..
1235 2626 1293 2692 Qui

97 2734 189 2802 potest
198 2720 302 2800 capere
315 2721 457 2798 capiut.’'⁹
497 2720 693 2778 Vocibusillis
706 2720 864 2777 indicantur
875 2721 925 2794 qni
936 2722 1048 2798 pietatis
1060 2722 1154 2781 studio
1169 2743 1184 2779 a
1198 2725 1291 2782 carnis

97 2823 237 2881 abstinent
245 2821 450 2898 voluptatibus,
463 2838 535 2893 quos
549 2814 643 2876 manet
655 2837 765 2875 merces
775 2830 895 2887 aeterna3
907 2818 1025 2877 Christo
1034 2821 1173 2888 hortante,
1182 2834 1213 2879 ut
1222 2822 1291 2881 illud
1321 2866 1328 2881 .

87 2919 156 2979 sits
170 2937 262 2996 genus
274 2917 361 3001 eligat
375 2917 548 2990 quicumque
563 2915 721 2973 facultatem
738 2916 869 2987 viresqne
883 2915 939 2974 sibi
957 2915 1093 2974 divinitus
1108 2917 1186 2976 datas
1202 2939 1288 2977 nove·

95 3017 137 3074 rit.
177 3016 258 3094 Ergo
273 3015 322 3074 illa
343 3015 407 3073 vite
422 3013 548 3072 conditio
569 3013 677 3069 beatior
691 3021 744 3077 est,
759 3024 855 3088 utpote
876 3013 1017 3088 speciales
1039 3013 1147 3073 habens
1168 3017 1290 3092 promis-

97 3115 200 3172 siones.
522 3133 537 3162 ο

133 3215 200 3270 175.
222 3211 302 3269 Alias
318 3209 402 3268 dicit:
419 3218 438 3245 ⁴⁴
450 3207 552 3266 Omnis
569 3208 618 3279 qui
634 3207 780 3280 reliquerit
788 3205 916 3279 domum,
928 3205 973 3264 vel
985 3206 1094 3275 fratres,
1106 3221 1154 3265 aut
1164 3227 1287 3278 sorores,

94 3319 139 3368 aot
151 3322 273 3389 patrem,
288 3321 336 3367 aut
356 3319 486 3375 matrem,
504 3317 551 3364 ant
572 3323 706 3373 onorem,
722 3317 770 3363 aut
786 3306 872 3374 filios,
888 3314 936 3362 aut
949 3324 1032 3382 agros
1053 3316 1168 3384 propter
1183 3326 1286 3368 nomen

95 3427 198 3479 meum,
223 3407 389 3484 centuplum
414 3406 544 3482 accipiet,
563 3417 591 3462 et
616 3406 702 3462 vitam
728 3416 862 3461 aeternam
887 3400 1091 3480 possidebit.”³
1139 3405 1288 3480 Relinquit

95 3517 184 3567 autern
206 3525 329 3566 uxorem
345 3506 395 3579 qui
416 3514 513 3562 manet
532 3503 563 3561 in
583 3501 755 3579 virginitate,
771 3511 910 3573 quatenus
924 3519 987 3559 earn
1009 3501 1084 3559 hand
1105 3501 1199 3561 ducit:
1222 3524 1284 3565 eam

95 3606 185 3683 reipsa
205 3605 342 3762 {nquit
362 3605 412 3677 qui
433 3603 615 3661 matrimonio
631 3600 693 3677 jam
710 3601 839 3676 junctus,
854 3600 918 3676 ipsa
938 3602 1133 3660 consentiente
1153 3603 1284 3663 coelibem

94 3705 221 3782 amplecti
256 3703 388 3762 rvitam.
439 3700 512 3759 Haec
535 3700 688 3775 voluptatis
717 3696 856 3755 abdicatio
879 3696 989 3755 Christi
1010 3717 1099 3764 cansa,
1120 3703 1283 3779 centuplam

94 3802 249 3862 mercedem
264 3818 362 3858 secum
379 3798 463 3856 trabit
475 3807 504 3855 et
517 3797 603 3855 vitam
616 3808 761 3854 aeternam.

131 3905 194 3961 176.
216 3898 372 3976 Apostolus
389 3895 549 3954 Corinthiis
564 3895 610 3951 his
626 3895 660 3952 de
677 3895 761 3950 rebus
776 3891 954 3968 respondens
966 3892 1052 3950 dicit:
1078 3904 1098 3930 ‘⁸
1110 3895 1223 3953 Bonum
1238 3908 1283 3954 est

95 3995 199 4055 homini
213 3995 361 4054 mulierem
378 4013 434 4051 non
450 4003 565 4068 tangere
576 3991 622 4059 ;'’⁴
641 3993 715 4049 bona
730 3989 838 4046 scilicet
852 4007 953 4046 vocare
973 3989 1067 4047 solent
1082 3990 1196 4050 Hebraei
1218 4010 1280 4064 quae

96 4092 205 4150 meliora
226 4091 272 4149 vel
297 4090 406 4166 optima
426 4102 502 4146 sunt.
544 4087 593 4145 Sic
614 4087 683 4144 dicit
698 4095 716 4122 ‘⁴
730 4084 806 4143 Volo
830 4084 906 4142 enirn
928 4103 1028 4142 omnes
1050 4103 1101 4143 voa
1123 4103 1188 4143 esse
1208 4087 1283 4146 sicut

97 4192 250 4268 meipsum:
267 4187 320 4246 sed
334 4187 531 4260 unusquisqne
548 4185 696 4262 proprium
711 4183 818 4242 donum
833 4182 968 4240 habetest
983 4182 1064 4241 Deo:
1078 4182 1149 4241 alius
1165 4185 1280 4259 quidem

128 4407 164 4472 (l)
182 4404 327 4455 Sess.xxiv.
362 4401 461 4451 Oanx.

129 4466 166 4557 (7)
184 4493 242 4543 Mat.
254 4492 299 4541 xix
323 4493 362 4538 12,

129 4578 166 4643 (a)
183 4578 282 4636 tarnem,
294 4579 339 4624 aa.

129 4664 166 4729 (4)
185 4664 265 4715 lOor.
278 4663 320 4712 vii.
335 4663 358 4711 1.
393 4668 407 4692 ‘⁴
416 4656 482 4711 Thac
493 4658 514 4710 is
525 4659 709 4725 byacotnmnn
721 4659 795 4710 idiom
806 4654 905 4710 beilcr.'’
940 4657 1179 4712 Bloomfisldlnloc.

168 4751 237 4811 Vos.
253 4749 376 4810 lv.-s
