2798 5092
443 343 500 406 DE
522 342 666 405 CULTU
688 343 963 407 SANCTORUM.
1211 347 1264 403 tor

118 509 160 564 25.
180 505 211 565 8.
228 505 383 573 Basrurus,
410 502 445 563 ad
459 504 588 564 Ponticae
608 503 742 563 diocesis
756 503 911 581 episcopos
925 502 1064 571 scribens,
1080 504 1138 562 ait:
1161 511 1181 540 ‘⁴
1192 503 1269 562 Mar-

93 611 171 678 tyrum
192 602 320 662 honores
345 620 411 660 cum
436 620 551 661 summo
575 601 670 660 studio
694 611 879 677 procurantur
900 602 934 658 ab
957 601 993 659 iis
1017 601 1067 673 qui
1092 601 1122 658 in
1143 600 1270 661 Domino

95 710 212 777 sperant:
236 712 297 758 tum
311 699 453 776 imprimis
475 718 492 756 a
513 699 594 757 vobis
615 698 664 772 qui
685 698 780 756 virtuti
804 716 921 774 operam
943 696 1065 755 datis.”¹
1106 698 1271 757 “Ecclesia

94 814 134 874 per
156 797 208 856 hoc
244 795 322 871 quod
349 814 400 853 eos
427 795 550 854 honorat
576 795 625 868 qui
661 807 878 872 pracessemnt,
913 803 1069 871 praesentes
1103 794 1272 871 impellit.”⁹

95 891 211 953 “Bonor
225 910 313 965 quem
328 892 411 950 bonis
426 893 573 950 conservis
588 889 770 959 exhibemus,
787 889 993 950 benevolentiae
1007 908 1075 968 erga
1089 908 1271 951 communem

96 988 235 1050 Dominum
249 991 488 1069 significationem
504 990 539 1050 de
553 1008 585 1048 ss
603 988 758 1067 praebet.'’⁸

129 1092 171 1147 26.
191 1088 224 1146 8.
241 1089 417 1147 Gauooarus
433 1088 593 1147 Nrseasus
607 1087 642 1146 de
657 1088 690 1145 8.
705 1085 863 1146 Theodoro
877 1096 1001 1165 martyre
1015 1085 1169 1155 disserens,
1181 1086 1271 1146 dicits

102 1185 175 1245 “cu
188 1205 288 1265 regum
303 1186 366 1245 talis
380 1186 473 1245 honor
486 1185 629 1244 habetur?
671 1185 744 1252 Quis
766 1204 805 1244 ex
828 1186 864 1244 iis
887 1185 937 1258 qui
957 1204 1044 1261 supra
1065 1183 1180 1244 modum
1202 1184 1276 1242 inter

101 1282 213 1344 honines
227 1285 370 1343 excellere
385 1284 440 1342 visi
454 1293 531 1353 suut,
545 1283 595 1342 tali
608 1284 747 1343 memoria
760 1283 918 1342 celebratur
929 1283 949 1341 l.
982 1283 1055 1350 Quis
1070 1283 1273 1360 imperatorum

103 1381 141 1454 qui
151 1383 230 1441 urbes
245 1382 369 1441 munitas
383 1390 531 1458 ceperunt,
546 1382 677 1441 nafiones
705 1382 870 1440 innumeras
891 1381 1074 1458 subegerunt,
1089 1381 1161 1438 adeo
1174 1380 1276 1438 decan-

102 1485 158 1535 utue
170 1489 195 1538 et
207 1479 283 1537 fama
298 1477 454 1536 celebratus
469 1487 522 1547 est,
538 1477 627 1536 uthis
638 1477 844 1554 milespsuper
859 1477 945 1536 modo
962 1479 1141 1554 conscriptus
1155 1486 1273 1553 attyro,

106 1590 172 1647 quem
186 1577 295 1636 Paulus
310 1576 439 1643 armavit,
455 1595 542 1649 quern
556 1576 660 1654 Angeli
672 1575 707 1634 ad
718 1585 861 1634 certamen
874 1587 1026 1644 unxerunt,
1041 1594 1126 1650 quem
1141 1577 1277 1635 victorem

105 1664 216 1729 Christus
231 1671 422 1730 coronavitl”
463 1672 610 1750 Deinceps
633 1685 787 1750 martyrem
812 1673 907 1750 ipsum
933 1672 1103 1747 alloquitur:
1127 1677 1200 1733 “Ac
1224 1693 1278 1734 nos

105 1767 210 1839 quidem,
227 1768 254 1827 Ο
270 1769 378 1829 Beate!
400 1771 622 1829 anniversariam
637 1770 736 1829 circuli
751 1770 985 1836 vicissitudinem
992 1773 1138 1846 assequuti
1152 1773 1280 1850 benigni·

103 1870 144 1922 tate
155 1864 307 1935 creatoris,
323 1867 372 1926 tibi
388 1868 535 1944 publicum
551 1876 725 1926 conventum
748 1868 911 1945 coegimus,
925 1886 1049 1936 sacrum,
1066 1869 1192 1942 inquam,
1208 1889 1281 1928 mar·

105 1962 191 2037 tyrihus
204 1963 358 2031 addictum,
380 1973 409 2023 et
422 1982 604 2024 communem
619 1963 777 2024 Dominum
803 1963 963 2033 adorantes,
978 1973 1006 2023 et
1021 1977 1132 2025 tuorum
1148 1967 1278 2025 certami-

108 2073 158 2116 unm
170 2060 294 2120 victoriae
310 2061 616 2120 commemorationem
632 2060 849 2138 peragentes.’'⁴

136 2159 176 2217 tt.
195 2158 227 2216 8.
244 2157 420 2217 Gauoomue
439 2157 668 2226 Nazrauzauus,
683 2159 714 2217 iu
728 2158 877 2217 talianum
891 2159 1060 2235 Apostatam
1076 2158 1217 2226 invectus,
1243 2159 1282 2218 ait

111 2258 125 2286 ‘⁸
132 2264 258 2332 martyres
279 2254 387 2313 Julisni
413 2273 542 2323 munera,
559 2265 588 2313 et
609 2254 750 2332 templum
769 2255 847 2328 quod
861 2255 891 2313 in
906 2273 1005 2313 eorum
1018 2254 1158 2314 honorem
1173 2255 1284 2315 volebat

112 2349 208 2428 erigere,
233 2372 300 2411 cum
320 2353 510 2410 christianam
537 2352 630 2411 adhuc
655 2353 822 2428 religionem
855 2355 1044 2428 profiteretur,
1072 2355 1228 2432 respuisse,
1256 2367 1286 2414 et
1372 2384 1376 2392 ⁴

64 2464 67 2469 ·
111 2450 371 2509 teuam’excussisse
386 2448 571 2507 fundamenta
585 2449 700 2509 aedificii
714 2451 798 2519 sacri,
814 2451 891 2525 quod
903 2461 1033 2509 extruere
1049 2453 1212 2510 conabatur.
1246 2452 1284 2512 ΟΞ

109 2540 229 2623 insignem
244 2556 402 2624 martyrum
418 2547 491 2605 inter
505 2565 537 2604 se
551 2545 736 2606 charitatem!
777 2547 928 2606 Honorem
943 2548 1020 2607 illius
1035 2549 1085 2622 qui
1099 2549 1203 2608 multos
1215 2568 1287 2608 mar·

111 2648 171 2716 tyree
181 2644 341 2723 ignominia
353 2653 382 2701 et
395 2643 534 2702 dedecore
545 2643 697 2703 effecturus
712 2658 782 2713 erat,
797 2644 1010 2704 recusarunt.”⁶

139 2742 180 2799 28.
201 2740 233 2799 8.
249 2739 387 2799 Jonuuss
411 2739 659 2808 (lamosacum,
676 2741 710 2799 ad
735 2742 875 2818 populum
898 2743 1109 2801 Antiochenum
1132 2743 1168 2801 de
1182 2745 1287 2803 sanctis

111 2832 263 2917 martyribus
277 2839 296 2897 J
299 2837 435 2898 aventino
450 2848 478 2896 et
491 2839 656 2897 Maximino
670 2840 854 2908 concionans,
870 2841 928 2898 ait:
953 2841 1051 2899 “Non
1073 2841 1152 2899 aliter
1166 2843 1287 2919 priscos.

113 2933 177 2997 uite
184 2938 358 2997 recentiores
367 2936 459 2996 colitis
474 2948 599 3005 sanctos,
612 2937 770 3007 sedeadem
784 2937 936 3006 alacritate,
947 2938 1050 2997 eodem
1062 2958 1171 3008 amore,
1185 2941 1286 3000 eodem

115 3031 198 3094 affectu
212 3035 308 3095 colitis
330 3054 431 3093 omncs
446 3045 475 3092 et
488 3033 705 3093 commendatis.
748 3034 817 3093 Non
830 3036 906 3095 enirn
923 3036 1077 3111 exploratis
1092 3047 1216 3112 tempus,
1238 3039 1289 3096 sed

112 3131 244 3203 exquiritis
260 3130 348 3189 animi
361 3129 566 3198 sortitudtnem,
582 3131 727 3213 pietatem,
749 3130 835 3189 fidem
856 3132 1001 3200 invictam,
1017 3132 1112 3189 zelum
1136 3132 1287 3199 fervidum,

110 3235 132 3285 et
142 3247 183 3289 eas
198 3231 316 3289 virtutes
331 3249 401 3304 quas
425 3229 614 3307 praeseferunt
624 3231 726 3300 sancti,
742 3231 778 3291 ob
794 3249 913 3305 quorum
929 3231 1067 3290 honorem
1082 3231 1167 3289 hodie
1183 3250 1288 3290 conre-

110 3324 236 3387 umus.’'⁰

142 3424 184 3482 22.
206 3423 238 3483 S.
262 3424 417 3483 Gammae
441 3427 697 3483 herremanus:
737 3426 888 3485 “Sanctus
917 3444 1002 3503 porro
1031 3435 1172 3501 martyres
1197 3444 1292 3500 neque

111 3516 178 3579 Deos
190 3540 254 3583 esse
269 3523 403 3591 dicimus,
424 3540 517 3596 neque
540 3523 638 3581 divino
652 3524 729 3582 cultu
744 3525 808 3584 illos
824 3525 940 3583 adorere
954 3524 1091 3592 solemus,
1107 3525 1158 3583 sed
1173 3525 1292 3586 affectus

113 3626 137 3674 et
147 3617 267 3681 honoris.
310 3622 388 3689 Quin
404 3621 499 3698 potius
514 3623 636 3680 summis
650 3621 806 3681 honoribus
821 3623 885 3682 illos
900 3641 1045 3691 ornamus,
1067 3634 1136 3699 puta
1150 3625 1225 3698 quod
1241 3645 1293 3702 pro

112 3715 211 3777 veritate
226 3729 342 3777 strenue
357 3718 535 3786 certaverint,
551 3719 801 3793 sinceritatemque
825 3719 892 3777 fidei
913 3738 1040 3792 eousque
1063 3725 1247 3789 servaverint,
1264 3734 1295 3780 ut

111 3814 217 3876 ninam
232 3819 327 3896 ipsam
347 3819 583 3895 contempserint,
606 3818 818 3896 repudiatisque
840 3820 939 3878 mortis
955 3820 1120 3893 terroribus,
1135 3822 1293 3899 periculum
1362 3848 1368 3897 ,-

137 4055 174 4122 (1)
191 4057 238 4122 up.
252 4059 311 4107 aar.

136 4141 182 4207 (2),
191 4143 258 4193 Orat.
269 4143 296 4192 iu
307 4142 337 4190 8.
348 4142 501 4193 hiemantem
514 4143 549 4194 M.

137 4226 173 4296 (3)
191 4230 256 4297 Orat
268 4230 297 4279 in
307 4231 342 4278 40
354 4230 481 4294 Martyres.
516 4232 580 4282 Vide
591 4232 650 4282 alias
661 4232 743 4297 plures
754 4230 780 4280 in
794 4240 910 4298 martyres
922 4234 1050 4285 orationes.

137 4316 169 4377 (4)
186 4316 252 4367 Orat.
261 4315 293 4365 de
304 4314 332 4364 8.
342 4315 481 4366 Theodoro.

136 4403 171 4468 (b)
188 4402 256 4453 Orat.
267 4400 323 4462 111,
335 4417 388 4465 quse
401 4402 417 4451 i.
428 4404 454 4451 in
466 4402 551 4452 Julian
564 4402 653 4452 invect.

136 4486 175 4557 (b)
192 4490 270 4541 Hom.
281 4489 309 4538 in
323 4485 370 4538 88.
382 4489 418 4540 Μ.
431 4490 467 4539 Μ.
479 4489 494 4537 J
498 4490 606 4541 aventin.
618 4498 642 4540 et
654 4489 756 4541 Maxim.
786 4491 849 4541 Vide
860 4492 934 4542 etiem
945 4491 1062 4557 plurimas
1073 4492 1132 4544 alins
1153 4496 1261 4564 ejusdem
1275 4498 1300 4549 in

109 4580 215 4644 myrea
224 4574 349 4628 homilias.
