<?xml version="1.0" encoding="UTF-8"?>
<!DOCTYPE html PUBLIC "-//W3C//DTD XHTML 1.0 Transitional//EN"
    "http://www.w3.org/TR/xhtml1/DTD/xhtml1-transitional.dtd">
<html xmlns="http://www.w3.org/1999/xhtml" xml:lang="en" lang="en">
 <head>
  <title>
</title>
<meta http-equiv="Content-Type" content="text/html;charset=utf-8" />
  <meta name='ocr-system' content='tesseract 3.04.00' />
  <meta name='ocr-capabilities' content='ocr_page ocr_carea ocr_par ocr_line ocrx_word'/>
</head>
<body>
  <div class='ocr_page' id='page_1' title='image "./theologidogmati02kenrgoog_0051.png"; bbox 0 0 2798 5092; ppageno 0'>
   <div class='ocr_carea' id='block_1_1' title="bbox 115 326 1051 425">
    <p class='ocr_par' dir='ltr' id='par_1_1' title="bbox 115 326 1051 425">
     <span class='ocr_line' id='line_1_1' title="bbox 115 326 1051 425; baseline 0.006 -40"><span class='ocrx_word' id='word_1_1' title='bbox 115 329 153 386; x_wconf 80' lang='grc'>48</span> <span class='ocrx_word' id='word_1_2' title='bbox 190 400 197 425; x_wconf 53' lang='grc' dir='ltr'><strong><em>Ι</em></strong></span> <span class='ocrx_word' id='word_1_3' title='bbox 390 326 447 388; x_wconf 78' lang='lat' dir='ltr'>Du</span> <span class='ocrx_word' id='word_1_4' title='bbox 468 326 715 388; x_wconf 80' lang='lat' dir='ltr'>ELECTIONE</span> <span class='ocrx_word' id='word_1_5' title='bbox 739 328 1051 391; x_wconf 76' lang='lat' dir='ltr'>Mlursussouurr.</span> 
     </span>
    </p>
   </div>
   <div class='ocr_carea' id='block_1_2' title="bbox 51 482 1328 4065">
    <p class='ocr_par' dir='ltr' id='par_1_2' title="bbox 112 482 1315 1157">
     <span class='ocr_line' id='line_1_2' title="bbox 114 482 1313 566; baseline 0.008 -23"><span class='ocrx_word' id='word_1_6' title='bbox 114 483 221 552; x_wconf 81' lang='lat' dir='ltr'>divina,</span> <span class='ocrx_word' id='word_1_7' title='bbox 236 492 265 543; x_wconf 89' lang='lat' dir='ltr'>et</span> <span class='ocrx_word' id='word_1_8' title='bbox 278 482 398 544; x_wconf 88' lang='lat' dir='ltr'>docendi</span> <span class='ocrx_word' id='word_1_9' title='bbox 413 486 463 563; x_wconf 87' lang='lat' dir='ltr'>jus</span> <span class='ocrx_word' id='word_1_10' title='bbox 478 506 495 545; x_wconf 82' lang='lat' dir='ltr'>a</span> <span class='ocrx_word' id='word_1_11' title='bbox 508 484 625 546; x_wconf 82' lang='lat' dir='ltr'>Christo</span> <span class='ocrx_word' id='word_1_12' title='bbox 638 487 669 547; x_wconf 91' lang='lat' dir='ltr'>in</span> <span class='ocrx_word' id='word_1_13' title='bbox 684 487 839 565; x_wconf 82' lang='lat' dir='ltr'>Apostolos</span> <span class='ocrx_word' id='word_1_14' title='bbox 853 486 1010 549; x_wconf 79' lang='lat' dir='ltr'>derivatum</span> <span class='ocrx_word' id='word_1_15' title='bbox 1023 496 1053 547; x_wconf 87' lang='lat' dir='ltr'>et</span> <span class='ocrx_word' id='word_1_16' title='bbox 1074 506 1163 566; x_wconf 86' lang='lat' dir='ltr'>penes</span> <span class='ocrx_word' id='word_1_17' title='bbox 1177 507 1229 551; x_wconf 89' lang='lat' dir='ltr'>eos</span> <span class='ocrx_word' id='word_1_18' title='bbox 1243 509 1313 551; x_wconf 85' lang='lat' dir='ltr'>oon·</span> 
     </span>
     <span class='ocr_line' id='line_1_3' title="bbox 113 581 1311 662; baseline 0.008 -23"><span class='ocrx_word' id='word_1_19' title='bbox 113 581 244 640; x_wconf 89' lang='lat' dir='ltr'>stitutum</span> <span class='ocrx_word' id='word_1_20' title='bbox 269 591 354 651; x_wconf 88' lang='lat' dir='ltr'>est,a</span> <span class='ocrx_word' id='word_1_21' title='bbox 375 584 478 657; x_wconf 83' lang='lat' dir='ltr'>quibus</span> <span class='ocrx_word' id='word_1_22' title='bbox 502 582 621 662; x_wconf 85' lang='lat' dir='ltr'><strong>proinde</strong></span> <span class='ocrx_word' id='word_1_23' title='bbox 646 584 676 643; x_wconf 93' lang='lat' dir='ltr'>in</span> <span class='ocrx_word' id='word_1_24' title='bbox 697 593 815 644; x_wconf 74' lang='lat' dir='ltr'>caeteros</span> <span class='ocrx_word' id='word_1_25' title='bbox 838 585 961 662; x_wconf 86' lang='lat' dir='ltr'>profluat</span> <span class='ocrx_word' id='word_1_26' title='bbox 982 603 1101 645; x_wconf 88' lang='lat' dir='ltr'>necesse</span> <span class='ocrx_word' id='word_1_27' title='bbox 1123 595 1178 646; x_wconf 88' lang='lat' dir='ltr'>est.</span> <span class='ocrx_word' id='word_1_28' title='bbox 1221 587 1311 649; x_wconf 87' lang='lat' dir='ltr'>Petro</span> 
     </span>
     <span class='ocr_line' id='line_1_4' title="bbox 114 678 1315 760; baseline 0.007 -24"><span class='ocrx_word' id='word_1_29' title='bbox 114 690 209 737; x_wconf 89' lang='lat' dir='ltr'>autem</span> <span class='ocrx_word' id='word_1_30' title='bbox 222 678 390 755; x_wconf 71' lang='lat' dir='ltr'>praesertim,</span> <span class='ocrx_word' id='word_1_31' title='bbox 401 679 524 738; x_wconf 83' lang='lat' dir='ltr'>clarium</span> <span class='ocrx_word' id='word_1_32' title='bbox 537 680 618 759; x_wconf 88' lang='lat' dir='ltr'>regni</span> <span class='ocrx_word' id='word_1_33' title='bbox 629 680 754 758; x_wconf 79' lang='lat' dir='ltr'><strong>imagine</strong></span> <span class='ocrx_word' id='word_1_34' title='bbox 768 680 903 752; x_wconf 88' lang='lat' dir='ltr'>adhibita,</span> <span class='ocrx_word' id='word_1_35' title='bbox 915 700 1029 742; x_wconf 85' lang='lat' dir='ltr'>summe</span> <span class='ocrx_word' id='word_1_36' title='bbox 1042 690 1167 760; x_wconf 87' lang='lat' dir='ltr'>potestas</span> <span class='ocrx_word' id='word_1_37' title='bbox 1181 684 1315 744; x_wconf 87' lang='lat' dir='ltr'>omnium</span> 
     </span>
     <span class='ocr_line' id='line_1_5' title="bbox 113 773 1315 858; baseline 0.006 -26"><span class='ocrx_word' id='word_1_38' title='bbox 113 793 177 849; x_wconf 77' lang='lat' dir='ltr'>qun</span> <span class='ocrx_word' id='word_1_39' title='bbox 189 773 226 833; x_wconf 90' lang='lat' dir='ltr'>ad</span> <span class='ocrx_word' id='word_1_40' title='bbox 239 775 320 853; x_wconf 90' lang='lat' dir='ltr'>regni</span> <span class='ocrx_word' id='word_1_41' title='bbox 334 775 607 837; x_wconf 76' lang='lat' dir='ltr'>administrationem</span> <span class='ocrx_word' id='word_1_42' title='bbox 619 778 778 854; x_wconf 90' lang='lat' dir='ltr'>pertineut;</span> <span class='ocrx_word' id='word_1_43' title='bbox 800 789 829 836; x_wconf 85' lang='lat' dir='ltr'>et</span> <span class='ocrx_word' id='word_1_44' title='bbox 845 777 910 836; x_wconf 92' lang='lat' dir='ltr'>ideo</span> <span class='ocrx_word' id='word_1_45' title='bbox 923 778 1116 838; x_wconf 88' lang='lat' dir='ltr'>constituendi</span> <span class='ocrx_word' id='word_1_46' title='bbox 1130 779 1315 858; x_wconf 65' lang='lat' dir='ltr'>magistratus</span> 
     </span>
     <span class='ocr_line' id='line_1_6' title="bbox 113 872 1315 955; baseline 0.005 -25"><span class='ocrx_word' id='word_1_47' title='bbox 113 890 209 932; x_wconf 88' lang='lat' dir='ltr'>sacros</span> <span class='ocrx_word' id='word_1_48' title='bbox 224 882 253 930; x_wconf 90' lang='lat' dir='ltr'>et</span> <span class='ocrx_word' id='word_1_49' title='bbox 278 872 433 944; x_wconf 91' lang='lat' dir='ltr'>ministros,</span> <span class='ocrx_word' id='word_1_50' title='bbox 448 873 548 933; x_wconf 87' lang='lat' dir='ltr'>tradita</span> <span class='ocrx_word' id='word_1_51' title='bbox 572 886 625 934; x_wconf 87' lang='lat' dir='ltr'>est.</span> <span class='ocrx_word' id='word_1_52' title='bbox 669 875 792 935; x_wconf 89' lang='lat' dir='ltr'>Pascerc</span> <span class='ocrx_word' id='word_1_53' title='bbox 814 876 900 934; x_wconf 88' lang='lat' dir='ltr'>ctiam</span> <span class='ocrx_word' id='word_1_54' title='bbox 925 895 1016 954; x_wconf 88' lang='lat' dir='ltr'>agnos</span> <span class='ocrx_word' id='word_1_55' title='bbox 1030 886 1061 935; x_wconf 89' lang='lat' dir='ltr'>et</span> <span class='ocrx_word' id='word_1_56' title='bbox 1079 895 1159 947; x_wconf 43' lang='lat' dir='ltr'>oves,</span> <span class='ocrx_word' id='word_1_57' title='bbox 1167 877 1259 955; x_wconf 91' lang='lat' dir='ltr'>jussit</span> <span class='ocrx_word' id='word_1_58' title='bbox 1272 876 1315 936; x_wconf 91' lang='lat' dir='ltr'>illi</span> 
     </span>
     <span class='ocr_line' id='line_1_7' title="bbox 113 969 1313 1051; baseline 0.005 -24"><span class='ocrx_word' id='word_1_59' title='bbox 113 969 259 1038; x_wconf 88' lang='lat' dir='ltr'>Christus,</span> <span class='ocrx_word' id='word_1_60' title='bbox 274 979 302 1028; x_wconf 91' lang='lat' dir='ltr'>et</span> <span class='ocrx_word' id='word_1_61' title='bbox 321 989 387 1029; x_wconf 89' lang='lat' dir='ltr'>eum</span> <span class='ocrx_word' id='word_1_62' title='bbox 401 970 485 1030; x_wconf 90' lang='lat' dir='ltr'>ovilis</span> <span class='ocrx_word' id='word_1_63' title='bbox 501 972 586 1030; x_wconf 91' lang='lat' dir='ltr'>totins</span> <span class='ocrx_word' id='word_1_64' title='bbox 608 983 751 1051; x_wconf 85' lang='lat' dir='ltr'>pastorem</span> <span class='ocrx_word' id='word_1_65' title='bbox 765 974 928 1033; x_wconf 87' lang='lat' dir='ltr'>constituit.</span> <span class='ocrx_word' id='word_1_66' title='bbox 952 973 1033 1033; x_wconf 89' lang='lat' dir='ltr'>lllius</span> <span class='ocrx_word' id='word_1_67' title='bbox 1046 986 1090 1032; x_wconf 86' lang='lat' dir='ltr'>ost</span> <span class='ocrx_word' id='word_1_68' title='bbox 1110 974 1197 1051; x_wconf 87' lang='lat' dir='ltr'>igitur</span> <span class='ocrx_word' id='word_1_69' title='bbox 1213 992 1313 1033; x_wconf 88' lang='lat' dir='ltr'>curare</span> 
     </span>
     <span class='ocr_line' id='line_1_8' title="bbox 112 1067 1312 1157; baseline 0.002 -32"><span class='ocrx_word' id='word_1_70' title='bbox 112 1077 143 1125; x_wconf 91' lang='lat' dir='ltr'>ut</span> <span class='ocrx_word' id='word_1_71' title='bbox 156 1068 333 1144; x_wconf 70' lang='lat' dir='ltr'>praebeantur</span> <span class='ocrx_word' id='word_1_72' title='bbox 344 1068 477 1127; x_wconf 84' lang='lat' dir='ltr'>omnibns</span> <span class='ocrx_word' id='word_1_73' title='bbox 499 1067 597 1126; x_wconf 92' lang='lat' dir='ltr'>salutis</span> <span class='ocrx_word' id='word_1_74' title='bbox 618 1087 734 1145; x_wconf 92' lang='lat' dir='ltr'>pascua,</span> <span class='ocrx_word' id='word_1_75' title='bbox 749 1068 930 1128; x_wconf 84' lang='lat' dir='ltr'>inferioribus</span> <span class='ocrx_word' id='word_1_76' title='bbox 952 1069 1113 1157; x_wconf 79' lang='lat' dir='ltr'>pastoribus</span> <span class='ocrx_word' id='word_1_77' title='bbox 1134 1069 1312 1128; x_wconf 90' lang='lat' dir='ltr'>constitutis.</span> 
     </span>
    </p>

    <p class='ocr_par' dir='ltr' id='par_1_3' title="bbox 105 1165 1328 2022">
     <span class='ocr_line' id='line_1_9' title="bbox 151 1165 1328 1242; baseline 0.003 -18"><span class='ocrx_word' id='word_1_78' title='bbox 151 1170 199 1224; x_wconf 82' lang='grc'>82.</span> <span class='ocrx_word' id='word_1_79' title='bbox 222 1165 330 1242; x_wconf 84' lang='lat' dir='ltr'>Spiritu</span> <span class='ocrx_word' id='word_1_80' title='bbox 353 1166 458 1224; x_wconf 80' lang='lat' dir='ltr'>Sancto</span> <span class='ocrx_word' id='word_1_81' title='bbox 475 1165 594 1242; x_wconf 90' lang='lat' dir='ltr'>jubente</span> <span class='ocrx_word' id='word_1_82' title='bbox 619 1166 727 1224; x_wconf 88' lang='lat' dir='ltr'>Paulus</span> <span class='ocrx_word' id='word_1_83' title='bbox 741 1174 769 1223; x_wconf 90' lang='lat' dir='ltr'>et</span> <span class='ocrx_word' id='word_1_84' title='bbox 791 1165 935 1225; x_wconf 87' lang='lat' dir='ltr'>Barnabas</span> <span class='ocrx_word' id='word_1_85' title='bbox 958 1166 1141 1242; x_wconf 79' lang='lat' dir='ltr'>impositione</span> <span class='ocrx_word' id='word_1_86' title='bbox 1166 1181 1328 1227; x_wconf 86' lang='lat' dir='ltr'>manuum·</span> 
     </span>
     <span class='ocr_line' id='line_1_10' title="bbox 109 1262 1312 1340; baseline 0.002 -19"><span class='ocrx_word' id='word_1_87' title='bbox 109 1281 190 1322; x_wconf 89' lang='lat' dir='ltr'>sacra</span> <span class='ocrx_word' id='word_1_88' title='bbox 211 1273 351 1338; x_wconf 81' lang='lat' dir='ltr'>potestate</span> <span class='ocrx_word' id='word_1_89' title='bbox 365 1262 440 1320; x_wconf 91' lang='lat' dir='ltr'>aucti</span> <span class='ocrx_word' id='word_1_90' title='bbox 454 1274 540 1331; x_wconf 73' lang='lat' dir='ltr'>sont,</span> <span class='ocrx_word' id='word_1_91' title='bbox 562 1262 655 1335; x_wconf 90' lang='lat' dir='ltr'>quiet</span> <span class='ocrx_word' id='word_1_92' title='bbox 673 1263 731 1339; x_wconf 88' lang='lat' dir='ltr'>ipsi</span> <span class='ocrx_word' id='word_1_93' title='bbox 754 1262 890 1340; x_wconf 83' lang='lat' dir='ltr'>singulari</span> <span class='ocrx_word' id='word_1_94' title='bbox 912 1263 1077 1323; x_wconf 89' lang='lat' dir='ltr'>auctoritate</span> <span class='ocrx_word' id='word_1_95' title='bbox 1098 1263 1312 1325; x_wconf 87' lang='lat' dir='ltr'>constituerunt</span> 
     </span>
     <span class='ocr_line' id='line_1_11' title="bbox 110 1358 1308 1440; baseline 0.001 -21"><span class='ocrx_word' id='word_1_96' title='bbox 110 1371 192 1440; x_wconf 85' lang='lat' dir='ltr'>“per</span> <span class='ocrx_word' id='word_1_97' title='bbox 205 1361 332 1439; x_wconf 89' lang='lat' dir='ltr'>singulas</span> <span class='ocrx_word' id='word_1_98' title='bbox 352 1360 501 1419; x_wconf 83' lang='lat' dir='ltr'>Ecclesiae</span> <span class='ocrx_word' id='word_1_99' title='bbox 524 1358 750 1439; x_wconf 86' lang='lat' dir='ltr'>presbyteros.”¹</span> <span class='ocrx_word' id='word_1_100' title='bbox 791 1360 978 1420; x_wconf 85' lang='lat' dir='ltr'>Timotheum</span> <span class='ocrx_word' id='word_1_101' title='bbox 1000 1359 1114 1420; x_wconf 82' lang='lat' dir='ltr'>edocuit</span> <span class='ocrx_word' id='word_1_102' title='bbox 1138 1361 1249 1421; x_wconf 87' lang='lat' dir='ltr'>Paulus</span> <span class='ocrx_word' id='word_1_103' title='bbox 1272 1361 1308 1420; x_wconf 94' lang='lat' dir='ltr'>de</span> 
     </span>
     <span class='ocr_line' id='line_1_12' title="bbox 109 1454 1302 1537; baseline -0.002 -18"><span class='ocrx_word' id='word_1_104' title='bbox 109 1458 222 1519; x_wconf 90' lang='lat' dir='ltr'>dotibus</span> <span class='ocrx_word' id='word_1_105' title='bbox 247 1477 392 1516; x_wconf 89' lang='lat' dir='ltr'>sacrorum</span> <span class='ocrx_word' id='word_1_106' title='bbox 416 1458 621 1525; x_wconf 89' lang='lat' dir='ltr'>ministrorum,</span> <span class='ocrx_word' id='word_1_107' title='bbox 646 1476 735 1535; x_wconf 88' lang='lat' dir='ltr'>penes</span> <span class='ocrx_word' id='word_1_108' title='bbox 763 1454 975 1535; x_wconf 82' lang='lat' dir='ltr'>ipsum&#39;totum</span> <span class='ocrx_word' id='word_1_109' title='bbox 995 1457 1139 1537; x_wconf 90' lang='lat' dir='ltr'>judicium</span> <span class='ocrx_word' id='word_1_110' title='bbox 1167 1476 1302 1535; x_wconf 86' lang='lat' dir='ltr'>ponens:</span> 
     </span>
     <span class='ocr_line' id='line_1_13' title="bbox 109 1553 1307 1633; baseline 0.001 -19"><span class='ocrx_word' id='word_1_111' title='bbox 109 1566 128 1593; x_wconf 81' lang='lat'>‘⁶</span> <span class='ocrx_word' id='word_1_112' title='bbox 142 1555 249 1614; x_wconf 90' lang='lat' dir='ltr'>Manus</span> <span class='ocrx_word' id='word_1_113' title='bbox 263 1553 319 1612; x_wconf 83' lang='lat' dir='ltr'>citd</span> <span class='ocrx_word' id='word_1_114' title='bbox 334 1555 442 1614; x_wconf 91' lang='lat' dir='ltr'>nemini</span> <span class='ocrx_word' id='word_1_115' title='bbox 457 1553 633 1633; x_wconf 57' lang='lat' dir='ltr'>posuerim</span> <span class='ocrx_word' id='word_1_116' title='bbox 674 1565 693 1592; x_wconf 81' lang='lat'>‘⁶</span> <span class='ocrx_word' id='word_1_117' title='bbox 703 1557 774 1624; x_wconf 83' lang='lat' dir='ltr'>Quae</span> <span class='ocrx_word' id='word_1_118' title='bbox 796 1555 898 1613; x_wconf 87' lang='lat' dir='ltr'>audisti</span> <span class='ocrx_word' id='word_1_119' title='bbox 913 1576 929 1614; x_wconf 90' lang='lat' dir='ltr'>a</span> <span class='ocrx_word' id='word_1_120' title='bbox 944 1573 990 1614; x_wconf 89' lang='lat' dir='ltr'>me</span> <span class='ocrx_word' id='word_1_121' title='bbox 1011 1555 1181 1633; x_wconf 90' lang='lat' dir='ltr'>permultos</span> <span class='ocrx_word' id='word_1_122' title='bbox 1204 1567 1307 1624; x_wconf 85' lang='lat' dir='ltr'>testes,</span> 
     </span>
     <span class='ocr_line' id='line_1_14' title="bbox 107 1650 1308 1726; baseline 0.001 -15"><span class='ocrx_word' id='word_1_123' title='bbox 107 1652 169 1711; x_wconf 82' lang='lat' dir='ltr'>haec</span> <span class='ocrx_word' id='word_1_124' title='bbox 194 1650 363 1711; x_wconf 89' lang='lat' dir='ltr'>commenda</span> <span class='ocrx_word' id='word_1_125' title='bbox 387 1651 518 1711; x_wconf 90' lang='lat' dir='ltr'>fidelibus</span> <span class='ocrx_word' id='word_1_126' title='bbox 542 1652 717 1722; x_wconf 90' lang='lat' dir='ltr'>hominibus,</span> <span class='ocrx_word' id='word_1_127' title='bbox 732 1653 782 1726; x_wconf 89' lang='lat' dir='ltr'>qui</span> <span class='ocrx_word' id='word_1_128' title='bbox 805 1651 899 1711; x_wconf 91' lang='lat' dir='ltr'>idonei</span> <span class='ocrx_word' id='word_1_129' title='bbox 923 1664 1005 1711; x_wconf 89' lang='lat' dir='ltr'>erunt</span> <span class='ocrx_word' id='word_1_130' title='bbox 1027 1652 1139 1711; x_wconf 86' lang='lat' dir='ltr'>etalios</span> <span class='ocrx_word' id='word_1_131' title='bbox 1154 1652 1308 1713; x_wconf 83' lang='lat' dir='ltr'>docere.&#39;’⁸</span> 
     </span>
     <span class='ocr_line' id='line_1_15' title="bbox 107 1747 1308 1828; baseline 0.004 -22"><span class='ocrx_word' id='word_1_132' title='bbox 107 1748 207 1808; x_wconf 92' lang='lat' dir='ltr'>Titum</span> <span class='ocrx_word' id='word_1_133' title='bbox 221 1768 237 1806; x_wconf 93' lang='lat' dir='ltr'>a</span> <span class='ocrx_word' id='word_1_134' title='bbox 251 1767 283 1807; x_wconf 90' lang='lat' dir='ltr'>se</span> <span class='ocrx_word' id='word_1_135' title='bbox 297 1747 429 1808; x_wconf 89' lang='lat' dir='ltr'>relictum</span> <span class='ocrx_word' id='word_1_136' title='bbox 444 1748 543 1809; x_wconf 76' lang='lat' dir='ltr'>Creta</span> <span class='ocrx_word' id='word_1_137' title='bbox 557 1748 639 1819; x_wconf 92' lang='lat' dir='ltr'>dicit,</span> <span class='ocrx_word' id='word_1_138' title='bbox 655 1762 686 1809; x_wconf 92' lang='lat' dir='ltr'>ut</span> <span class='ocrx_word' id='word_1_139' title='bbox 699 1769 752 1808; x_wconf 89' lang='lat' dir='ltr'>sua</span> <span class='ocrx_word' id='word_1_140' title='bbox 766 1749 931 1808; x_wconf 90' lang='lat' dir='ltr'>auctoritate</span> <span class='ocrx_word' id='word_1_141' title='bbox 952 1749 1136 1808; x_wconf 82' lang='lat' dir='ltr'>constitueret</span> <span class='ocrx_word' id='word_1_142' title='bbox 1156 1751 1308 1828; x_wconf 85' lang='lat' dir='ltr'>presbyte-</span> 
     </span>
     <span class='ocr_line' id='line_1_16' title="bbox 105 1844 1305 1924; baseline 0.002 -21"><span class='ocrx_word' id='word_1_143' title='bbox 105 1863 171 1904; x_wconf 89' lang='lat' dir='ltr'>ros:</span> <span class='ocrx_word' id='word_1_144' title='bbox 195 1854 215 1882; x_wconf 77' lang='lat'>‘⁶</span> <span class='ocrx_word' id='word_1_145' title='bbox 229 1844 325 1924; x_wconf 90' lang='lat' dir='ltr'>Hujus</span> <span class='ocrx_word' id='word_1_146' title='bbox 348 1845 389 1904; x_wconf 89' lang='lat' dir='ltr'>rei</span> <span class='ocrx_word' id='word_1_147' title='bbox 410 1847 499 1923; x_wconf 90' lang='lat' dir='ltr'>gratia</span> <span class='ocrx_word' id='word_1_148' title='bbox 520 1847 622 1920; x_wconf 89' lang='lat' dir='ltr'>reliqui</span> <span class='ocrx_word' id='word_1_149' title='bbox 645 1858 672 1904; x_wconf 93' lang='lat' dir='ltr'>te</span> <span class='ocrx_word' id='word_1_150' title='bbox 687 1845 792 1911; x_wconf 80' lang='lat' dir='ltr'>Cretae,</span> <span class='ocrx_word' id='word_1_151' title='bbox 808 1855 839 1903; x_wconf 90' lang='lat' dir='ltr'>ut</span> <span class='ocrx_word' id='word_1_152' title='bbox 852 1863 887 1903; x_wconf 88' lang='lat' dir='ltr'>ea</span> <span class='ocrx_word' id='word_1_153' title='bbox 909 1863 973 1919; x_wconf 85' lang='lat' dir='ltr'>quae</span> <span class='ocrx_word' id='word_1_154' title='bbox 994 1844 1097 1903; x_wconf 88' lang='lat' dir='ltr'>desunt</span> <span class='ocrx_word' id='word_1_155' title='bbox 1112 1844 1253 1923; x_wconf 86' lang='lat' dir='ltr'>corrigas,</span> <span class='ocrx_word' id='word_1_156' title='bbox 1275 1856 1305 1905; x_wconf 90' lang='lat' dir='ltr'>et</span> 
     </span>
     <span class='ocr_line' id='line_1_17' title="bbox 105 1941 854 2022; baseline -0.003 -20"><span class='ocrx_word' id='word_1_157' title='bbox 105 1944 260 2004; x_wconf 85' lang='lat' dir='ltr'>constituas</span> <span class='ocrx_word' id='word_1_158' title='bbox 274 1961 326 2020; x_wconf 92' lang='lat' dir='ltr'>per</span> <span class='ocrx_word' id='word_1_159' title='bbox 339 1943 465 2021; x_wconf 87' lang='lat' dir='ltr'>singulas</span> <span class='ocrx_word' id='word_1_160' title='bbox 479 1944 608 2003; x_wconf 86' lang='lat' dir='ltr'>civitates</span> <span class='ocrx_word' id='word_1_161' title='bbox 624 1941 854 2022; x_wconf 80' lang='lat' dir='ltr'>presbyteros.&#39;&#39;⁴</span> 
     </span>
    </p>

    <p class='ocr_par' dir='ltr' id='par_1_4' title="bbox 143 2037 867 2101">
     <span class='ocr_line' id='line_1_18' title="bbox 143 2037 867 2101; baseline -0.001 -3"><span class='ocrx_word' id='word_1_162' title='bbox 143 2037 297 2098; x_wconf 81' lang='lat' dir='ltr'>Probatur</span> <span class='ocrx_word' id='word_1_163' title='bbox 310 2037 354 2098; x_wconf 91' lang='grc' dir='ltr'>ΙΙ.</span> <span class='ocrx_word' id='word_1_164' title='bbox 371 2057 408 2098; x_wconf 79' lang='lat' dir='ltr'>er</span> <span class='ocrx_word' id='word_1_165' title='bbox 421 2039 626 2101; x_wconf 73' lang='lat' dir='ltr'>vetustissimo</span> <span class='ocrx_word' id='word_1_166' title='bbox 647 2037 867 2099; x_wconf 81' lang='lat' dir='ltr'>cousuetudine.</span> 
     </span>
    </p>

    <p class='ocr_par' dir='ltr' id='par_1_5' title="bbox 51 2136 1305 3074">
     <span class='ocr_line' id='line_1_19' title="bbox 143 2136 1305 2215; baseline 0.001 -19"><span class='ocrx_word' id='word_1_167' title='bbox 143 2141 191 2196; x_wconf 84' lang='grc'>83.</span> <span class='ocrx_word' id='word_1_168' title='bbox 214 2138 272 2205; x_wconf 84' lang='lat' dir='ltr'>Qui</span> <span class='ocrx_word' id='word_1_169' title='bbox 287 2137 371 2215; x_wconf 91' lang='lat' dir='ltr'>primi</span> <span class='ocrx_word' id='word_1_170' title='bbox 388 2139 541 2199; x_wconf 35' lang='lat' dir='ltr'>⁸constituti</span> <span class='ocrx_word' id='word_1_171' title='bbox 564 2148 631 2197; x_wconf 91' lang='lat' dir='ltr'>sunt</span> <span class='ocrx_word' id='word_1_172' title='bbox 652 2138 782 2214; x_wconf 81' lang='lat' dir='ltr'>episcopi</span> <span class='ocrx_word' id='word_1_173' title='bbox 803 2148 832 2195; x_wconf 86' lang='lat' dir='ltr'>et</span> <span class='ocrx_word' id='word_1_174' title='bbox 852 2137 1014 2214; x_wconf 83' lang='lat' dir='ltr'>presbyteri</span> <span class='ocrx_word' id='word_1_175' title='bbox 1034 2137 1064 2195; x_wconf 92' lang='lat' dir='ltr'>in</span> <span class='ocrx_word' id='word_1_176' title='bbox 1087 2136 1178 2195; x_wconf 85' lang='lat' dir='ltr'>varias</span> <span class='ocrx_word' id='word_1_177' title='bbox 1200 2148 1305 2214; x_wconf 84' lang='lat' dir='ltr'>gentes</span> 
     </span>
     <span class='ocr_line' id='line_1_20' title="bbox 102 2233 1304 2313; baseline 0.001 -18"><span class='ocrx_word' id='word_1_178' title='bbox 102 2235 185 2295; x_wconf 88' lang='lat' dir='ltr'>missi</span> <span class='ocrx_word' id='word_1_179' title='bbox 199 2235 233 2293; x_wconf 94' lang='lat' dir='ltr'>ad</span> <span class='ocrx_word' id='word_1_180' title='bbox 248 2235 437 2311; x_wconf 84' lang='lat' dir='ltr'>Evangelium</span> <span class='ocrx_word' id='word_1_181' title='bbox 453 2234 675 2313; x_wconf 71' lang='lat' dir='ltr'>predicandum,</span> <span class='ocrx_word' id='word_1_182' title='bbox 691 2253 772 2292; x_wconf 89' lang='lat' dir='ltr'>suam</span> <span class='ocrx_word' id='word_1_183' title='bbox 795 2234 974 2301; x_wconf 88' lang='lat' dir='ltr'>missionem,</span> <span class='ocrx_word' id='word_1_184' title='bbox 989 2233 1184 2293; x_wconf 89' lang='lat' dir='ltr'>auctoritatem</span> <span class='ocrx_word' id='word_1_185' title='bbox 1198 2248 1227 2293; x_wconf 90' lang='lat' dir='ltr'>ct</span> <span class='ocrx_word' id='word_1_186' title='bbox 1251 2255 1304 2313; x_wconf 89' lang='lat' dir='ltr'>po·</span> 
     </span>
     <span class='ocr_line' id='line_1_21' title="bbox 103 2329 1304 2409; baseline 0 -18"><span class='ocrx_word' id='word_1_187' title='bbox 103 2342 232 2391; x_wconf 85' lang='lat' dir='ltr'>testatem</span> <span class='ocrx_word' id='word_1_188' title='bbox 255 2331 290 2389; x_wconf 95' lang='lat' dir='ltr'>ab</span> <span class='ocrx_word' id='word_1_189' title='bbox 304 2330 447 2390; x_wconf 84' lang='lat' dir='ltr'>Ecclesiae</span> <span class='ocrx_word' id='word_1_190' title='bbox 462 2331 631 2409; x_wconf 75' lang='lat' dir='ltr'>presulibus</span> <span class='ocrx_word' id='word_1_191' title='bbox 646 2331 696 2404; x_wconf 90' lang='lat' dir='ltr'>qui</span> <span class='ocrx_word' id='word_1_192' title='bbox 717 2350 767 2389; x_wconf 89' lang='lat' dir='ltr'>eos</span> <span class='ocrx_word' id='word_1_193' title='bbox 783 2329 966 2408; x_wconf 83' lang='lat' dir='ltr'>designarunt</span> <span class='ocrx_word' id='word_1_194' title='bbox 979 2341 1008 2387; x_wconf 87' lang='lat' dir='ltr'>et</span> <span class='ocrx_word' id='word_1_195' title='bbox 1028 2342 1240 2400; x_wconf 85' lang='lat' dir='ltr'>consecrarunt,</span> <span class='ocrx_word' id='word_1_196' title='bbox 1255 2352 1304 2391; x_wconf 91' lang='lat' dir='ltr'>ac·</span> 
     </span>
     <span class='ocr_line' id='line_1_22' title="bbox 102 2427 1301 2507; baseline 0 -18"><span class='ocrx_word' id='word_1_197' title='bbox 102 2439 247 2507; x_wconf 89' lang='lat' dir='ltr'>oeperunt,</span> <span class='ocrx_word' id='word_1_198' title='bbox 263 2431 370 2503; x_wconf 90' lang='lat' dir='ltr'>absque</span> <span class='ocrx_word' id='word_1_199' title='bbox 385 2429 442 2487; x_wconf 90' lang='lat' dir='ltr'>ulla</span> <span class='ocrx_word' id='word_1_200' title='bbox 463 2429 562 2506; x_wconf 90' lang='lat' dir='ltr'>populi</span> <span class='ocrx_word' id='word_1_201' title='bbox 576 2429 726 2488; x_wconf 90' lang='lat' dir='ltr'>electione.</span> <span class='ocrx_word' id='word_1_202' title='bbox 749 2429 798 2487; x_wconf 88' lang='lat' dir='ltr'>Sic</span> <span class='ocrx_word' id='word_1_203' title='bbox 809 2428 845 2487; x_wconf 92' lang='lat' dir='ltr'>de</span> <span class='ocrx_word' id='word_1_204' title='bbox 861 2429 957 2487; x_wconf 91' lang='lat' dir='ltr'>missis</span> <span class='ocrx_word' id='word_1_205' title='bbox 970 2448 987 2486; x_wconf 90' lang='lat' dir='ltr'>a</span> <span class='ocrx_word' id='word_1_206' title='bbox 1001 2428 1081 2487; x_wconf 91' lang='lat' dir='ltr'>Petri</span> <span class='ocrx_word' id='word_1_207' title='bbox 1095 2427 1163 2487; x_wconf 88' lang='lat' dir='ltr'>sede</span> <span class='ocrx_word' id='word_1_208' title='bbox 1176 2442 1301 2498; x_wconf 90' lang='lat' dir='ltr'>constat,</span> 
     </span>
     <span class='ocr_line' id='line_1_23' title="bbox 101 2518 1302 2595; baseline 0 -9"><span class='ocrx_word' id='word_1_209' title='bbox 101 2525 269 2586; x_wconf 85' lang='lat' dir='ltr'>Innocentio</span> <span class='ocrx_word' id='word_1_210' title='bbox 282 2524 307 2584; x_wconf 90' lang='lat' dir='ltr'>l.</span> <span class='ocrx_word' id='word_1_211' title='bbox 323 2518 461 2584; x_wconf 83' lang='lat' dir='ltr'>testante:</span> <span class='ocrx_word' id='word_1_212' title='bbox 483 2535 504 2562; x_wconf 81' lang='lat'>‘⁸</span> <span class='ocrx_word' id='word_1_213' title='bbox 516 2544 582 2584; x_wconf 91' lang='lat' dir='ltr'>cum</span> <span class='ocrx_word' id='word_1_214' title='bbox 597 2527 635 2584; x_wconf 91' lang='lat' dir='ltr'>sit</span> <span class='ocrx_word' id='word_1_215' title='bbox 655 2525 837 2584; x_wconf 87' lang='lat' dir='ltr'>manifestum</span> <span class='ocrx_word' id='word_1_216' title='bbox 852 2526 880 2583; x_wconf 90' lang='lat' dir='ltr'>in</span> <span class='ocrx_word' id='word_1_217' title='bbox 896 2542 1012 2584; x_wconf 92' lang='lat' dir='ltr'>omnem</span> <span class='ocrx_word' id='word_1_218' title='bbox 1034 2525 1154 2593; x_wconf 84' lang='lat' dir='ltr'>ltaliam,</span> <span class='ocrx_word' id='word_1_219' title='bbox 1175 2525 1302 2595; x_wconf 83' lang='lat' dir='ltr'>Gallias,</span> 
     </span>
     <span class='ocr_line' id='line_1_24' title="bbox 105 2622 1303 2701; baseline 0.001 -19"><span class='ocrx_word' id='word_1_220' title='bbox 105 2623 272 2701; x_wconf 84' lang='lat' dir='ltr'>Hispanias,</span> <span class='ocrx_word' id='word_1_221' title='bbox 294 2622 430 2692; x_wconf 83' lang='lat' dir='ltr'>Africam,</span> <span class='ocrx_word' id='word_1_222' title='bbox 445 2634 529 2696; x_wconf 90' lang='lat' dir='ltr'>atque</span> <span class='ocrx_word' id='word_1_223' title='bbox 544 2623 682 2691; x_wconf 88' lang='lat' dir='ltr'>Siciliam,</span> <span class='ocrx_word' id='word_1_224' title='bbox 698 2622 863 2696; x_wconf 87' lang='lat' dir='ltr'>insulasque</span> <span class='ocrx_word' id='word_1_225' title='bbox 888 2622 1062 2700; x_wconf 85' lang='lat' dir='ltr'>adjacentes,</span> <span class='ocrx_word' id='word_1_226' title='bbox 1085 2622 1194 2682; x_wconf 90' lang='lat' dir='ltr'>nullum</span> <span class='ocrx_word' id='word_1_227' title='bbox 1220 2624 1303 2684; x_wconf 88' lang='lat' dir='ltr'>insti·</span> 
     </span>
     <span class='ocr_line' id='line_1_25' title="bbox 51 2711 1294 2796; baseline -0.002 -15"><span class='ocrx_word' id='word_1_228' title='bbox 51 2711 54 2720; x_wconf 54' lang='lat'><strong>¹</strong></span> <span class='ocrx_word' id='word_1_229' title='bbox 101 2722 190 2781; x_wconf 90' lang='lat' dir='ltr'>tuisse</span> <span class='ocrx_word' id='word_1_230' title='bbox 214 2719 371 2787; x_wconf 87' lang='lat' dir='ltr'>Ecclesias,</span> <span class='ocrx_word' id='word_1_231' title='bbox 387 2719 443 2778; x_wconf 90' lang='lat' dir='ltr'>nisi</span> <span class='ocrx_word' id='word_1_232' title='bbox 467 2739 517 2779; x_wconf 90' lang='lat' dir='ltr'>eos</span> <span class='ocrx_word' id='word_1_233' title='bbox 535 2738 608 2794; x_wconf 89' lang='lat' dir='ltr'>quos</span> <span class='ocrx_word' id='word_1_234' title='bbox 631 2719 801 2777; x_wconf 88' lang='lat' dir='ltr'>venerabilis</span> <span class='ocrx_word' id='word_1_235' title='bbox 825 2719 938 2787; x_wconf 87' lang='lat' dir='ltr'>Petrus,</span> <span class='ocrx_word' id='word_1_236' title='bbox 953 2729 1001 2776; x_wconf 89' lang='lat' dir='ltr'>aut</span> <span class='ocrx_word' id='word_1_237' title='bbox 1021 2719 1086 2796; x_wconf 91' lang='lat' dir='ltr'>ejus</span> <span class='ocrx_word' id='word_1_238' title='bbox 1107 2736 1294 2780; x_wconf 90' lang='lat' dir='ltr'>successores</span> 
     </span>
     <span class='ocr_line' id='line_1_26' title="bbox 99 2814 1298 2896; baseline 0.001 -18"><span class='ocrx_word' id='word_1_239' title='bbox 99 2818 307 2878; x_wconf 88' lang='lat' dir='ltr'>constituerunt</span> <span class='ocrx_word' id='word_1_240' title='bbox 327 2814 536 2876; x_wconf 80' lang='lat' dir='ltr'>sacerdotes.”³</span> <span class='ocrx_word' id='word_1_241' title='bbox 576 2817 625 2875; x_wconf 87' lang='lat' dir='ltr'>Sic</span> <span class='ocrx_word' id='word_1_242' title='bbox 650 2817 785 2876; x_wconf 90' lang='lat' dir='ltr'>Patritius</span> <span class='ocrx_word' id='word_1_243' title='bbox 810 2816 841 2875; x_wconf 91' lang='lat' dir='ltr'>in</span> <span class='ocrx_word' id='word_1_244' title='bbox 865 2815 1046 2883; x_wconf 89' lang='lat' dir='ltr'>Hiberniam,</span> <span class='ocrx_word' id='word_1_245' title='bbox 1062 2817 1242 2896; x_wconf 80' lang='lat' dir='ltr'>Augustinus</span> <span class='ocrx_word' id='word_1_246' title='bbox 1266 2820 1298 2879; x_wconf 92' lang='lat' dir='ltr'>in</span> 
     </span>
     <span class='ocr_line' id='line_1_27' title="bbox 99 2913 1299 2993; baseline 0.001 -18"><span class='ocrx_word' id='word_1_247' title='bbox 99 2914 242 2993; x_wconf 83' lang='lat' dir='ltr'>Angliam‚</span> <span class='ocrx_word' id='word_1_248' title='bbox 260 2913 425 2973; x_wconf 86' lang='lat' dir='ltr'>Bonilacius</span> <span class='ocrx_word' id='word_1_249' title='bbox 440 2914 470 2971; x_wconf 92' lang='lat' dir='ltr'>iu</span> <span class='ocrx_word' id='word_1_250' title='bbox 495 2913 681 2972; x_wconf 87' lang='lat' dir='ltr'>Germaniam</span> <span class='ocrx_word' id='word_1_251' title='bbox 704 2913 882 2982; x_wconf 87' lang='lat' dir='ltr'>missisunt,</span> <span class='ocrx_word' id='word_1_252' title='bbox 905 2913 1075 2991; x_wconf 90' lang='lat' dir='ltr'>pontificum</span> <span class='ocrx_word' id='word_1_253' title='bbox 1098 2913 1299 2976; x_wconf 87' lang='lat' dir='ltr'>Romanorum</span> 
     </span>
     <span class='ocr_line' id='line_1_28' title="bbox 98 3011 272 3074; baseline -0.017 0"><span class='ocrx_word' id='word_1_254' title='bbox 98 3011 272 3074; x_wconf 87' lang='lat' dir='ltr'>auctoritate.</span> 
     </span>
    </p>

    <p class='ocr_par' dir='ltr' id='par_1_6' title="bbox 89 3096 1297 4065">
     <span class='ocr_line' id='line_1_29' title="bbox 136 3096 1295 3186; baseline 0.002 -17"><span class='ocrx_word' id='word_1_255' title='bbox 136 3096 185 3169; x_wconf 75' lang='grc'>84.</span> <span class='ocrx_word' id='word_1_256' title='bbox 209 3109 331 3170; x_wconf 86' lang='lat' dir='ltr'>Constat</span> <span class='ocrx_word' id='word_1_257' title='bbox 341 3110 426 3170; x_wconf 91' lang='lat' dir='ltr'>etiam</span> <span class='ocrx_word' id='word_1_258' title='bbox 438 3110 563 3185; x_wconf 87' lang='lat' dir='ltr'>qualibet</span> <span class='ocrx_word' id='word_1_259' title='bbox 576 3118 656 3168; x_wconf 83' lang='lat' dir='ltr'>aetate</span> <span class='ocrx_word' id='word_1_260' title='bbox 672 3129 766 3168; x_wconf 91' lang='lat' dir='ltr'>sacros</span> <span class='ocrx_word' id='word_1_261' title='bbox 782 3108 927 3168; x_wconf 89' lang='lat' dir='ltr'>ministros</span> <span class='ocrx_word' id='word_1_262' title='bbox 943 3108 1112 3167; x_wconf 89' lang='lat' dir='ltr'>constitutos</span> <span class='ocrx_word' id='word_1_263' title='bbox 1128 3127 1144 3166; x_wconf 85' lang='lat' dir='ltr'>a</span> <span class='ocrx_word' id='word_1_264' title='bbox 1159 3112 1295 3186; x_wconf 86' lang='lat' dir='ltr'>praesuli·</span> 
     </span>
     <span class='ocr_line' id='line_1_30' title="bbox 95 3206 1297 3286; baseline 0.002 -18"><span class='ocrx_word' id='word_1_265' title='bbox 95 3209 149 3268; x_wconf 92' lang='lat' dir='ltr'>bus</span> <span class='ocrx_word' id='word_1_266' title='bbox 163 3210 269 3283; x_wconf 86' lang='lat' dir='ltr'>absque</span> <span class='ocrx_word' id='word_1_267' title='bbox 284 3208 340 3268; x_wconf 92' lang='lat' dir='ltr'>ulla</span> <span class='ocrx_word' id='word_1_268' title='bbox 357 3208 495 3267; x_wconf 90' lang='lat' dir='ltr'>electione</span> <span class='ocrx_word' id='word_1_269' title='bbox 511 3207 612 3286; x_wconf 90' lang='lat' dir='ltr'>plebis,</span> <span class='ocrx_word' id='word_1_270' title='bbox 627 3208 712 3266; x_wconf 87' lang='lat' dir='ltr'>etiarn</span> <span class='ocrx_word' id='word_1_271' title='bbox 727 3207 795 3267; x_wconf 91' lang='lat' dir='ltr'>dum</span> <span class='ocrx_word' id='word_1_272' title='bbox 810 3206 962 3284; x_wconf 88' lang='lat' dir='ltr'>disciplina</span> <span class='ocrx_word' id='word_1_273' title='bbox 977 3206 1144 3284; x_wconf 90' lang='lat' dir='ltr'>plerumque</span> <span class='ocrx_word' id='word_1_274' title='bbox 1158 3206 1297 3270; x_wconf 83' lang='lat' dir='ltr'>fidelibus</span> 
     </span>
     <span class='ocr_line' id='line_1_31' title="bbox 95 3304 1295 3386; baseline 0.002 -20"><span class='ocrx_word' id='word_1_275' title='bbox 95 3307 202 3382; x_wconf 87' lang='lat' dir='ltr'>aliquas</span> <span class='ocrx_word' id='word_1_276' title='bbox 217 3308 391 3386; x_wconf 89' lang='lat' dir='ltr'>permitteret</span> <span class='ocrx_word' id='word_1_277' title='bbox 405 3315 497 3383; x_wconf 88' lang='lat' dir='ltr'>partes</span> <span class='ocrx_word' id='word_1_278' title='bbox 512 3308 541 3364; x_wconf 90' lang='lat' dir='ltr'>iu</span> <span class='ocrx_word' id='word_1_279' title='bbox 557 3306 592 3363; x_wconf 88' lang='lat' dir='ltr'>iis</span> <span class='ocrx_word' id='word_1_280' title='bbox 608 3304 801 3383; x_wconf 87' lang='lat' dir='ltr'>designandis.</span> <span class='ocrx_word' id='word_1_281' title='bbox 844 3306 893 3364; x_wconf 87' lang='lat' dir='ltr'>Sic</span> <span class='ocrx_word' id='word_1_282' title='bbox 917 3305 1083 3382; x_wconf 84' lang='lat' dir='ltr'>Cyprianus</span> <span class='ocrx_word' id='word_1_283' title='bbox 1103 3306 1253 3368; x_wconf 82' lang='lat' dir='ltr'>Aurelium</span> <span class='ocrx_word' id='word_1_284' title='bbox 1277 3331 1295 3368; x_wconf 92' lang='lat' dir='ltr'>a</span> 
     </span>
     <span class='ocr_line' id='line_1_32' title="bbox 94 3402 1296 3480; baseline 0.004 -18"><span class='ocrx_word' id='word_1_285' title='bbox 94 3422 126 3463; x_wconf 92' lang='lat' dir='ltr'>se</span> <span class='ocrx_word' id='word_1_286' title='bbox 139 3404 310 3472; x_wconf 87' lang='lat' dir='ltr'>ordinatum,</span> <span class='ocrx_word' id='word_1_287' title='bbox 326 3402 493 3462; x_wconf 81' lang='lat' dir='ltr'>Celerinum</span> <span class='ocrx_word' id='word_1_288' title='bbox 508 3421 622 3477; x_wconf 90' lang='lat' dir='ltr'>qnoque</span> <span class='ocrx_word' id='word_1_289' title='bbox 637 3413 665 3461; x_wconf 93' lang='lat' dir='ltr'>et</span> <span class='ocrx_word' id='word_1_290' title='bbox 679 3404 749 3462; x_wconf 85' lang='lat' dir='ltr'>alios</span> <span class='ocrx_word' id='word_1_291' title='bbox 771 3403 847 3461; x_wconf 89' lang='lat' dir='ltr'>clero</span> <span class='ocrx_word' id='word_1_292' title='bbox 862 3403 1026 3480; x_wconf 87' lang='lat' dir='ltr'>populoque</span> <span class='ocrx_word' id='word_1_293' title='bbox 1051 3404 1224 3474; x_wconf 88' lang='lat' dir='ltr'>inconsulto,</span> <span class='ocrx_word' id='word_1_294' title='bbox 1249 3427 1296 3467; x_wconf 92' lang='lat' dir='ltr'>re·</span> 
     </span>
     <span class='ocr_line' id='line_1_33' title="bbox 94 3498 1295 3567; baseline 0.007 -10"><span class='ocrx_word' id='word_1_295' title='bbox 94 3500 164 3558; x_wconf 88' lang='lat' dir='ltr'>sert:</span> <span class='ocrx_word' id='word_1_296' title='bbox 186 3503 206 3536; x_wconf 83' lang='lat'>“</span> <span class='ocrx_word' id='word_1_297' title='bbox 217 3499 250 3557; x_wconf 90' lang='lat' dir='ltr'>ln</span> <span class='ocrx_word' id='word_1_298' title='bbox 265 3499 488 3558; x_wconf 89' lang='lat' dir='ltr'>ordinationibus</span> <span class='ocrx_word' id='word_1_299' title='bbox 503 3499 681 3567; x_wconf 89' lang='lat' dir='ltr'>clericorum,</span> <span class='ocrx_word' id='word_1_300' title='bbox 697 3498 795 3557; x_wconf 84' lang='lat' dir='ltr'>iratres</span> <span class='ocrx_word' id='word_1_301' title='bbox 816 3499 986 3567; x_wconf 88' lang='lat' dir='ltr'>charissimi,</span> <span class='ocrx_word' id='word_1_302' title='bbox 1008 3500 1134 3559; x_wconf 91' lang='lat' dir='ltr'>solemus</span> <span class='ocrx_word' id='word_1_303' title='bbox 1150 3519 1202 3560; x_wconf 87' lang='lat' dir='ltr'>vos</span> <span class='ocrx_word' id='word_1_304' title='bbox 1225 3517 1295 3566; x_wconf 92' lang='lat' dir='ltr'>aute</span> 
     </span>
     <span class='ocr_line' id='line_1_34' title="bbox 94 3595 1293 3675; baseline 0.004 -20"><span class='ocrx_word' id='word_1_305' title='bbox 94 3595 253 3664; x_wconf 88' lang='lat' dir='ltr'>consulere,</span> <span class='ocrx_word' id='word_1_306' title='bbox 269 3609 297 3654; x_wconf 90' lang='lat' dir='ltr'>et</span> <span class='ocrx_word' id='word_1_307' title='bbox 312 3616 405 3656; x_wconf 90' lang='lat' dir='ltr'>mores</span> <span class='ocrx_word' id='word_1_308' title='bbox 420 3616 453 3655; x_wconf 89' lang='lat' dir='ltr'>ac</span> <span class='ocrx_word' id='word_1_309' title='bbox 474 3597 574 3655; x_wconf 92' lang='lat' dir='ltr'>merita</span> <span class='ocrx_word' id='word_1_310' title='bbox 593 3596 772 3675; x_wconf 89' lang='lat' dir='ltr'>singulorum</span> <span class='ocrx_word' id='word_1_311' title='bbox 797 3597 943 3656; x_wconf 89' lang='lat' dir='ltr'>communi</span> <span class='ocrx_word' id='word_1_312' title='bbox 963 3597 1085 3657; x_wconf 85' lang='lat' dir='ltr'>consilio</span> <span class='ocrx_word' id='word_1_313' title='bbox 1112 3598 1293 3675; x_wconf 83' lang='lat' dir='ltr'>ponderare:</span> 
     </span>
     <span class='ocr_line' id='line_1_35' title="bbox 95 3691 1294 3772; baseline 0.005 -20"><span class='ocrx_word' id='word_1_314' title='bbox 95 3693 146 3752; x_wconf 90' lang='lat' dir='ltr'>sed</span> <span class='ocrx_word' id='word_1_315' title='bbox 160 3691 337 3769; x_wconf 82' lang='lat' dir='ltr'>expectanda</span> <span class='ocrx_word' id='word_1_316' title='bbox 350 3712 407 3753; x_wconf 92' lang='lat' dir='ltr'>non</span> <span class='ocrx_word' id='word_1_317' title='bbox 419 3704 486 3752; x_wconf 87' lang='lat' dir='ltr'>sunt</span> <span class='ocrx_word' id='word_1_318' title='bbox 500 3695 662 3753; x_wconf 87' lang='lat' dir='ltr'>testimonia</span> <span class='ocrx_word' id='word_1_319' title='bbox 674 3694 808 3762; x_wconf 90' lang='lat' dir='ltr'>humana,</span> <span class='ocrx_word' id='word_1_320' title='bbox 823 3713 888 3754; x_wconf 90' lang='lat' dir='ltr'>cum</span> <span class='ocrx_word' id='word_1_321' title='bbox 900 3693 1065 3772; x_wconf 76' lang='lat' dir='ltr'>praecedunt</span> <span class='ocrx_word' id='word_1_322' title='bbox 1077 3693 1174 3753; x_wconf 86' lang='lat' dir='ltr'>divina</span> <span class='ocrx_word' id='word_1_323' title='bbox 1189 3698 1294 3758; x_wconf 83' lang='lat' dir='ltr'>suffra-</span> 
     </span>
     <span class='ocr_line' id='line_1_36' title="bbox 93 3788 1289 3869; baseline 0.004 -21"><span class='ocrx_word' id='word_1_324' title='bbox 93 3791 149 3868; x_wconf 85' lang='lat' dir='ltr'>gia.</span> <span class='ocrx_word' id='word_1_325' title='bbox 191 3788 334 3857; x_wconf 78' lang='lat' dir='ltr'>Aurelius,</span> <span class='ocrx_word' id='word_1_326' title='bbox 350 3789 433 3849; x_wconf 83' lang='lat' dir='ltr'>irater</span> <span class='ocrx_word' id='word_1_327' title='bbox 447 3800 553 3858; x_wconf 87' lang='lat' dir='ltr'>nostor,</span> <span class='ocrx_word' id='word_1_328' title='bbox 569 3790 685 3850; x_wconf 88' lang='lat' dir='ltr'>illustris</span> <span class='ocrx_word' id='word_1_329' title='bbox 700 3789 878 3860; x_wconf 85' lang='lat' dir='ltr'>adolescens,</span> <span class='ocrx_word' id='word_1_330' title='bbox 893 3810 910 3849; x_wconf 84' lang='lat' dir='ltr'>a</span> <span class='ocrx_word' id='word_1_331' title='bbox 924 3788 1052 3849; x_wconf 89' lang='lat' dir='ltr'>Domino</span> <span class='ocrx_word' id='word_1_332' title='bbox 1061 3791 1124 3869; x_wconf 88' lang='lat' dir='ltr'>jam</span> <span class='ocrx_word' id='word_1_333' title='bbox 1139 3793 1289 3869; x_wconf 89' lang='lat' dir='ltr'>probatus,</span> 
     </span>
     <span class='ocr_line' id='line_1_37' title="bbox 91 3887 1288 3958; baseline 0.007 -12"><span class='ocrx_word' id='word_1_334' title='bbox 91 3899 119 3946; x_wconf 91' lang='lat' dir='ltr'>et</span> <span class='ocrx_word' id='word_1_335' title='bbox 131 3909 147 3947; x_wconf 90' lang='lat' dir='ltr'>a</span> <span class='ocrx_word' id='word_1_336' title='bbox 161 3887 226 3947; x_wconf 90' lang='lat' dir='ltr'>Deo</span> <span class='ocrx_word' id='word_1_337' title='bbox 238 3897 352 3946; x_wconf 88' lang='lat' dir='ltr'>vocatus</span> <span class='ocrx_word' id='word_1_338' title='bbox 367 3900 420 3958; x_wconf 89' lang='lat' dir='ltr'>est,</span> <span class='ocrx_word' id='word_1_339' title='bbox 435 3889 465 3946; x_wconf 93' lang='lat' dir='ltr'>in</span> <span class='ocrx_word' id='word_1_340' title='bbox 479 3890 560 3948; x_wconf 90' lang='lat' dir='ltr'>annis</span> <span class='ocrx_word' id='word_1_341' title='bbox 576 3889 668 3949; x_wconf 87' lang='lat' dir='ltr'>adhuc</span> <span class='ocrx_word' id='word_1_342' title='bbox 680 3888 820 3957; x_wconf 89' lang='lat' dir='ltr'>novellus,</span> <span class='ocrx_word' id='word_1_343' title='bbox 836 3888 888 3948; x_wconf 87' lang='lat' dir='ltr'>sed</span> <span class='ocrx_word' id='word_1_344' title='bbox 906 3890 936 3948; x_wconf 91' lang='lat' dir='ltr'>in</span> <span class='ocrx_word' id='word_1_345' title='bbox 950 3889 1060 3947; x_wconf 86' lang='lat' dir='ltr'>virtutis</span> <span class='ocrx_word' id='word_1_346' title='bbox 1075 3909 1108 3948; x_wconf 92' lang='lat' dir='ltr'>ao</span> <span class='ocrx_word' id='word_1_347' title='bbox 1120 3890 1188 3949; x_wconf 88' lang='lat' dir='ltr'>fidei</span> <span class='ocrx_word' id='word_1_348' title='bbox 1200 3893 1288 3955; x_wconf 88' lang='lat' dir='ltr'>laude</span> 
     </span>
     <span class='ocr_line' id='line_1_38' title="bbox 89 3982 1288 4065; baseline 0.005 -22"><span class='ocrx_word' id='word_1_349' title='bbox 89 3995 249 4062; x_wconf 87' lang='lat' dir='ltr'>provectus.</span> <span class='ocrx_word' id='word_1_350' title='bbox 273 4025 281 4042; x_wconf 89' lang='lat'><strong>.</strong></span> <span class='ocrx_word' id='word_1_351' title='bbox 304 4026 312 4044; x_wconf 87' lang='lat'><strong><em>.</em></strong></span> <span class='ocrx_word' id='word_1_352' title='bbox 338 4025 346 4042; x_wconf 94' lang='lat'><strong>.</strong></span> <span class='ocrx_word' id='word_1_353' title='bbox 370 3982 456 4044; x_wconf 88' lang='lat' dir='ltr'>Hunc</span> <span class='ocrx_word' id='word_1_354' title='bbox 471 3985 565 4063; x_wconf 91' lang='lat' dir='ltr'>igitur,</span> <span class='ocrx_word' id='word_1_355' title='bbox 581 3985 679 4045; x_wconf 84' lang='lat' dir='ltr'>iratres</span> <span class='ocrx_word' id='word_1_356' title='bbox 704 3985 924 4055; x_wconf 89' lang='lat' dir='ltr'>dilectissimi,a</span> <span class='ocrx_word' id='word_1_357' title='bbox 944 4003 990 4044; x_wconf 87' lang='lat' dir='ltr'>mo</span> <span class='ocrx_word' id='word_1_358' title='bbox 1004 3994 1063 4044; x_wconf 90' lang='lat' dir='ltr'>eta</span> <span class='ocrx_word' id='word_1_359' title='bbox 1082 3986 1213 4065; x_wconf 85' lang='lat' dir='ltr'>collegis,</span> <span class='ocrx_word' id='word_1_360' title='bbox 1235 3993 1288 4065; x_wconf 88' lang='lat' dir='ltr'>qui</span> 
     </span>
    </p>
   </div>
   <div class='ocr_carea' id='block_1_3' title="bbox 449 4222 1024 4637">
    <p class='ocr_par' dir='ltr' id='par_1_7' title="bbox 455 4222 691 4292">
     <span class='ocr_line' id='line_1_39' title="bbox 455 4222 691 4292; baseline 0.004 -20"><span class='ocrx_word' id='word_1_361' title='bbox 455 4225 466 4290; x_wconf 97' lang='lat'>(</span> <span class='ocrx_word' id='word_1_362' title='bbox 471 4226 497 4292; x_wconf 86' lang='lat'>1)</span> <span class='ocrx_word' id='word_1_363' title='bbox 517 4226 573 4276; x_wconf 78' lang='lat' dir='ltr'>Act</span> <span class='ocrx_word' id='word_1_364' title='bbox 590 4223 639 4274; x_wconf 82' lang='lat' dir='ltr'>xiv.</span> <span class='ocrx_word' id='word_1_365' title='bbox 651 4222 691 4274; x_wconf 85' lang='grc'>22.</span> 
     </span>
    </p>

    <p class='ocr_par' dir='ltr' id='par_1_8' title="bbox 454 4309 698 4378">
     <span class='ocr_line' id='line_1_40' title="bbox 454 4309 698 4378; baseline 0.004 -18"><span class='ocrx_word' id='word_1_366' title='bbox 454 4309 496 4378; x_wconf 70' lang='lat' dir='ltr'>(b)</span> <span class='ocrx_word' id='word_1_367' title='bbox 515 4310 534 4361; x_wconf 89' lang='lat' dir='ltr'>l.</span> <span class='ocrx_word' id='word_1_368' title='bbox 545 4309 612 4361; x_wconf 81' lang='lat' dir='ltr'>Tim.</span> <span class='ocrx_word' id='word_1_369' title='bbox 623 4326 646 4360; x_wconf 83' lang='lat' dir='ltr'>v.</span> <span class='ocrx_word' id='word_1_370' title='bbox 656 4314 698 4361; x_wconf 88' lang='grc'>22.</span> 
     </span>
    </p>

    <p class='ocr_par' dir='ltr' id='par_1_9' title="bbox 454 4396 695 4464">
     <span class='ocr_line' id='line_1_41' title="bbox 454 4396 695 4464; baseline 0.004 -18"><span class='ocrx_word' id='word_1_371' title='bbox 454 4398 496 4464; x_wconf 84' lang='grc'>(3)</span> <span class='ocrx_word' id='word_1_372' title='bbox 515 4397 547 4447; x_wconf 89' lang='grc' dir='ltr'>Π.</span> <span class='ocrx_word' id='word_1_373' title='bbox 558 4396 624 4447; x_wconf 87' lang='lat' dir='ltr'>Tim.</span> <span class='ocrx_word' id='word_1_374' title='bbox 635 4397 660 4447; x_wconf 92' lang='lat' dir='ltr'>ii.</span> <span class='ocrx_word' id='word_1_375' title='bbox 672 4400 695 4446; x_wconf 74' lang='grc'><strong>2</strong></span> 
     </span>
    </p>

    <p class='ocr_par' dir='ltr' id='par_1_10' title="bbox 449 4483 626 4552">
     <span class='ocr_line' id='line_1_42' title="bbox 449 4483 626 4552; baseline 0.006 -19"><span class='ocrx_word' id='word_1_376' title='bbox 449 4485 491 4552; x_wconf 81' lang='grc'>(4)</span> <span class='ocrx_word' id='word_1_377' title='bbox 510 4483 590 4534; x_wconf 81' lang='lat' dir='ltr'>Titi.</span> <span class='ocrx_word' id='word_1_378' title='bbox 602 4486 626 4534; x_wconf 79' lang='lat' dir='ltr'>r.</span> 
     </span>
    </p>

    <p class='ocr_par' dir='ltr' id='par_1_11' title="bbox 451 4566 1024 4637">
     <span class='ocr_line' id='line_1_43' title="bbox 451 4566 1024 4637; baseline 0 -18"><span class='ocrx_word' id='word_1_379' title='bbox 451 4571 493 4637; x_wconf 82' lang='lat'>(5)</span> <span class='ocrx_word' id='word_1_380' title='bbox 512 4570 562 4636; x_wconf 75' lang='lat' dir='ltr'>Ep.</span> <span class='ocrx_word' id='word_1_381' title='bbox 573 4585 632 4619; x_wconf 86' lang='lat' dir='ltr'>xxv.</span> <span class='ocrx_word' id='word_1_382' title='bbox 644 4570 675 4622; x_wconf 82' lang='lat' dir='ltr'>nd</span> <span class='ocrx_word' id='word_1_383' title='bbox 686 4566 840 4629; x_wconf 85' lang='lat' dir='ltr'>Decentium,</span> <span class='ocrx_word' id='word_1_384' title='bbox 853 4568 1024 4634; x_wconf 78' lang='lat' dir='ltr'>Engubinum.</span> 
     </span>
    </p>
   </div>
   <div class='ocr_carea' id='block_1_4' title="bbox 0 0 1404 5092">
    <p class='ocr_par' dir='ltr' id='par_1_12' title="bbox 0 0 1404 5092">
     <span class='ocr_line' id='line_1_44' title="bbox 0 0 1404 5092; baseline 0 8"><span class='ocrx_word' id='word_1_385' title='bbox 0 0 1404 5092; x_wconf 95' lang='lat' dir='ltr'> </span> 
     </span>
    </p>
   </div>
  </div>
 </body>
</html>
