2798 5092
533 334 591 396 DE
609 333 757 433 ¹CULTU
778 334 861 397 DEI.
1239 340 1296 401 186

103 490 306 566 significarent,
321 504 350 551 et
364 492 529 570 paenitendo
554 495 764 572 impetrarent*
803 494 887 555 Thus
901 495 932 555 io
946 495 1085 558 erationis
1099 495 1295 572 symbolnma
1365 486 1369 493 ²

102 588 210 647 Judeeis
225 603 393 667 usurpatum
407 605 461 661 est,
476 593 553 666 quod
573 606 602 653 et
622 615 639 652 a
658 594 772 654 loanne
785 593 973 671 Evangelista
985 594 1101 664 iactum,
1116 597 1186 658 dum
1200 595 1294 671 Ange·

101 688 159 745 lum
173 704 190 745 e
206 687 350 748 thuribulo
364 708 450 748 aureo
474 691 624 751 incensum
645 691 764 750 fundere
786 710 881 750 coram
895 691 975 749 elteri
990 692 1110 750 reserat:
1134 701 1154 728 ‘⁶
1168 690 1295 750 escendit

101 783 196 841 sumus
212 785 395 845 incensomm
408 785 634 855 decretionibus
648 780 810 847 sanctorum
825 787 860 845 de
875 806 960 846 manu
973 788 1066 864 angeli
1078 807 1172 847 coram
1184 786 1295 847 Deo.'’⁸

100 879 307 955 Perantiquum
322 901 387 941 esse
402 883 465 960 ejus
480 903 563 951 usum
579 885 608 943 in
623 885 699 951 cultu
715 884 869 950 christiano
882 884 974 957 liquet
991 901 1029 947 ex
1042 885 1292 945 constitutionibus

102 977 270 1054 apostolicis
285 989 313 1037 et
326 979 389 1038 aliis
403 978 583 1041 documentis
598 982 732 1057 antiquis.
754 981 909 1045 Luminum
925 981 1008 1058 copia
1020 991 1081 1041 tum
1096 980 1296 1047 insanctuariu
1335 988 1383 1065 Q·

94 1073 224 1151 judaico,
240 1085 300 1137 tum
314 1075 345 1134 in
365 1077 455 1135 veteri
469 1077 602 1143 Ecclesia
614 1076 740 1149 adhibita
753 1079 889 1141 nescitur.
932 1077 1059 1137 Donaria
1078 1076 1203 1154 pendent
1212 1077 1297 1157 juxta

97 1170 196 1235 altaria
211 1172 241 1232 in
260 1174 334 1250 grati
357 1173 445 1237 animi
461 1175 655 1235 testimonium
670 1176 706 1235 ob
721 1176 861 1234 beneficia
874 1154 1009 1253 acceptar'
1033 1172 1109 1249 quod
1135 1174 1233 1247 utique
1256 1173 1295 1233 nil

96 1267 184 1336 habet
209 1268 367 1338 ethnicum,
382 1289 472 1345 quum
487 1270 552 1331 Deo
574 1290 640 1332 vero
657 1270 847 1350 rependantur
860 1283 963 1349 grates.
1007 1270 1058 1329 Nil
1078 1271 1139 1329 vitii
1158 1281 1203 1337 est
1216 1271 1247 1330 in
1260 1288 1296 1335 uo

98 1364 177 1439 qnod
192 1365 334 1425 beneficia
349 1385 400 1444 per
414 1379 528 1429 sanctos
543 1387 681 1429 concessa
694 1369 847 1443 aliquando
861 1366 1033 1427 credantur.⁸

141 1467 189 1521 14.
217 1461 282 1541 otj.
296 1470 326 1523 7.
350 1461 491 1535 Catholici
515 1466 765 1544 plerique·ritibus
786 1476 893 1524 tantum
915 1466 1025 1532 intenti,
1042 1484 1141 1525 eorum
1155 1465 1296 1542 significa·

99 1561 210 1618 tionem
226 1561 368 1638 ignorant,
384 1581 437 1620 nec
451 1561 516 1623 ideo
532 1564 670 1622 sublimes
685 1562 877 1655 illos'piatatis
891 1581 994 1622 sensus
1009 1563 1123 1621 habent.
1156 1563 1296 1622 Praeterea
1342 1644 1346 1653 Ι
1393 1626 1399 1652 4

95 1666 212 1717 constat
231 1660 407 1736 experientia
427 1660 497 1718 ritus
519 1661 646 1720 animum
667 1660 794 1737 potiusa
816 1659 879 1718 Deo
894 1659 1060 1718 distrahere.
1099 1657 1244 1733 Equidem
1265 1660 1295 1718 in
1353 1648 1391 1668 '⁴⁸'

94 1755 210 1831 magnis
225 1755 451 1815 solemnitatibus
466 1758 661 1834 spectaculum
675 1757 825 1816 exhibetur
839 1757 975 1816 theatrale
986 1776 1053 1817 cum
1064 1758 1186 1826 musica,
1199 1757 1294 1834 potius

96 1871 185 1926 quam
202 1853 294 1911 cultus
306 1851 430 1912 divinus.
1387 1918 1396 1931 Ἥ

115 1949 230 2028 ·Resp.
253 1951 327 2011 Satis
342 1933 497 2011 edocentur
512 1953 640 2030 plerique
662 1951 806 2011 Catholici
827 1961 858 2009 ut
879 1970 944 2010 cum
967 1952 1078 2029 pietatis
1092 1971 1180 2011 sensu
1195 1953 1294 2012 ritibus
1382 1980 1389 2029 ξ

96 2047 190 2104 sacris
207 2047 329 2116 adstent,
345 2059 374 2107 et
388 2061 497 2108 mentes
517 2048 659 2121 cordaque
680 2046 716 2105 ad
737 2046 833 2106 Deum
847 2048 980 2114 evehant,
995 2065 1047 2105 nec
1062 2048 1139 2106 enim
1155 2047 1189 2106 ad
1204 2048 1234 2106 id
1248 2066 1295 2107 ne·
1379 2034 1394 2087 ’ἓ

102 2160 188 2201 cesse
202 2153 247 2201 est
261 2144 439 2222 singulorum
453 2145 557 2203 rituum
573 2145 676 2203 habere
690 2144 830 2202 notitiem.
870 2142 1086 2221 Experientiem
1101 2143 1157 2220 ipsi
1171 2143 1295 2221 appella·

96 2260 184 2305 must
221 2241 271 2313 qni
288 2241 365 2300 anim
394 2240 610 2301 catholicorum
638 2250 744 2300 coetum
766 2241 867 2299 Missae
900 2240 1097 2299 adsistentium
1127 2240 1294 2318 inspexerit,

96 2356 237 2416 magnum
265 2339 377 2416 pietatis
404 2356 522 2397 sensum
547 2337 691 2416 plerisque
719 2357 903 2398 communem
931 2339 979 2397 vix
1007 2338 1148 2416 denegare
1176 2338 1290 2416 poterit.

95 2435 185 2509 Quod
212 2436 238 2492 si
266 2435 354 2510 aliqui
382 2437 526 2514 negligant
550 2436 586 2494 ed
613 2437 709 2496 Deum
736 2455 895 2515 assurgere,
917 2436 990 2514 ipsis
1012 2437 1065 2494 erit
1085 2434 1294 2513 imputandum.

96 2531 184 2600 Quod
206 2530 242 2590 de
264 2533 492 2592 solemnitatibus
518 2532 629 2602 dicitnr,
656 2534 751 2593 locum
773 2552 832 2592 non
852 2534 938 2607 habet
958 2533 1195 2613 quotiescumque
1212 2534 1296 2612 juxta
1383 2539 1385 2543 '

96 2630 240 2690 Ecclesia
255 2630 333 2706 leges
349 2649 394 2688 res
409 2631 564 2707 peragitur,
580 2630 722 2708 splendor
732 2632 810 2690 enim
824 2632 957 2698 vestium,
973 2636 1070 2690 ettota
1083 2649 1190 2709 pompa
1202 2629 1296 2689 cultus

96 2729 227 2788 altiorem
243 2728 279 2786 de
294 2729 433 2804 mysterio
456 2729 614 2798 uodonem,
635 2738 664 2787 et
684 2731 756 2788 sacri
777 2741 932 2788 concentus
956 2729 1085 2787 caelestes
1108 2729 1295 2807 cogitationes

96 2827 240 2904 injiciunt.
284 2827 316 2884 Si
331 2825 438 2901 aliquid
453 2829 547 2886 minus
562 2846 721 2905 congruum
739 2827 843 2886 alicubi
858 2827 918 2900 liat,
932 2826 1065 2903 culpandi
1080 2840 1163 2886 erunt
1177 2828 1226 2901 qui
1238 2828 1295 2887 Ec·

96 2924 195 2985 clesiae
209 2924 359 3002 negligunt
373 2937 471 2983 sancta
485 2924 626 2983 mandate.

134 3027 190 3092 lb.
216 3022 284 3102 obj.
307 3027 336 3081 8.
359 3023 476 3082 Cultum
499 3023 713 3082 catholicorum
734 3040 799 3081 esse
820 3021 993 3081 materialem
1017 3019 1046 3080 et
1066 3023 1294 3100 superstitiosum

97 3123 191 3195 liquet
203 3140 241 3181 ex
256 3122 383 3181 moribus
399 3121 626 3191 catholicorum,
641 3123 691 3196 qni
705 3120 798 3180 cultus
809 3122 976 3180 exercitium
991 3122 1147 3179 cumomni
1163 3123 1294 3182 vitiorum

97 3239 205 3300 genere
220 3221 330 3299 passim
344 3221 530 3299 conjungunt.
647 3224 649 3228 ’
848 3220 852 3227 ’

138 3316 228 3398 Reep.
251 3319 327 3377 Sunt
339 3319 474 3395 preclara
488 3317 622 3396 exempla
633 3317 769 3378 virtutum
789 3318 865 3396 apud
880 3316 1058 3387 Catholicos,
1073 3318 1122 3392 qui
1136 3315 1204 3376 fidei
1219 3319 1296 3395 prin·
1386 3328 1398 3341 ⁹

99 3415 178 3492 cipis
189 3415 326 3475 recolunt.
369 3402 489 3481 Quodsi
501 3427 650 3474 occurrant
661 3414 978 3475 contrariavitiosorum
991 3415 1139 3473 hominnm
1151 3414 1294 3492 exempla,

99 3514 153 3588 qui
166 3499 258 3573 cultus
273 3514 440 3572 exercitium
455 3532 513 3572 non
528 3514 670 3583 deserunt,
683 3514 814 3589 quamvis
826 3514 953 3587 alioquin
963 3532 995 3570 se
1010 3523 1083 3571 totos
1095 3513 1162 3571 dent
1173 3512 1294 3582 libidini,

101 3609 248 3670 vel'alteri
270 3612 440 3683 cuicumque
461 3611 540 3677 vitio,
562 3613 590 3670 id
611 3630 668 3671 non
689 3611 828 3687 contingit
848 3611 940 3668 cultus
963 3629 1056 3669 cansa.
1100 3610 1246 3685 Equidem
1267 3612 1296 3670 id

102 3707 177 3784 apud
192 3726 245 3767 nos
258 3709 449 3766 certissimum
464 3720 507 3766 est
531 3709 713 3785 principium,
729 3709 837 3766 nullum
863 3708 970 3766 cultum
998 3725 1083 3784 posse
1101 3708 1162 3767 Deo
1183 3721 1295 3788 gratum
1385 3754 1391 3762 .

104 3823 178 3874 esse,
191 3806 327 3882 quamdiu
340 3815 457 3882 peccato
469 3809 563 3865 anima
573 3807 755 3889 ‘inquinatum
772 3805 893 3880 ideoque
909 3816 1041 3883 peccator
1053 3808 1161 3884 optime
1175 3809 1252 3867 novit
1263 3827 1294 3866 se

107 3901 200 3963 Deum
214 3903 335 3964 colendo
349 3924 407 3964 non
431 3905 609 3974 salvandum,
624 3907 681 3964 nisi
702 3905 884 3978 dereliquerit
910 3906 985 3964 titia.
1028 3905 1099 3964 Haec
1125 3906 1225 3965 fovens
1246 3905 1295 3963 ali-

108 4002 216 4075 quando
238 4002 332 4062 colere
356 4003 451 4080 pergit
476 4003 582 4072 Deum,
599 4005 665 4078 quia
689 4012 785 4064 manet
798 4009 899 4061 sensns
915 4003 1030 4077 quidem
1059 4003 1216 4061 officiorum
1231 4021 1294 4076 quae
1377 4078 1380 4082 ¹

111 4099 264 4174 persolvere
290 4099 384 4168 debet,
406 4101 474 4159 licet
497 4101 566 4159 alies
591 4101 792 4178 cupiditatibus
813 4100 987 4177 abripiatur;
1009 4099 1168 4177 culpandus
1189 4099 1295 4159 idcirco
1382 4084 1387 4093 ⁴

116 4214 168 4256 non
180 4199 215 4257 ob
228 4200 335 4258 cultum
351 4216 436 4273 quem
461 4210 582 4276 prestat,
596 4183 646 4257 sed
661 4202 697 4259 ob
711 4200 779 4258 vitia
799 4217 862 4272 quae
884 4218 940 4257 non
963 4198 1103 4257 emendat.
1146 4207 1164 4234 ‘⁶
1175 4197 1239 4258 Alia
1252 4212 1296 4258 est

206 4437 247 4503 (1)
267 4435 293 4486 S.
306 4434 397 4499 Chrys.
410 4435 477 4486 hom.
487 4437 556 4487 xviii.
568 4439 594 4488 in
608 4441 619 4485 1
634 4436 690 4486 Gor.

208 4522 248 4589 (2)
268 4521 346 4588 Apoc.
356 4521 406 4571 viii.
418 4524 442 4570 3.
831 4575 833 4579 y

209 4607 248 4674 (3)
267 4607 331 4658 Vide
343 4607 448 4658 eruditas
459 4608 549 4658 litteras
562 4608 695 4660 Wiseman.
728 4616 742 4640 ‘⁴
751 4607 846 4660 Lettsrs
856 4615 882 4659 to
890 4608 905 4657 J
908 4608 958 4660 obn
969 4606 1091 4673 Poynder,
1102 4607 1170 4674 Esq,
1182 4607 1229 4658 &c

682 4719 747 4774 rer
1294 4690 1353 4776 1
