2798 5092
91 4722 111 4776 h

126 350 183 408 178
536 342 593 403 DE
615 330 904 402 OAEREMONIIS.

126 514 156 565 et
166 501 395 563 administrande
407 503 478 561 ritus
489 501 683 575 antiquitatem
697 520 778 560 snam
793 499 925 578 produnt.
949 496 1142 576 Euchologia,
1154 497 1326 558 Sacramen-

126 605 207 671 taria,
222 612 252 660 et
264 610 403 676 quotquot
416 612 569 678 supersunt
581 601 729 659 vetustatis
741 607 925 658 monumenta
939 614 999 655 rem
1012 596 1119 655 faciunt
1129 596 1322 674 exploratam.

168 703 219 764 76.
241 703 325 761 Ratio
340 713 434 779 aperte
448 701 533 768 favet,
543 718 632 773 quum
645 702 723 759 enim
738 700 808 757 ritus
820 717 855 756 eo
866 696 1022 774 dirigantur
1032 704 1064 752 ut
1077 705 1325 755 sacramentorum

128 802 186 861 vim
201 801 354 878 explicent,
369 799 499 858 etanirni
520 798 725 875 dispositiones
748 798 850 873 quibus
873 794 1056 874 suscipienda
1078 806 1156 866 aunt,
1180 806 1210 855 et
1225 791 1325 852 officia

130 918 194 975 qure
206 898 427 976 suscipientibus
442 899 636 975 imponuntur,
652 898 807 965 insinuent,
818 895 908 970 liquet
922 915 972 956 eos
987 897 1092 955 utiliter
1104 907 1133 954 et
1144 894 1326 954 laudabiliter

129 994 272 1073 prescribi
286 1003 315 1051 et
328 994 440 1072 peragi:
462 993 589 1052 subsidia
613 995 721 1071 quippe
734 1006 801 1053 sunt
822 995 971 1052 homiuum
993 992 1094 1061 indoli,
1109 991 1171 1068 qui'
1184 993 1321 1051 sensibus

130 1092 285 1170 plurimum
298 1091 447 1159 ducuntur,
463 1090 687 1160 accommodata,
701 1101 730 1150 et
743 1092 779 1150 ad
794 1103 908 1152 sanctos
923 1092 996 1150 fines
1011 1091 1165 1150 instituta.¹

509 1287 707 1328 OBJEGTIONB!
728 1288 916 1330 sneundune.

171 1434 221 1489 rt.
247 1427 314 1508 otj.
332 1432 358 1487 1.
380 1429 473 1506 Impie
487 1428 656 1505 adjiciuntur
669 1429 739 1487 ritus
754 1429 790 1487 iis
802 1449 874 1506 quos
889 1431 1010 1491 instituit
1025 1428 1159 1489 Christus
1182 1427 1272 1510 saluti
1296 1447 1329 1486 ac

131 1525 158 1584 si
172 1526 235 1602 ipse
250 1525 319 1599 quid
333 1524 445 1583 doceret
459 1526 627 1602 ignorasset.

172 1621 261 1700 Reap.
285 1622 372 1681 Nulla
397 1633 440 1680 est
464 1623 596 1700 impietas
621 1642 684 1682 eam
707 1642 840 1683 exercere
863 1625 1057 1685 auctoritatem
1078 1642 1167 1697 quam
1189 1622 1350 1681 Christus·

131 1718 193 1795 ipse
208 1716 396 1786 demandavit,
409 1717 550 1777 statuendi
564 1728 592 1776 et
605 1718 796 1796 componendi
810 1719 984 1794 omniaque
1006 1718 1041 1778 ad
1056 1718 1239 1793 disciplinam
1262 1735 1328 1794 per·

132 1817 231 1874 tinent.
261 1815 439 1874 instituendo
453 1824 629 1875 sacramenta
642 1816 833 1882 substantiam,
842 1835 941 1876 eorum
956 1816 1095 1885 definivit,
1108 1817 1138 1874 in
1150 1834 1236 1889 quam
1252 1815 1328 1874 nihil

131 1921 225 1990 potest
247 1912 398 1981 Ecclesia;
420 1913 471 1971 sed
495 1913 610 1986 reliquit
630 1913 779 1991 Apostolis
801 1922 830 1972 et
843 1914 1012 1991 presulibus
1027 1913 1129 1972 futuris
1151 1920 1326 1990 potestatem

132 2028 185 2089 pro
199 2018 360 2088 temporum
373 2022 402 2070 et
414 2012 542 2072 locorum
557 2013 690 2071 varietate
705 2023 806 2071 catera
829 2012 1011 2090 disponendi,
1027 2030 1114 2086 quam
1135 2030 1169 2069 se
1182 2012 1329 2077 exereitu-

132 2128 192 2169 ram
207 2109 314 2170 Paulus
329 2109 363 2168 ad
379 2110 545 2170 Corinthios
559 2111 697 2178 scribens,
713 2111 864 2170 indicavit:
887 2120 1018 2170 “cetera
1029 2128 1095 2169 cum
1110 2127 1216 2169 venero
1228 2109 1328 2187 dispo·

133 2206 247 2266 nam.”⁹
286 2205 318 2264 ld
343 2206 540 2266 animadvertit
565 2208 634 2266 olim
662 2208 856 2286 Augustinus:
890 2207 992 2266 “Ideo
1019 2225 1079 2267 non
1103 2205 1240 2285 precepit
1269 2222 1329 2280 quo

135 2303 270 2381 deinceps
284 2302 383 2361 ordine
398 2314 557 2363 sumeretur
571 2305 794 2383 (eucharistia),
809 2315 841 2363 ut
854 2305 1012 2382 Apostolis,
1027 2323 1079 2382 per
1093 2322 1166 2384 qnos
1187 2303 1329 2363 eeclesias

137 2402 328 2478 dispositurus
343 2411 412 2469 eret,
427 2412 552 2461 servaret
571 2402 648 2462 hunc
661 2405 767 2463 locum.
790 2445 799 2463 .
822 2445 830 2462 .
853 2445 861 2463 .
884 2402 960 2462 Cum
975 2421 1043 2462 vero
1056 2403 1096 2461 ait
1115 2400 1274 2480 Apostolus
1295 2402 1332 2461 de

135 2499 192 2558 hoc
217 2509 393 2556 sacramento
415 2499 545 2572 loquens.
568 2542 576 2557 .
599 2540 607 2558 .
631 2540 639 2557 .
662 2500 792 2559 ‘Cetera
816 2510 909 2560 autem
933 2519 999 2560 cum
1028 2518 1143 2570 venero,
1169 2500 1331 2560 ordinabo.’

137 2597 223 2657 Unde
238 2597 357 2675 intelligi
371 2597 461 2667 datur,
476 2599 556 2680 (quia
569 2599 690 2658 multum
704 2610 772 2668 erat,
787 2601 861 2658 utin
875 2599 997 2677 epistola
1018 2609 1108 2659 totum
1123 2600 1203 2659 illum
1224 2600 1332 2678 agendi

137 2695 267 2757 ordinem
282 2696 447 2768 insinuaret,
463 2717 550 2772 qoem
565 2697 697 2757 universa
711 2716 763 2775 per
775 2698 872 2756 orbem
885 2708 982 2756 >servat
995 2697 1138 2766 Ecclesia,
1154 2698 1190 2756 ab
1204 2698 1271 2776 ipso
1285 2718 1331 2759 or·

137 2795 264 2855 dinatum
278 2815 343 2854 esse
357 2796 433 2871 qnod
447 2796 525 2855 nulla
539 2796 827 2861 morumdirersitate
842 2796 1012 2855 variatur.'’⁸
1032 2796 1117 2855 Nihil
1131 2796 1213 2854 latuit
1227 2795 1332 2857 Chris·

136 2905 219 2963 tumr
241 2893 291 2953 sed
304 2913 393 2968 quum
407 2906 583 2954 sacramenta
596 2895 760 2954 hominibus
775 2914 825 2972 per
840 2904 882 2953 tot
901 2893 1007 2955 secula
1020 2895 1113 2952 forent
1128 2893 1329 2961 ministranda,

136 2991 168 3048 in
181 2991 312 3048 varietate
338 2990 534 3068 adjunctorum
556 2992 677 3060 infinita,
691 2992 835 3069 sapienter
856 2991 905 3066 qui
930 2991 1049 3050 minoris
1073 2990 1168 3048 serent
1188 2994 1332 3051 momenti

140 3090 212 3148 ritus
226 3090 377 3166 praesulum
393 3091 536 3149 Ecclesiae
551 3091 680 3167 permisit
693 3109 776 3165 aequo
790 3089 916 3148 arbitrio.

178 3193 227 3248 78.
253 3187 319 3267 Odj.
335 3193 364 3247 2.
386 3188 633 3246 sacramentorum
646 3179 803 3246 s'ubstantia
813 3190 979 3247 obscuratur
990 3196 1032 3246 tot
1042 3185 1331 3253 adventitiisritibos,

138 3287 188 3360 qui
203 3285 327 3363 simplici
342 3284 452 3343 Christi
465 3283 594 3342 instituto
608 3282 787 3360 adjiciuntur,
803 3283 875 3343 adeo
889 3296 921 3342 ut
939 3284 1001 3360 jam
1016 3282 1176 3360 disceptent
1190 3283 1331 3362 theologi,

138 3395 167 3440 et
187 3382 278 3440 inutili
302 3381 397 3439 labore
411 3391 537 3453 quaerant
559 3381 674 3453 quinam
700 3380 770 3439 ritus
784 3381 822 3438 sit
841 3379 1001 3438 essentialis
1026 3377 1217 3454 quorumdam
1237 3399 1331 3440 sacra-

141 3490 312 3540 mentorum.
930 3491 931 3494 ’
971 3490 973 3494 ’

179 3575 269 3655 Resp.
291 3580 537 3638 Sacramentorum
552 3577 597 3634 vis
611 3576 767 3636 declaratur
788 3578 887 3636 ritibus
902 3578 952 3653 qui
975 3579 1005 3637 in
1025 3578 1149 3637 solemni
1163 3595 1263 3637 eorum
1286 3577 1333 3635 ad-

139 3674 346 3735 ministratione
361 3677 448 3734 fiunt:
465 3693 564 3734 omnes
576 3676 653 3734 enim
666 3675 859 3753 intelliguntur
872 3678 1017 3754 praecipuo
1029 3676 1105 3744 ritui,
1118 3678 1168 3750 qni
1180 3686 1224 3734 est
1235 3677 1333 3753 ipsum

139 3783 359 3842 sacramentum,
374 3775 520 3833 inservire.
562 3775 647 3843 Quod
662 3784 755 3834 autem
770 3773 805 3832 de
819 3774 1009 3851 quorumdam
1031 3776 1138 3834 rituum
1159 3774 1334 3833 necessitate

139 3873 308 3952 disputetur,
319 3875 457 3952 contingit
466 3876 572 3949 absque
583 3875 751 3944 sacramenti
763 3875 875 3951 injuria,
884 3894 972 3950 quum
980 3875 1113 3933 alterutro
1121 3874 1175 3932 ritu
1186 3873 1333 3951 precipuo

173 4055 210 4114 (1)
227 4051 288 4101 Post
298 4052 368 4116 plura
378 4051 409 4100 de
420 4051 504 4101 ritibus
512 4051 604 4102 erudite
612 4052 747 4118 disceptata
753 4053 903 4103 concludunt
911 4052 1081 4103 Oxoniensssr
1100 4048 1180 4100 “The
1190 4049 1336 4100 conclusion

48 4139 49 4145 ’
140 4147 165 4189 to
176 4141 206 4189 be
217 4141 302 4190 drawn
312 4137 374 4188 honr
386 4139 418 4188 all
429 4140 481 4188 that
492 4137 606 4189 hasbeen
615 4138 667 4188 said
678 4138 705 4188 in
716 4138 786 4189 those
796 4154 871 4204 peges
882 4139 904 4188 is
915 4137 977 4188 this:
994 4137 1048 4188 that
1056 4136 1115 4186 ritas
1121 4136 1171 4187 aud
1182 4135 1337 4195 ordinances,

140 4226 249 4277 sariram
260 4227 334 4289 being
343 4226 502 4288 unmeaning,
513 4242 553 4276 are
564 4226 591 4277 iu
602 4226 664 4276 their
675 4234 762 4278 nature
776 4227 876 4292 capable
887 4225 916 4275 ol
928 4224 1073 4290 impresaing
1090 4239 1136 4274 our
1146 4224 1278 4275 memorias
1288 4224 1339 4274 and

140 4311 312 4374 imaginatione
324 4313 384 4363 with
396 4313 437 4362 the
448 4320 515 4376 grean
526 4313 636 4363 revealed
648 4312 759 4373 verities3
776 4312 812 4361 far
822 4311 884 4360 from
892 4309 1150 4376 bsing'superstitious,
1159 4325 1200 4360 ars
1210 4311 1337 4376 expressly

141 4399 282 4449 sanctioned
293 4401 320 4450 in
331 4401 452 4465 Scriptura
463 4416 490 4449 as
501 4407 526 4450 to
537 4399 600 4450 their
615 4399 740 4466 principle,
750 4399 798 4450 and
816 4396 936 4447 delivered
946 4403 971 4446 to
982 4396 1024 4447 the
1040 4394 1143 4446 Ohurelt
1153 4395 1181 4447 in
1192 4395 1258 4448 their
1274 4397 1338 4448 t'orm

143 4483 175 4546 by
187 4482 324 4534 tradition.’'
359 4486 434 4537 Tract
445 4489 485 4537 ³4.

178 4567 215 4630 (2)
233 4570 256 4618 Ι.
268 4569 325 4620 Cor.
336 4572 372 4622 xi.
383 4574 424 4623 34.

175 4655 212 4716 (2)
230 4654 278 4720 ep.
290 4656 320 4706 ad
331 4657 430 4709 ianuar.
441 4660 482 4710 liv.
491 4662 550 4711 alias
559 4662 640 4712 cxviii.
651 4659 667 4709 i·
678 4660 709 4710 ad
719 4661 774 4710 Jan.
