2798 5092
463 331 520 391 DE
541 329 677 389 stulto
700 326 936 387 uOELIBtTtJ.
1261 331 1297 387 81

77 481 81 486 ’
99 485 296 562 superstitem,
313 483 358 542 vel
372 482 499 559 conjugii
516 481 629 558 juribus
645 480 709 547 frui,
722 478 836 556 probari
858 478 956 551 nequit
969 478 1115 555 scripture
1130 477 1227 552 aliquo
1242 490 1297 537 tes·

101 584 233 642 timonio.
276 582 320 641 Ita
333 580 482 658 respondit
496 581 527 638 S.
544 580 742 657 Hieronymus
758 578 774 637 J
778 578 911 637 oviniano
923 599 931 636 :
955 589 974 616 ⁸⁴
986 578 1146 637 Possumus
1157 590 1251 635 autem
1263 577 1299 636 de

102 682 189 741 Petro
204 681 312 748 dicere,
328 680 405 753 quod
419 679 548 737 habuerit
561 689 675 736 socrum
699 696 734 736 eo
755 689 882 754 ternpore
905 695 963 750 quo
985 676 1114 743 credidit,
1129 688 1161 735 ut
1179 695 1298 735 uxorein

95 780 156 856 jam
172 798 232 837 non
247 778 395 836 habuerit:
418 795 591 850 quamquam
606 776 715 852 legatur
729 776 757 833 in
771 781 889 847 περωδοις
903 785 931 832 et
945 793 1020 832 uxor
1033 780 1096 852 ejus
1110 784 1139 832 et
1149 775 1219 832 filia.
1241 773 1300 832 Sed

97 894 173 935 uune
183 875 270 933 nobis
285 873 320 932 de
335 893 444 932 canone
459 892 545 932 ornne
557 883 698 931 certamen
711 871 802 930 οει.”1
839 872 975 931 Clemens
992 871 1204 931 Alexandrinus
1217 871 1299 930 tradi·

101 971 208 1030 tionem
223 980 341 1029 secutus
357 980 409 1038 est,
422 987 450 1029 et
464 968 581 1043 quidem
596 969 742 1035 incertam,
752 987 804 1026 seu
816 968 910 1045 potius
922 967 979 1026 fide
1000 967 1155 1045 indignam,
1169 968 1299 1040 quamvis

102 1066 143 1126 nil
157 1060 234 1124 dicat
248 1066 327 1140 quod
348 1065 465 1124 suadeat
485 1084 549 1123 eam
564 1065 662 1122 uxoris
680 1065 792 1141 juribus
816 1082 907 1122 usam.
950 1064 996 1122 De
1016 1064 1180 1122 omnibuse
1201 1072 1300 1123 contra

103 1163 251 1240 Apostolis
268 1161 408 1221 affirmat:
432 1172 451 1198 ‘⁴
464 1162 534 1220 Non
548 1172 578 1219 ut
592 1180 707 1228 uxores,
722 1160 772 1218 sed
791 1171 822 1218 ut
835 1179 949 1219 sorores
971 1161 1220 1220 circumducebant
1239 1180 1300 1222 mu-

102 1259 196 1328 lieres,
213 1278 279 1333 quas
295 1279 352 1318 una
366 1260 566 1318 ministratura
588 1269 686 1317 essent
700 1260 775 1335 apud
796 1258 941 1326 mulieres,
956 1277 1020 1331 qus:
1042 1258 1300 1318 domoscustudie·

103 1357 186 1416 bant:
209 1377 263 1435 per
277 1377 348 1430 quas
363 1358 447 1415 etiam
464 1359 492 1415 in
507 1376 676 1435 gyneceum
692 1357 800 1430 absque
809 1356 867 1416 ulla
881 1357 1104 1435 reprehensione
1116 1359 1225 1416 malave
1237 1377 1299 1417 sus·

102 1455 225 1533 picione,
242 1455 353 1538 ingredi
370 1465 467 1532 posset
481 1455 609 1513 doctrina
623 1454 793 1513 Domini.''⁹

138 1556 207 1611 tua.
227 1550 295 1632 obj.
312 1557 340 1611 b.
363 1553 569 1611 Sicoelibatum
584 1552 733 1629 injungere
746 1553 883 1611 voluisset
896 1553 1063 1630 Apostolus,
1079 1554 1173 1612 verbis
1189 1553 1298 1631 perspi·

98 1651 156 1710 cuis
166 1671 236 1710 usus
246 1651 359 1719 luisset,
366 1652 559 1728 jussissetque
568 1663 598 1707 ut
607 1672 622 1707 a
632 1651 759 1708 mulieris
769 1652 913 1709 consortio
924 1653 1076 1711 abstineret
1084 1670 1116 1710 se
1127 1652 1295 1729 episcopus.

134 1747 224 1827 Rcrp.
241 1749 274 1807 Si
289 1749 354 1822 quis
369 1767 406 1806 ex
419 1747 549 1824 Apostoli
566 1748 659 1805 verbis
674 1746 702 1805 id
717 1757 825 1806 tanturn
841 1748 952 1816 inferat,
967 1764 1033 1808 euru
1049 1749 1083 1807 iis
1096 1751 1146 1822 qui
1162 1749 1297 1826 conjugio

98 1856 160 1904 aute
175 1845 535 1922 ordinum'susceptionem
550 1845 695 1922 conjuncti
707 1856 797 1914 erant,
811 1847 1012 1904 continentiam
1023 1847 1058 1905 ab
1068 1847 1206 1905 uxoribus
1222 1846 1297 1906 haud

109 1943 277 2020 imperasse,
292 1942 320 2000 itl
335 1943 495 2019 disciplina:
511 1941 668 2001 Catholicae
684 1961 740 2000 non
763 1943 901 2000 obstabit:
924 1944 1016 2020 potuit
1036 1945 1112 2001 enirn
1128 1944 1190 2002 fieri
1213 1953 1244 2003 ut
1266 1944 1297 2003 in

103 2039 242 2100 Ecclesia:
257 2041 421 2118 primordiis
432 2050 507 2098 tanta
519 2059 576 2098 non
588 2039 814 2110 foretseveritas,
825 2041 862 2098 ob
872 2058 1015 2098 sacrorum
1028 2041 1221 2099 ministrorum
1236 2043 1297 2100 iuo-

99 2137 184 2214 piam,
196 2147 329 2197 etrerum
344 2124 553 2196 necessitatem.
568 2145 587 2172 “
608 2135 954 2207 lnecclesiasticoordine
966 2134 1297 2210 constituendo‚”inquit

100 2233 309 2314 Hieronymus,
336 2236 436 2309 “quia
459 2234 537 2293 rudis
564 2254 600 2293 ex
624 2235 756 2313 gentibus
777 2234 1000 2293 constituebatur
1022 2234 1165 2303 Ecclesia,
1188 2235 1297 2294 leviora

100 2351 190 2412 nuper
202 2334 386 2393 credentibus
402 2333 449 2392 dat
463 2344 615 2411 praecepta,
632 2351 668 2390 ne
683 2333 771 2390 territi
786 2332 859 2390 ferre
874 2352 929 2391 non
945 2333 1112 2411 possent.”⁸
1150 2333 1295 2395 Caeterum

100 2433 179 2491 nobis
194 2447 304 2492 certum
320 2433 438 2492 omnino
452 2444 481 2490 et
495 2432 673 2509 exploratum
689 2440 733 2489 est
753 2431 914 2490 coelibatum
937 2433 1055 2491 omnino
1076 2433 1163 2491 fuisse
1185 2434 1295 2511 injunc-

97 2540 155 2592 tum
169 2534 205 2592 ab
219 2533 304 2591 initio
324 2533 459 2591 omnibus
479 2531 568 2589 sacris
585 2531 724 2590 ministris
750 2531 801 2610 qui
821 2531 937 2590 coelibes
960 2532 1075 2590 ordines
1090 2542 1293 2611 susceperant:

98 2631 178 2709 louge
193 2632 279 2691 etiam
303 2631 494 2690 verosimilius
515 2631 598 2688 nobis
619 2630 738 2689 habetur
758 2630 857 2688 eadem
878 2629 943 2707 lege
963 2631 1112 2690 adstrictos
1133 2632 1222 2691 fuisse
1243 2634 1293 2706 qui

96 2729 227 2807 conjugio
244 2728 355 2787 fuerant
378 2727 526 2804 implicati.
568 2726 601 2785 ld
616 2746 686 2786 voce
707 2727 756 2785 illa
776 2732 908 2799 εγκρσκης*
930 2731 999 2786 satis
1014 2727 1132 2788 indicari
1147 2742 1292 2807 putamus,

96 2816 191 2887 notum
206 2827 284 2886 enirn
300 2838 344 2885 est
355 2827 536 2885 continentiae
551 2827 697 2883 notionem
713 2826 740 2882 ei
755 2825 825 2883 adeo
837 2826 976 2884 adnexam
986 2827 1086 2894 fuisse,
1097 2837 1128 2885 ut
1138 2828 1292 2889 Eucratitae

95 2922 253 2984 dicerentur
274 2924 400 2982 haeretici
423 2924 473 2997 qni
488 2923 600 3000 nuptias
615 2934 644 2980 et
658 2941 773 2983 omnem
789 2923 962 3001 voluptatem
976 2924 1068 2981 carnis
1084 2944 1200 3001 prorsus
1215 2926 1292 2987 dam·

98 3024 213 3081 nebant.

133 3124 200 3178 164.
225 3116 294 3197 obj.
318 3121 346 3177 o.
374 3117 515 3176 Clemens
537 3115 749 3175 Alexandrinus
774 3116 905 3194 Apostoli
932 3130 1056 3177 urentem
1079 3121 1121 3178 sic
1146 3123 1288 3198 explicat:

96 3216 201 3284 “Quin
217 3216 343 3275 etunius
356 3230 474 3289 quoque
489 3216 589 3273 uxoris
604 3215 697 3272 virum
711 3215 808 3288 utique
821 3213 950 3284 admittit,
961 3234 1010 3274 seu
1023 3215 1060 3275 sit
1071 3218 1229 3294 presbyter,
1240 3238 1291 3279 seu

97 3312 245 3382 diaconus,
269 3333 321 3372 sen
336 3312 426 3372 laicus
448 3324 531 3371 utens
554 3312 734 3371 matrimonio
755 3314 824 3371 citra
844 3313 1114 3390 reprehensionem:
1135 3319 1291 3378 servabitur

95 3420 184 3471 summ
200 3430 253 3489 per
267 3410 391 3468 filiorum
408 3409 681 3487 procreationem.”⁴

133 3506 224 3586 Hesp.
248 3507 388 3565 Clemens
403 3526 439 3565 eo
452 3506 508 3565 loci
533 3506 622 3564 dicit:
646 3506 787 3579 “Siquis
812 3518 905 3567 autem
920 3510 1130 3571 matrimonium
1145 3512 1230 3573 audet
1250 3514 1291 3575 di-

94 3625 157 3665 cere
171 3606 404 3673 fornicationem,
419 3623 516 3663 rursus
531 3605 625 3681 legem
640 3616 668 3662 et
683 3605 840 3664 Dominum
855 3608 1008 3677 insectans,
1024 3609 1183 3671 maledictis
1200 3615 1290 3692 impe·

94 3703 153 3764 tit.’'
193 3704 296 3783 Pergit
309 3703 339 3778 id
363 3703 492 3780 probare,
508 3702 684 3760 ostendendo
710 3704 881 3779 Apostolum
905 3707 976 3765 velle
999 3717 1030 3765 ut
1051 3708 1142 3767 viduae
1158 3711 1289 3788 juniores

94 3807 203 3876 nubant,
218 3818 246 3866 et
259 3807 336 3866 filios
353 3816 513 3882 procreent,
529 3806 588 3864 imo
603 3817 631 3864 et
644 3807 763 3883 probare
778 3809 868 3866 virum
885 3810 969 3869 unius
985 3813 1094 3880 uxoris,
1110 3834 1195 3888 quem
1212 3834 1290 3891 pres·

93 3902 216 3980 byterum
232 3902 278 3963 rel
295 3901 450 3961 diaconum
467 3902 528 3960 fieri
555 3903 701 3978 permittit.
743 3903 827 3971 Quod
843 3904 920 3964 addit
942 3906 977 3965 de
992 3909 1163 3969 matrimonii
1178 3929 1233 3967 usu
1253 3910 1289 3970 ad

95 3996 201 4069 laicum,
216 4020 305 4077 quem
322 3999 425 4059 ultimo
439 4000 503 4058 loco
516 3999 654 4068 nominat,
669 4013 713 4060 est
727 3999 1004 4060 relerendumz-xn'w
1026 4021 1109 4070 imao,
1122 4007 1290 4078 bantana-:ag

97 4100 305 4249 ἪΞὟἜΘ
321 4162 355 4224 N
358 4173 442 4221 ovalo
457 4164 541 4223 refert
555 4165 742 4242 Cyprianus:
765 4174 898 4223 “uterus
913 4168 1015 4224 :axoris
1030 4165 1107 4224 calce
1122 4183 1288 4242 percussus,

455 4344 492 4403 (1)
510 4339 541 4392 L.
553 4341 568 4392 1.
580 4341 608 4392 in
617 4342 700 4393 lovis.

352 4499 353 4502 Ἴ
459 4424 495 4486 (2)
514 4425 543 4476 L.
555 4426 588 4476 iii.
601 4426 690 4477 Strom.

459 4685 488 4750 (5
521 4684 610 4736 Strom.
621 4688 637 4737 l.
648 4688 693 4739 xii.
703 4704 728 4754 p.
739 4689 797 4738 476.
