2798 5092
596 366 820 428 APPENDIX.
1246 370 1310 428 825·

113 521 221 598 nuptias
236 529 267 580 et
286 524 497 599 generationem
512 542 576 583 esse
590 522 721 594 illicitas;
743 544 841 587 carnes
856 543 921 584 esse
941 527 1125 598 immundas3
1149 529 1302 605 perjurium

114 619 143 676 ad
170 619 292 678 celanda
314 631 399 680 sectae
426 641 527 681 arcana
550 622 648 682 licere.
691 623 831 684 Damnata
851 635 895 682 est
915 625 976 683 haec
1002 626 1120 686 haeresis
1141 628 1170 685 in
1191 626 1303 703 synodo

113 717 379 796 Caesaraugustana²
400 739 475 779 anno
488 722 601 780 circiter
614 726 683 780 380.
726 722 921 781 Priscillianus
935 723 1056 801 ejusque
1068 726 1150 791 socii,
1168 725 1301 789 Maximi,

112 815 158 888 qui
182 815 338 892 imperium
357 816 388 874 in
412 815 568 875 Occidente
587 829 779 894 usurpaverat,
806 817 929 886 decreto,
951 821 1043 896 capite
1065 821 1144 897 plexi
1169 814 1303 890 sunt,'ob

110 911 276 988 gravissima
297 912 441 981 facinora3
465 914 581 991 gemino
603 915 710 991 quippe
724 916 873 974 convictus
888 926 932 973 est
940 916 1052 993 judicio
1069 935 1167 975 orasse
1181 917 1302 987 nudum,

111 1020 262 1067 nocturnos
274 1011 401 1087 turpium
414 1012 592 1069 loerninarum
603 1012 762 1070 celebrasse
774 1027 941 1079 conventus,
954 1013 1064 1087 aliaque
1075 1013 1151 1071 foeda
1164 1027 1302 1090 patrasse.

110 1105 220 1165 ldacius
234 1119 330 1166 tamen
344 1119 373 1166 et
384 1108 508 1167 ithacius
522 1108 653 1186 episcopi
663 1122 761 1168 sancto
777 1110 902 1169 Martinu
915 1111 1036 1184 aliisque
1047 1111 1192 1188 episcopis
1203 1130 1302 1187 parum

111 1205 308 1280 probabantur,
323 1225 359 1265 eo
380 1206 455 1281 qnod
478 1206 650 1266 Priscilliani
671 1226 771 1267 necem
793 1208 973 1268 accusatione
993 1228 1045 1268 sua
1066 1212 1300 1286 procuraverint:

111 1302 281 1361 “Martinus
295 1302 371 1380 apud
386 1304 529 1362 Treveros
543 1306 724 1373 constitutus,
740 1324 798 1363 non
819 1304 965 1364 desinebat
987 1306 1133 1383 increpare
1147 1306 1300 1375 Ithacium,

109 1412 136 1458 ut
158 1402 194 1459 ab
216 1403 397 1461 accusatione
422 1403 591 1461 desisteret:
614 1403 776 1462 Maximum
802 1423 882 1462 orare
903 1413 964 1462 uta
982 1405 1120 1482 sanguine
1144 1405 1300 1465 infelicium

109 1501 258 1560 abstineret
270 1521 277 1560 ι
291 1503 360 1560 satis
372 1521 516 1579 superque
528 1501 661 1561 sufficere
673 1513 704 1561 ut
714 1503 873 1579 episcopali
883 1504 1024 1561 sententia
1035 1503 1160 1561 haretici
1170 1503 1303 1580 judicati,

109 1594 236 1654 ecclesiis
249 1597 469 1673 pellerentur.''⁹
509 1598 656 1657 Renovate
670 1608 714 1655 est
727 1597 871 1656 haereseos
886 1599 971 1677 hujus
980 1599 1124 1658 damnatio
1137 1602 1168 1659 in
1179 1601 1303 1677 synodis

109 1691 256 1750 Toletanis
270 1692 379 1751 duabus
396 1712 470 1752 anno
484 1698 554 1761 400.
570 1695 598 1753 in
614 1693 724 1751 duabus
744 1694 807 1752 aliis
832 1693 952 1771 synodis
969 1696 1071 1754 habitis
1086 1716 1124 1755 ex
1138 1697 1170 1754 S.
1195 1697 1303 1756 Leonis

109 1800 261 1866 precepto,
276 1791 326 1863 qui
347 1800 429 1868 “per
443 1791 609 1850 'Pumibium
623 1791 774 1849 Notarium
786 1791 863 1850 sedis
877 1811 947 1860 sure,
962 1792 997 1850 ad
1011 1794 1154 1870 synodum
1172 1795 1303 1855 Galliciae

108 1898 201 1945 contra
222 1888 341 1965 impiam
365 1888 539 1947 Priscilliani
561 1900 667 1947 sectam
696 1889 802 1965 scripta
826 1908 878 1947 sua
903 1888 1038 1958 direxit,”
1068 1902 1139 1949 teste
1167 1890 1304 1950 Lucretio

103 1983 276 2060 ⁴bracarensi
300 1986 449 2063 Episcopo
476 1986 505 2044 in
527 1985 660 2044 Concilio
684 1986 852 2045 Bracarensi
874 1986 926 2054 IL,
948 2005 1023 2045 anno
1043 1991 1112 2054 569,
1133 1988 1161 2046 in
1183 2007 1241 2061 quo
1265 1993 1301 2047 15

109 2082 240 2160 Capitula
250 2085 334 2160 justa
348 2085 380 2142 S.
395 2084 502 2143 Leonis
516 2085 665 2161 epistolam
680 2085 788 2142 sancita
801 2095 878 2142 sunt.

143 2182 326 2250 Hsnvrorus,
355 2183 493 2242 Auxentii
516 2183 614 2241 Ariani
637 2182 806 2258 discipulus,
828 2183 916 2241 horno
942 2183 1057 2259 ignarus
1080 2194 1110 2241 et
1131 2184 1302 2255 rusticanus,

106 2279 227 2337 Mariam
242 2280 314 2338 alios
329 2279 405 2337 lilios
420 2299 457 2338 ex
472 2280 584 2357 Joseph
598 2280 761 2355 suscepisse
777 2291 842 2357 post
857 2278 1005 2339 Christum
1020 2292 1117 2338 natum
1138 2283 1299 2351 asserebam

105 2379 280 2451 eandemque
295 2379 437 2456 virginum
452 2391 481 2436 et
495 2397 591 2437 earum
607 2397 671 2452 quae
686 2379 899 2436 matrimonium
918 2380 1018 2437 ineunt
1037 2380 1156 2458 gloriam
1177 2380 1300 2441 suturam

106 2475 232 2535 docebat.
285 2476 318 2534 S.
347 2476 530 2552 Epiphanius
568 2476 697 2534 Helvidii
730 2486 883 2533 sectatores
917 2477 1019 2536 Mariae
1046 2477 1223 2537 adversarios
1248 2497 1300 2537 seu

104 2570 448 2646 “‚Antidicomarianitaffl
465 2576 635 2649 nuncupat.³
735 2594 738 2601 ·

140 2667 333 2736 Jovrnrnnos,
349 2669 516 2736 monachus,
532 2688 570 2727 ex
584 2669 755 2727 monasterio
771 2668 981 2727 Mediolanensi
1003 2689 1166 2747 erumpens,
1183 2671 1300 2731 mollem

104 2765 252 2843 amplexus
265 2777 309 2823 est
322 2766 387 2823 vitae
398 2768 547 2833 rationem,
561 2785 635 2824 anno
647 2771 717 2832 ³82,
732 2784 874 2842 pravaque
885 2765 998 2824 tradidit
1010 2765 1152 2843 dogmata.
1195 2769 1304 2828 Docuit

104 2864 212 2922 nullum
227 2880 292 2921 esse
306 2863 476 2940 virginitatis
492 2864 634 2928 meritum,
651 2881 704 2920 nec
723 2862 849 2940 jejunii;
871 2865 922 2919 eos
945 2863 995 2934 qui
1009 2862 1094 2938 plena
1117 2863 1173 2920 fide
1188 2866 1217 2922 in
1232 2866 1301 2941 bap·

102 2961 186 3019 timo
195 2969 263 3017 sunt
276 2962 375 3027 renati,
390 2979 448 3018 non
464 2979 549 3037 posse
564 2960 689 3018 subverti
703 2980 719 3017 a
733 2960 867 3027 diabolo;
889 2969 1050 3017 sanctorum
1065 2960 1183 3036 gloriam
1197 2980 1294 3037 parem

103 3059 232 3127 suturam,
241 3036 506 3116 nulla‘uiversorum
518 3060 680 3117 meritorum
696 3059 790 3115 habita
805 3058 922 3124 ratione,
932 3069 1048 3133 peccata
1059 3077 1124 3115 esse
1136 3061 1213 3135 paria
1225 3061 1298 3119 inter

102 3174 148 3225 se;
172 3157 296 3215 Mariam
311 3157 339 3213 in
355 3167 435 3232 partu
450 3155 538 3214 decus
554 3157 714 3232 virgineum
729 3156 871 3213 amisisse.
918 3154 996 3212 Eum
1017 3152 1161 3213 damnavit
1175 3156 1296 3214 siricius

103 3256 239 3331 pontifex,
255 3274 329 3313 anno
344 3258 413 3322 390,
428 3255 525 3313 habito
540 3255 640 3313 Romoe
655 3253 788 3313 concilio.

137 3354 342 3413 Drsosnosarr
356 3353 445 3410 vocati
461 3364 527 3410 sunt
541 3352 656 3425 quidam
671 3352 798 3410 haeretici
813 3353 863 3426 qui
877 3352 960 3412 nudis
983 3351 1105 3430 pedibus
1121 3351 1295 3412 Christianis

103 3451 231 3521 omnibns
246 3447 435 3506 incedendum
451 3448 638 3506 docebant.'’⁴

138 3548 371 3612 Conarnmmnr,
386 3566 460 3604 anno
470 3551 539 3613 ³7³,
552 3547 651 3604 Mariae
661 3547 832 3604 sacrificium
841 3548 924 3622 panis
936 3545 1087 3627 collyridis
1097 3565 1148 3623 per
1159 3547 1293 3606 mulieres

103 3646 266 3712 offerebant,
278 3662 340 3701 earn
353 3643 409 3701 Dei
420 3644 509 3701 instar
520 3642 656 3701 colentes.
700 3643 783 3701 Hanc
798 3653 905 3701 sectam
917 3643 1043 3703 confutat
1051 3643 1083 3701 S.
1097 3643 1291 3720 Epiphanius,

102 3743 272 3821 adjungens:
297 3750 316 3776 ‘⁶
327 3740 420 3799 Maria
435 3740 463 3798 in
478 3739 587 3797 honora
602 3741 649 3806 sit,
665 3739 809 3797 Dominus
824 3738 1001 3798 adoretur.”⁵

133 3841 284 3905 Bonosus,
303 3836 479 3896 Sardicensis
493 3835 658 3912 episcopus,
673 3834 769 3893 docuit
779 3834 928 3894 Christum
943 3855 1045 3913 purtim
1056 3854 1121 3894 esse
1132 3836 1290 3902 hominem,

99 3933 226 4013 duosque
241 3936 272 3993 in
288 3933 433 3991 Salvatore
448 3931 664 4008 distinguendos
679 3932 867 4000 filios,.unum
882 3943 1029 4000 aeteruum,
1044 3933 1160 3991 alterum
1183 3942 1279 4006 tempo

91 4034 196 4105 ratem,
221 4032 349 4095 Mariam
363 4048 477 4104 quoque
491 4028 562 4086 alios
573 4028 794 4105 pustChristum
810 4029 955 4106 peperisse
966 4031 1052 4089 filios.
1083 4029 1156 4107 Ejus
1167 4042 1276 4086 errores

521 4266 659 4330 Saragossa.

520 4352 609 4416 Sulpit.
620 4352 702 4400 Seuer.
713 4351 746 4400 lii
758 4350 814 4402 hist.
825 4363 885 4402 sacr·

523 4437 590 4488 Haer.
594 4437 695 4510 lxxviii.

519 4522 583 4573 Vide
595 4523 661 4584 Aug.
673 4521 688 4571 l.
698 4521 729 4572 de
740 4520 798 4571 haer.
809 4536 831 4571 c.
841 4518 919 4570 lxviii.
