2798 5092
99 321 158 383 1182
597 317 824 417 turanum„

106 477 244 544 feriretur,
255 486 285 535 et
297 474 376 536 omui
392 475 458 552 jura
472 475 585 553 imperii
604 476 755 556 prolapsus
765 477 932 548 haberetura
948 478 1064 540 violavit
1071 480 1153 540 anim
1163 480 1305 558 jusjuran-

102 574 170 635 dum
185 575 261 649 quod
276 586 340 633 ante
356 575 568 633 coronationem
583 577 762 653 prestiterat,
777 589 806 636 61
819 576 912 637 fedus
926 597 993 638 cum
1011 579 1133 638 Sultanu
1146 580 1222 647 iniit,
1239 596 1303 637 cnm

107 684 271 730 ceterorum
284 672 456 749 principum,
465 684 494 730 et
502 672 665 748 reipublice
676 673 838 733 christianae
848 675 960 752 injuria.
970 675 1087 734 Litteris
1095 676 1229 753 impense
1238 675 1306 737 favit

107 768 228 846 insignis
243 767 382 845 pontifex,
410 767 533 842 fideiqne
556 770 752 846 propagationi
773 771 929 840 consuluit,
950 771 1050 831 missis
1064 772 1247 850 preconibus
1267 788 1304 831 ex

103 867 202 929 ordine
216 867 407 927 Dominicano
421 867 591 945 presertim,
606 867 635 926 in
650 869 782 927 barbaras
794 879 906 946 gentes.

142 969 207 1026 177.
229 964 429 1024 Oeansumua
442 963 507 1031 lv„
522 974 605 1023 autea
626 965 784 1024 Gaufridns
806 965 1020 1035 castilionem,
1040 967 1159 1026 eximiis
1180 975 1298 1026 ornatus

97 1062 221 1131 dotibus,
243 1075 350 1122 tantum
371 1061 580 1140 septemdecim
604 1062 710 1123 diesin
731 1064 853 1123 Summa
874 1063 950 1124 Sede
970 1065 1103 1134 eminuit,
1123 1063 1160 1123 ad
1174 1082 1299 1142 superos

99 1159 259 1219 translatus.

141 1260 206 1317 178.
228 1256 432 1315 lnsocanrros
445 1255 510 1321 lv..
525 1266 607 1315 antea
621 1254 785 1314 Sinibaldus
808 1256 845 1316 de
866 1256 986 1325 Filisco,
1008 1255 1162 1315 cardinalis
1177 1255 1212 1314 S.
1227 1255 1300 1314 Iau-

98 1354 190 1421 rentii,
206 1362 271 1430 post
285 1351 462 1412 intervallum
477 1353 543 1432 apui
568 1353 669 1421 unius,
684 1353 827 1411 mensium
849 1363 926 1422 octo,
940 1369 969 1410 et
989 1351 1100 1411 dicrum
1121 1350 1301 1425 quindecim,

98 1450 205 1510 electus
219 1464 280 1518 est;
302 1453 471 1526 imperatore
495 1448 656 1508 cardinales
669 1467 782 1507 carcere
797 1460 881 1508 antea
901 1450 1055 1509 detinente.
1096 1446 1305 1526 Imperatorem

98 1549 274 1609 Fridcricnm
287 1568 367 1607 sacra
389 1549 485 1607 omnia
505 1549 571 1625 jura
591 1548 818 1616 conculcantem,
834 1560 863 1606 et
879 1549 1042 1626 juramenta
1056 1566 1122 1622 que
1137 1565 1189 1624 per
1200 1566 1233 1606 se
1251 1546 1297 1604 vel

97 1665 149 1724 per
156 1661 281 1706 oratores
292 1648 457 1722 prestiterat
467 1645 635 1714 violantem,
645 1646 674 1706 in
682 1646 805 1704 concilio
814 1645 1007 1706 OEcnmeuico
1015 1644 1218 1724 Lugdunensi‚
1228 1662 1302 1705 anno

100 1748 186 1812 1245,
202 1744 363 1822 depositum
378 1764 395 1803 a
409 1745 473 1803 Deo
486 1745 641 1803 declaravit
657 1741 798 1820 pontifex,
813 1744 935 1820 ipseque
956 1763 1009 1821 pro
1025 1745 1092 1821 jure
1113 1742 1194 1817 quod
1215 1744 1246 1803 in
1265 1761 1299 1806 eo

100 1854 167 1903 tunc
178 1844 392 1922 agnoscebatur,
405 1861 470 1901 eum
482 1842 626 1920 deposuit.
649 1842 759 1919 Magno
769 1840 904 1920 flagrabat
913 1841 980 1902 fidei
991 1842 1184 1920 propaganda
1196 1841 1298 1911 studio,

98 1940 174 2015 quod
189 1959 225 1999 ex
239 1942 326 1999 sacris
337 1941 514 2018 preconibus
530 1941 559 1998 16
575 1939 735 2007 Prussiam,
750 1940 937 2018 Norvegiam‚
951 1939 1107 2008 Graeciam,
1120 1939 1297 2017 Bulgariam,

99 2035 290 2113 AEthiopiam,
306 2036 415 2095 Indiam
438 2039 534 2094 missis
556 2036 655 2109 liquet.
698 2035 937 2112 sapientissimus
960 2034 1090 2112 pontifex
1112 2035 1223 2112 passim
1252 2055 1299 2094 au·

98 2131 201 2201 diebat,
217 2133 312 2192 ‘Pater
321 2133 405 2211 juris,
421 2146 450 2190 61
464 2134 549 2191 Ρ6161
564 2129 711 2191 vernalia:
755 2131 834 2191 Obiit
859 2132 932 2190 “vir
943 2143 1061 2190 saceret
1079 2131 1197 2190 rectus”
1212 2132 1298 2192 7116·

98 2232 220 2289 cembris
234 2231 280 2289 die
292 2250 365 2290 anno
383 2234 469 2299 1254,
485 2249 573 2304 quum
592 2247 681 2287 annos
697 2242 827 2301 quatuor,
851 2248 965 2288 menses
991 2229 1132 2303 quinque,
1147 2229 1211 2289 dies
1234 2249 1300 2304 qua·

97 2329 264 2393 tuordecim,
280 2328 412 2386 sedisset.

137 2430 203 2486 179.
226 2427 413 2486 1116166611
427 2425 491 2493 lv„
506 2436 588 2485 antea
603 2425 779 2503 lla-unaldus,
795 2426 857 2483 sive
871 2422 1048 2502 Reginaldns
1065 2423 1178 2502 Signia,
1193 2425 1290 2502 paucis

96 2522 270 2602 postdiebus
285 2524 392 2580 clectus
406 2531 459 2589 est,
475 2521 605 2595 seditque
617 2542 723 2581 annoss
743 2542 791 2590 ex,
805 2540 918 2581 menses
931 2522 1068 2595 quinque,
1083 2521 1147 2580 dies
1163 2525 1296 2596 quinque,

96 2619 246 2678 defunctus
262 2624 279 2677 8
293 2618 362 2677 Kal.
376 2618 457 2678 funii
474 2623 561 2677 1261.
597 2619 707 2678 Orandi
722 2619 827 2685 studio,
840 2619 1023 2687 abstinentia,
1034 2630 1063 2677 et
1077 2621 1293 2679 mansuetudine

97 2716 234 2794 singulari
249 2716 370 2794 insignis
385 2715 466 2793 plura
490 2714 568 2786 fecit,
593 2728 651 2774 tum
674 2714 709 2774 ad
732 2715 940 2794 Albigcnsium
961 2714 1097 2774 heresim
1112 2715 1294 2783 evellendam,

96 2825 156 2874 tum
172 2814 206 2873 ad
221 2814 306 2873 fidem
319 2813 501 2872 dilatandam.

138 2916 205 2971 180.
220 2913 365 2972 Unsnnus
379 2911 445 2980 ΙΙΙ.,
459 2910 560 2971 Gallus
576 2913 701 2979 natione,
714 2920 797 2970 antea
810 2909 829 2968 J
831 2910 937 2968 acobus
951 2909 1122 2977 Trecensis,
1139 2909 1293 2987 patriarcha

96 3011 422 3089 Hierosolyrnitanns,4
447 3012 623 3089 Septembris
649 3014 723 3070 1261
748 3010 865 3078 clectus,
887 3008 958 3068 obiit
983 3013 1002 3068 6
1029 3009 1133 3068 Ν6666
1154 3009 1288 3070 Octobris

95 3112 181 3169 1264.
223 3108 340 3167 Festum
356 3108 476 3167 instituit
490 3108 628 3185 Corporis
654 3106 785 3165 Christi:
808 3117 837 3164 61
858 3104 913 3163 6116
939 3104 1020 3182 plura
1040 3106 1097 3164 zeli
1123 3116 1152 3163 61
1177 3107 1289 3185 pietatis

95 3207 172 3266 dedit
185 3216 359 3284 argumenta,
375 3206 475 3264 virtute
490 3224 526 3265 ex
540 3205 703 3264 humillimo
717 3204 792 3272 loco,
813 3202 904 3280 (lilius
927 3202 1035 3280 quippe
1059 3203 1168 3261 sutoris
1184 3213 1287 3261 vetera·

97 3305 226 3364 mentarii
240 3303 321 3381 fnit,)
338 3303 372 3361 ud
388 3322 533 3363 summurn
551 3302 696 3380 fastigium
710 3310 840 3361 evectus.

136 3407 201 3461 181.
224 3401 369 3460 Ounnnns
383 3401 449 3469 tv„
464 3413 546 3460 antea
561 3401 668 3470 Guido,
685 3400 785 3460 Gallus
801 3399 921 3476 origine,
938 3398 1043 3472 quiex
1058 3396 1194 3477 legitima
1204 3417 1290 3459 uxore

94 3501 164 3560 duas
179 3510 314 3578 genuerat
324 3499 408 3565 filias,
423 3518 456 3557 ea
470 3499 602 3557 defuncta
616 3498 649 3557 ad
665 3517 761 3556 sacros
776 3497 891 3555 ordines
905 3505 933 3554 et
947 3494 983 3553 ad
994 3495 1196 3573 episcopatum
1212 3495 1287 3555 dein·

95 3617 164 3673 ceps
177 3611 291 3655 evectus
303 3606 355 3665 est,
366 3595 490 3670 deniqne
500 3595 629 3674 pontifex
642 3595 761 3660 electus,
776 3605 927 3671 postquam
942 3591 1027 3651 sedes
1038 3593 1169 3674 quinque
1181 3610 1289 3651 menses

95 3706 249 3756 vacaverat.
296 3695 344 3753 Vir
369 3706 429 3753 erat
450 3695 480 3753 in
509 3713 650 3773 pauperes
674 3693 795 3761 effosus,
819 3691 991 3770 propinquis
1015 3705 1109 3749 autern
1137 3691 1288 3750 admodum

91 3814 204 3874 parcus.
246 3793 352 3850 Omnia
372 3793 472 3869 optimi
494 3792 639 3869 pontificis
661 3791 790 3867 implevit
812 3808 939 3858 munera,
963 3787 1116 3847 defunctus
1143 3800 1210 3866 post
1232 3801 1285 3848 tres

90 3913 191 3962 annos,
206 3910 308 3952 novem
326 3909 449 3957 menses,
464 3901 492 3948 et
503 3890 603 3967 viginti
616 3891 742 3963 quinque
757 3888 830 3957 dies,
845 3891 885 3947 29
901 3886 1076 3946 Novembris
1094 3891 1184 3946 1268.

136 3997 202 4051 182.
225 3991 401 4049 Graecinus
425 3989 475 4056 X„
502 3999 583 4047 antea
605 3987 763 4055 Thesidae,
790 4005 842 4045 sau
867 3983 1055 4044 Theobaldns
1085 3984 1282 4053 Placentinus,

93 4091 308 4151 archidiaconus
323 4085 504 4155 Leodiensis,
525 4087 628 4144 absens
643 4086 751 4144 clectus
766 4096 818 4152 est,
837 4087 850 4140 1
875 4081 1054 4160 Septembris
1074 4081 1122 4139 die
1147 4087 1235 4152 1271,
1258 4085 1283 4141 in

92 4191 179 4269 Syria
192 4190 268 4249 enim
283 4207 349 4247 cum
363 4169 490 4244 61616116
504 4184 659 4243 christiano
674 4183 846 4242 versabatur.
869 4181 935 4240 Duo
948 4180 1027 4249 anni,
1041 4198 1159 4238 menses
1174 4200 1284 4248 novem,

92 4296 121 4345 et
133 4288 194 4345 dica
208 4286 265 4346 duo
275 4294 342 4362 post
356 4281 514 4342 Clementis
529 4282 637 4339 obitum
654 4281 716 4357 jam
730 4280 803 4356 lapsi
817 4289 907 4347 erant,
921 4287 951 4335 61
964 4294 1018 4335 sex
1034 4276 1082 4335 alii
1095 4295 1213 4337 menses
1225 4288 1286 4338 ante

91 4382 154 4460 ejus
175 4381 418 4442 consecrationem
432 4378 586 4437 duxerunt.
627 4375 718 4435 Felici
739 4393 875 4434 successu
890 4371 1059 4434 Grecorum
1073 4391 1141 4432 curn
1156 4365 1286 4434 Ecclesia

92 4479 322 4557 conjunctionem
337 4478 464 4545 tentavit,
479 4475 577 4536 habito
591 4474 714 4534 concilio
725 4471 915 4552 Lugdunenai
928 4489 1005 4532 anno
1022 4475 1110 4532 1274.
1154 4473 1237 4535 Obiit
1252 4475 1285 4532 16

92 4577 222 4639 ianuarii
241 4581 328 4646 1276,
342 4575 544 4649 miraculisque
558 4584 624 4652 post
639 4583 759 4653 mortem
774 4572 885 4632 claruit.

129 4678 196 4737 183.
218 4672 425 4736 Innocnnrrus
438 4671 489 4744 V..
503 4680 586 4732 antea
599 4671 703 4732 Petrus
714 4669 750 4732 de
761 4668 941 4742 Tarentasia,
952 4685 990 4730 ex
1001 4666 1103 4731 ordine
1117 4669 1285 4752 predicato·
