2798 5092
120 302 176 358 rto
455 296 512 358 DE
534 297 678 359 otJLTtt
698 297 974 360 suNoToRtttt.

119 459 244 517 existere
272 457 436 534 angelorum
463 458 604 517 bonorum
633 457 784 517 Christum
809 459 993 532 sequentium
1021 459 1206 527 exercitum
1233 475 1318 532 quum

121 557 224 631 cuique
238 556 355 615 obvium
369 558 406 616 sit
422 558 505 636 juxta
517 557 678 625 lustinum,
693 557 819 625 Patrem,
835 556 998 626 Christum,
1013 569 1042 616 et
1054 558 1226 635 angelorum
1242 574 1320 615 exer·

121 656 209 713 citum
224 672 291 713 eum
304 654 494 728 sequentium,
505 665 535 713 et
547 655 686 731 Spiritum
701 653 901 732 propheticum
915 655 971 713 culi
987 667 1016 712 et
1030 654 1166 713 adorari.¹

161 756 211 810 23.
233 751 384 811 Eccuusrs
397 753 590 812 &namneus
604 755 635 811 in
649 752 835 810 celeberrime
854 752 977 828 epistola
990 752 1025 810 de
1040 751 1199 833 Polycarpi
1215 741 1322 829 m‘arty·

124 850 176 916 rio,
184 848 267 906 refert
278 868 336 923 quo
344 849 440 909 studio
448 850 542 909 ludaei
552 849 678 908 caverint
687 867 724 907 ne
736 848 892 926 Polycarpi
902 849 1031 925 corporis
1045 848 1175 922 reliquia
1186 846 1217 906 in
1225 846 1322 906 Chris·

123 946 262 1005 tiauorum
275 965 375 1005 manus
387 947 525 1015 uenirent,
539 956 726 1023 praetexentes
741 944 795 1004 hos
808 943 928 1002 Christo
938 945 1038 1002 relicto
1050 928 1323 1021 Polycarpumsdo·

123 1052 243 1102 raturos.
266 1052 286 1081 ‘⁴
299 1043 394 1120 lpnari
409 1042 486 1116 quod
500 1062 554 1102 nec
565 1043 713 1103 Christum
730 1061 865 1116 umquam
879 1039 1077 1115 derelinquere
1091 1043 1267 1119 poterimus,
1277 1039 1325 1114 qui

124 1158 176 1217 pro
189 1140 280 1199 salute
295 1142 425 1199 omnium
440 1141 489 1213 qui
504 1141 534 1198 in
548 1150 607 1199 toto
622 1138 729 1198 mundo
750 1139 822 1197 salvi
845 1139 926 1206 fient,
942 1156 1045 1216 passus
1061 1147 1126 1207 est3
1149 1137 1325 1215 inculpatus,

125 1256 177 1314 pro
192 1239 407 1316 peccatoribust
429 1256 481 1297 nec
495 1238 583 1296 alium
604 1255 776 1312 quemquam
799 1236 904 1295 colere.
945 1235 1030 1295 Illum
1051 1232 1213 1310 siquidem,
1229 1243 1327 1312 utpote

125 1336 231 1395 Filium
247 1336 304 1395 Dei
318 1336 485 1404 adoramus3
507 1346 646 1414 martyres
661 1333 728 1394 vero
744 1346 887 1408 tamquam
903 1332 1023 1391 Domini
1036 1331 1198 1410 discipulos
1213 1341 1244 1390 et
1266 1331 1328 1391 imi·

125 1445 239 1504 tatores,
256 1435 356 1493 merito
372 1433 529 1512 diligimus,
544 1446 661 1512 propter
674 1433 788 1493 illorum
809 1450 876 1509 erga
889 1448 974 1490 suum
990 1449 1088 1508 regem
1109 1450 1144 1489 ac
1157 1431 1330 1509 magistrum

125 1531 355 1591 benevolentiam
370 1533 517 1601 eximiam,
531 1551 651 1607 quorum
667 1533 775 1590 utinam
789 1540 818 1587 et
829 1547 883 1586 nos
894 1529 996 1586 fiamus
1008 1540 1156 1587 consortes
1171 1547 1206 1586 ac
1216 1525 1330 1587 condis·

126 1627 390 1706 cipuli-”hedeno
411 1637 456 1702 pic
475 1630 521 1704 γὰρ
542 1634 595 1686 irritu
613 1629 729 1685 ὅντατοῦ
753 1628 808 1682 θεοῦ
827 1626 1011 1694 προσκινοῦμεν·
1036 1627 1094 1688 τοῦς
1110 1628 1136 1680 δὲ
1152 1623 1328 1696 piperem&

124 1726 238 1796 propert,
247 1727 289 1781 ecl
302 1723 410 1794 μιμητὰς
419 1723 464 1778 τοῦ
476 1719 566 1791 κυρίου,
577 1718 709 1790 monum
719 1714 796 1785 ὀξέως·
836 1714 984 1792 Repositis
998 1733 1070 1788 quas
1085 1715 1183 1772 exusti
1198 1713 1329 1792 corporis

127 1816 262 1893 colligere
283 1821 414 1891 poterant
437 1811 575 1885 reliquiis,
598 1809 645 1868 die
668 1812 862 1871 anniversario
883 1823 1049 1890 proponunt
1073 1813 1247 1890 martyrium
1267 1813 1331 1890 ejus

128 1914 279 1979 celebrare,
294 1912 413 1989 ejusque
436 1909 563 1967 recolere
584 1910 772 1969 memoriam:
796 1910 893 1977 “Quo
918 1910 1005 1968 etiam
1027 1910 1085 1969 loci
1104 1910 1191 1969 uobis
1215 1918 1248 1968 ut
1267 1907 1332 1967 fieri

126 2012 231 2091 poterit
243 2010 432 2088 congregatis,
446 2008 476 2066 in
501 2006 675 2066 exultatione
690 2027 722 2067 ac
743 2008 858 2086 gaudio,
875 2009 1014 2085 prebebit
1034 2008 1181 2067 Dominus
1203 2007 1330 2067 natalem

127 2108 256 2186 martyrii
270 2108 332 2185 ejus
344 2107 419 2165 diem
435 2104 587 2171 celebrare,
602 2114 663 2162 tum
676 2105 707 2163 in
721 2106 889 2164 memoriam
904 2124 1004 2164 eorum
1019 2105 1069 2179 qui
1091 2106 1255 2164 certamina
1269 2123 1332 2183 per·

128 2208 262 2276 tolerunt,
287 2216 346 2264 tum
362 2205 392 2263 in
415 2214 597 2261 venturorum
618 2201 770 2262 hominum
784 2182 1016 2263 exercitatioirem
1033 2213 1062 2262 et
1082 2202 1333 2263 alacritatem.”-

125 2310 185 2370 ἔνθα
200 2302 409 2374 themistium
428 2301 600 2373 οννωγομὲνοως,
611 2305 636 2354 ἐν
652 2299 796 2373 mouet
806 2303 849 2357 xci
867 2303 943 2372 χαρᾷ,
953 2303 1053 2373 παρέξει
1070 2294 1177 2373 incipies
1192 2302 1333 2365 incestale,

127 2398 175 2466 rip
185 2397 231 2450 rori
253 2392 384 2465 μαρτυρίου
396 2393 472 2447 αὐτοῦ
490 2392 580 2461 ἡμέραν
590 2392 723 2461 γενέθλιον,
739 2393 773 2454 ἔως
783 2408 811 2447 τε
823 2394 870 2463 τὴν
884 2397 935 2448 τῶν
946 2393 1090 2464 {hepterem
1108 2395 1212 2464 μνήμην,
1221 2393 1264 2449 cui
1282 2397 1336 2448 ec»

127 2482 231 2555 ὀσκηςέν
241 2501 269 2540 τε
282 2487 323 2540 ecl
339 2484 501 2557 ἑςοιμόσιαω*
523 2479 698 2538 Praeclarum
713 2480 917 2540 documentum
933 2491 977 2540 est
987 2482 1106 2542 honoris
1118 2500 1177 2556 qno
1191 2491 1335 2560 martyres

128 2572 199 2640 Dei,
215 2582 243 2630 et
256 2582 370 2631 sanctos
383 2592 484 2632 omnes
499 2577 682 2652 prosequitur
695 2576 839 2635 Ecclesia.
875 2578 945 2636 Non
959 2597 1010 2638 eos
1025 2578 1132 2646 adorat,
1149 2580 1332 2653 quaeratione

128 2666 236 2729 Filium
249 2668 315 2736 Dei,
330 2669 383 2728 sed
397 2669 548 2731 dilectione
562 2684 660 2732 sancte
673 2692 724 2732 eos
738 2674 927 2750 amplectitur,
940 2685 1038 2753 utpote
1049 2675 1210 2753 discipulos
1224 2677 1291 2755 ejus
1301 2685 1333 2735 et

129 2764 297 2824 imitatores.
338 2767 410 2834 Quae
435 2778 580 2845 patrarunt
601 2771 717 2847 egregia
738 2769 872 2838 facinora,
889 2789 1011 2845 quaeque
1032 2772 1111 2848 passi
1125 2782 1197 2830 suut
1211 2771 1333 2838 fortiter,

130 2863 232 2922 recolit
253 2865 453 2924 anniversariis
481 2867 690 2936 festivitatibus,
714 2866 842 2945 gaudens
867 2868 979 2945 spiritu,
1010 2878 1087 2928 tanta
1118 2869 1202 2946 prole
1227 2869 1330 2928 beata:

131 2978 289 3035 eorumque
304 2963 437 3040 exempla
450 2963 573 3041 posteris
595 2964 722 3034 exhibet,
736 2964 840 3040 quibus
861 2963 897 3023 ad
918 2983 1004 3025 omne
1025 2965 1137 3024 virtutis
1159 2953 1334 3025 exercitium

58 3084 60 3088 ⁴
131 3057 331 3118 accendantur.

176 3162 227 3215 24.
249 3157 282 3216 S.
298 3158 474 3218 Curursuus
487 3157 608 3219 eandem
623 3160 765 3219 Ecclesiae
780 3159 1018 3219 consuetudinem
1031 3168 1160 3228 testatur,
1171 3159 1295 3237 jubens,
1308 3170 1339 3219 ut

130 3257 244 3333 vigente
258 3257 467 3333 persecutione,
483 3267 640 3335 martyrum
652 3259 770 3317 nomina
783 3258 818 3316 ad
830 3276 896 3316 eum
910 3257 1087 3316 reserantur:
1111 3267 1131 3294 ‘⁶
1141 3246 1335 3318 Dics'eorum

130 3354 235 3426 quibus
259 3352 412 3421 excedunt,
435 3365 577 3424 annotate,
591 3365 623 3413 ut
646 3356 934 3414 commemorationes
955 3373 1056 3413 eorum
1082 3355 1156 3413 inter
1175 3356 1336 3414 memorias

131 3461 288 3529 martyrum
314 3452 456 3511 celebrare
480 3453 661 3528 possimus.”
704 3452 784 3512 Dicit
808 3451 969 3511 Tertullum
985 3451 1140 3525 quemdam
1154 3452 1197 3511 illi
1212 3470 1338 3512 consuo·

131 3547 209 3605 visse
223 3550 385 3625 significare
401 3548 493 3607 “dies
508 3551 613 3624 quibus
628 3551 657 3609 in
672 3569 756 3609 carne
770 3549 845 3609 beati
867 3549 966 3607 fratres
981 3551 1071 3608 nostri
1086 3548 1121 3606 ad
1136 3549 1339 3609 immortalita-

132 3659 188 3706 tem
204 3646 336 3724 gloriosae
351 3649 450 3708 mortis
465 3650 543 3708 exitu
558 3661 722 3718 massenum
738 3660 766 3709 et
780 3649 956 3709 celebrantur
967 3649 1015 3708 hic
1028 3669 1046 3706 a
1059 3649 1143 3708 nobis
1157 3649 1334 3719 oblationes,

131 3759 161 3805 et
180 3746 320 3805 sacrificia
340 3749 376 3805 ob
395 3750 684 3808 commemorationes
706 3767 829 3807 eorum:
851 3766 915 3821 que
938 3747 996 3806 cito
1019 3748 1181 3817 vobiscum,
1204 3747 1340 3811 Domino

133 3855 309 3925 protegente,
324 3846 579 3905 celebrabimus.”⁴

171 4028 215 4094 (l)
234 4022 358 4078 Divinitas
369 4023 447 4074 D.N.
457 4025 481 4074 J.
493 4022 666 4075 stellarem
676 4025 693 4074 l.
704 4023 736 4076 iv.
748 4042 770 4076 c.
781 4025 813 4075 iv.
824 4025 885 4075 mii.

167 4116 210 4180 (2)
231 4119 245 4175 ς
257 4111 317 4164 xvii.
328 4111 376 4162 vol
386 4110 413 4162 ii.
425 4110 479 4161 Pet.
491 4116 579 4176 Apost.
591 4127 616 4176 p
626 4113 686 4161 202.
697 4111 737 4162 ed.
747 4109 934 4163 Amstelodemi.

168 4200 212 4267 (3)
226 4200 355 4250 Adncmut
366 4197 536 4249 oxonienses:
552 4203 569 4229 “
578 4197 634 4248 The
646 4196 748 4248 Ghurch
756 4199 848 4263 always
855 4195 990 4248 celebrated
1001 4195 1044 4247 the
1052 4195 1100 4261 (lay
1112 4195 1141 4245 os
1147 4196 1302 4262 martyrdom
1314 4214 1342 4250 as

134 4285 187 4337 thet
197 4303 231 4338 on
239 4287 321 4339 which
330 4287 373 4338 the
384 4286 456 4336 Seiut
466 4302 517 4335 was
531 4286 596 4350 trnly
607 4287 676 4346 born,
688 4286 738 4336 aud
752 4292 797 4336 not
807 4285 874 4336 what
885 4301 923 4335 we
934 4285 981 4336 call
992 4284 1034 4334 the
1045 4281 1194 4349 humoryss’
1228 4283 1343 4339 Latuit·

133 4371 187 4422 ains
197 4373 269 4423 dicit:
286 4373 414 4424 “Certum
428 4379 473 4431 est,
484 4371 591 4422 secundo
602 4371 739 4422 christiano
758 4371 877 4421 Ecclesiae
895 4371 984 4421 seculo
997 4370 1051 4436 jam
1068 4369 1181 4420 neruiue
1199 4377 1343 4437 martyrum

135 4457 260 4518 celebrate,
270 4467 295 4508 et
305 4460 370 4524 apud
388 4466 548 4510 monumento
564 4474 648 4510 eorum
664 4474 745 4508 sacros
756 4463 892 4508 conventus
905 4457 982 4508 fuisso
991 4453 1140 4507 institutos”
1175 4455 1244 4521 Syst.
1255 4456 1336 4510 theol.

136 4546 334 4696 natm
371 4570 583 4669 &hill
636 4574 680 4649 Q„
716 4578 807 4647 lii*
929 4566 936 4597 Ἰ
1111 4560 1343 4651 Um:

410 4668 416 4705 l

742 4720 783 4763 r·
834 4713 843 4731 ¹
926 4702 942 4745 ¹⁴-

386 4760 406 4809 ⁸,
423 4744 447 4797 ³·
546 4780 559 4801 rr
652 4786 658 4805 ς
684 4758 724 4807 ,³¹²
747 4760 910 4807 'esther-,1¹
991 4746 1002 4795 ι.
1019 4774 1042 4801 ἢ

379 4812 399 4831 ,ι’
431 4814 440 4831 ι
495 4810 506 4835 ι’
572 4810 576 4819 ’
