2798 5092
161 372 217 428 roa
496 364 553 424 ou
576 362 720 447 cunno
742 360 1018 423 suucronun.

157 526 245 605 (unde
260 526 416 587 idololatria
431 525 533 583 dicitur
546 541 656 588 eorum,
671 523 718 594 qui
732 522 787 580 hoc
804 522 890 579 etiam
904 520 990 579 idolis
1004 520 1156 598 exhibent)
1171 512 1253 579 nullo
1268 519 1353 579 modo

157 623 212 682 tale
224 622 331 697 aliquid
345 622 501 688 offerimus,
517 632 565 678 aut
589 618 768 677 offerendum
793 619 976 695 precipimus
990 617 1036 675 vel
1060 619 1194 690 cuiquam
1224 617 1353 694 martyri,

158 721 203 779 vel
220 721 354 793 cuiquam
370 731 474 803 sanctur
490 719 602 786 anime,
617 717 661 776 vel
675 718 807 790 cuiquam
819 699 942 794 angelo}
964 728 992 775 et
1006 717 1137 790 quisquis
1147 717 1178 774 in
1192 717 1272 775 hunc
1286 734 1356 776 erro·

158 838 217 877 rem
243 818 390 885 delabitur,
405 817 555 893 corripitur
571 833 733 892 persenam
755 813 924 882 doctrinam,
939 816 1001 873 sive
1016 826 1047 873 ut
1062 816 1230 892 corrigatur,
1246 816 1309 874 sire
1329 825 1357 874 ut

158 918 372 984 condemnetur,
388 917 449 974 eive
464 925 495 973 ut
506 913 685 973 caveatur.”²
1176 984 1183 993 „
1374 932 1397 975 t.

197 1019 244 1072 39.
264 1012 330 1092 obj.
346 1019 375 1073 7.
398 1011 599 1070 Theodoretus
625 1012 653 1069 in
677 1010 828 1087 epistolam
852 1009 886 1067 ad
910 1009 1103 1069 colossenses
1117 1010 1238 1069 scribit:
1264 1008 1353 1077 “Qui

67 1096 71 1153 ἶ
157 1112 248 1187 legem
278 1108 467 1167 defendebant
492 1126 542 1165 eos
560 1108 646 1166 etiam
666 1106 701 1164 ad
723 1107 841 1182 angelos
861 1105 1000 1164 colendos
1020 1106 1204 1172 inducebant,
1227 1106 1353 1165 dicentes

67 1214 70 1219 '
158 1210 251 1285 legem
268 1225 319 1284 per
333 1226 383 1264 eos
398 1206 503 1273 datam,
516 1205 622 1263 mansit
646 1215 741 1264 autem
756 1203 804 1263 diu
819 1204 875 1262 hoc
889 1205 990 1263 vitium
1006 1205 1035 1264 in
1049 1205 1181 1282 Phrygia
1194 1218 1223 1264 et
1238 1204 1355 1265 Pisidia.

155 1308 297 1374 Quocirca
310 1304 439 1382 synodus
453 1322 567 1377 quoque
582 1322 646 1377 quae
667 1303 802 1361 convenit
817 1301 979 1371 Laodiceoe,
994 1323 1058 1376 quae
1080 1316 1124 1361 est
1137 1303 1278 1381 Phrygiae
1300 1322 1355 1362 me·

68 1416 71 1441 ³
156 1404 284 1481 tropolis,
299 1403 361 1480 lege
375 1401 518 1479 prohibuit
527 1418 563 1458 ne
573 1410 754 1477 precarentur
766 1400 894 1477 angelos,
906 1411 935 1458 et
947 1401 978 1458 in
989 1400 1159 1460 hodiernum
1175 1420 1268 1475 usque
1281 1401 1355 1460 diem

154 1501 251 1559 videre
266 1501 332 1559 licet
346 1497 420 1576 apud
436 1499 517 1565 istos,
531 1509 671 1555 eteorum
687 1497 835 1564 finitimos,
850 1497 971 1555 oratoria
985 1495 1017 1554 S.
1029 1496 1216 1557 Michaelis.'’

193 1595 282 1674 Reep.
319 1595 417 1672 Pergit
443 1593 666 1652 Theodoretusr
702 1592 779 1651 “Illi
806 1611 874 1669 ergo
908 1594 1068 1652 humilitate
1093 1595 1231 1654 nimirum
1266 1594 1352 1662 ducti,

153 1693 208 1751 hoc
228 1692 291 1750 fieri
305 1691 470 1759 suadebant,
493 1690 619 1748 dicentes
642 1690 839 1748 universorum
864 1689 960 1748 Deum
984 1708 1037 1748 nec
1064 1691 1153 1759 cerni,
1169 1710 1223 1750 nec
1245 1692 1355 1769 attIngi,

155 1808 208 1847 nec
244 1787 449 1866 comprehendi
477 1804 584 1865 posse3
620 1796 649 1844 et
681 1797 812 1863 oportere
840 1805 892 1863 per
920 1787 1037 1864 angelos
1068 1787 1195 1847 divinam
1224 1789 1281 1846 sibi
1309 1790 1356 1847 be·

155 1887 345 1947 nevoleutiam
356 1886 518 1946 conciliare.
561 1885 628 1945 Hoc
642 1898 686 1944 est
700 1883 776 1958 quod
799 1885 889 1942 dicit:
930 1884 965 1944 lu
985 1886 1145 1945 humilitate
1159 1896 1188 1946 et
1202 1887 1281 1946 cultu
1296 1888 1354 1947 An·

153 1980 314 2062 gelonlm.”
355 1983 456 2061 Longe
470 1983 635 2046 diversaest
646 1981 863 2041 catholicorum
876 1979 911 2041 de
926 1983 1035 2060 angelis
1047 1985 1189 2043 sententia
1198 1994 1228 2042 et
1239 1985 1333 2043 cultus
1346 2005 1354 2054 3

153 2099 204 2140 eos
219 2083 296 2140 enim
311 2099 479 2139 veneramur
493 2091 636 2152 tamquam
657 2078 715 2137 Dei
739 2079 864 2147 nuntios,
877 2097 1034 2153 eorumque
1048 2082 1211 2158 expetimus
1233 2099 1354 2158 preces3

152 2199 206 2238 nec
228 2190 322 2261 minen
344 2197 476 2237 veremur
497 2177 531 2235 ad
554 2177 650 2235 Deum
672 2176 729 2252 ipsi
751 2175 896 2235 accedere.
938 2177 1074 2235 Christus
1100 2189 1144 2236 est
1168 2178 1271 2236 unicus
1297 2197 1365 2260 trie·v

153 2277 243 2335 diator
269 2276 459 2343 necessarius,
488 2274 536 2332 cui
570 2284 599 2333 et
626 2291 777 2350 supremus
807 2273 899 2332 cultus
932 2273 1068 2332 debetur:
1107 2284 1126 2312 ¹⁸
1140 2276 1286 2343 Quoniam
1314 2275 1356 2335 illi

149 2373 289 2449 jubebant
321 2372 438 2448 angelos
468 2369 595 2438 adorare,
623 2371 687 2447 ipse
722 2371 894 2430 contrarium
929 2371 1069 2449 praecipit,
1098 2381 1131 2429 ut
1165 2382 1194 2431 et
1223 2373 1301 2432 dicta
1327 2382 1356 2432 et

60 2480 67 2507 ³
152 2471 224 2527 sacta
239 2478 379 2527 exornent
404 2467 599 2526 recordatione
628 2466 738 2525 Christi
764 2467 892 2526 Domini.
933 2468 976 2526 ‘Et
1000 2468 1074 2536 Deo,
1099 2467 1209 2547 inquit,
1224 2480 1254 2528 et
1275 2470 1355 2529 Patri

152 2568 303 2643 gratiarum
322 2567 462 2624 actionem
491 2565 591 2624 offerte
616 2584 667 2643 per
692 2567 798 2642 ipsum,
822 2585 879 2625 non
905 2585 956 2644 per
983 2569 1112 2645 angelos.
1155 2568 1240 2628 Hanc
1266 2571 1354 2630 etiam

151 2663 247 2740 legem
275 2679 400 2734 sequens
428 2660 592 2720 Laodicena
619 2660 760 2738 synodus,
789 2672 818 2719 et
844 2661 944 2720 volens
974 2664 1131 2722 veteri'illi
1159 2667 1259 2724 morbo
1294 2684 1355 2725 me·

103 2710 114 2837 i
153 2761 224 2829 deri,
251 2761 314 2838 lege
337 2760 442 2828 sanxit,
463 2778 521 2819 non
545 2757 668 2818 orandos
696 2777 761 2816 esse
782 2758 909 2835 angelos,
934 2779 988 2818 nec
1011 2760 1230 2834 relinquendum
1252 2761 1361 2822 Domi·

103 2840 115 3005 ἱ
155 2878 226 2917 num
252 2870 381 2917 nostrum
404 2857 506 2916 Jesum
535 2855 719 2915 Christum.”
765 2855 808 2914 lta
834 2856 897 2934 ipse
924 2855 1150 2916 Theodoreus
1184 2858 1236 2917 Ille
1251 2857 1353 2918 meritd

107 3014 116 3049 ,
151 2958 274 3034 rejectus
290 2967 334 3014 est
354 2955 522 3033 angelorum
543 2954 648 3024 cultus,
663 2955 713 3028 qui
734 2955 782 3022 iis,
809 2954 896 3013 veluti
922 2956 1092 3014 necessariis
1117 2957 1191 3016 inter
1205 2956 1302 3016 Deum
1324 2967 1353 3016 et

109 3050 118 3121 .='
149 3053 295 3113 hominem
311 3053 517 3126 sequestribus,
533 3051 728 3120 adhibebatur,
745 3051 864 3111 Christo
878 3051 1023 3111 derelicto.
1064 3053 1156 3113 Porro
1171 3072 1237 3127 quae
1252 3053 1351 3114 videre

104 3164 107 3171 '
148 3162 207 3210 erat
221 3152 342 3209 oratoria
356 3151 388 3208 S.
405 3149 569 3215 Michaelis,
585 3149 670 3208 etiam
685 3161 751 3226 post
764 3149 859 3226 legem
873 3148 1078 3218 Laodicenam,
1094 3151 1143 3208 vix
1157 3150 1259 3210 haberi
1282 3171 1349 3230 pos-

88 3266 94 3299 ··
148 3261 215 3309 sunt
236 3250 431 3327 superstitioni
443 3247 536 3306 adhuc
550 3246 670 3315 addicta,
684 3268 748 3322 quae
762 3247 809 3306 diu
826 3247 942 3322 quidem
957 3250 1071 3317 mansit,
1086 3249 1138 3307 sed
1153 3250 1267 3309 sublata
1288 3265 1348 3313 tan·

149 3349 214 3407 dem
230 3348 349 3407 videtur.
393 3347 464 3414 Quae
480 3347 565 3424 igitur
579 3345 647 3404 olim
663 3347 873 3422 superstitionis
887 3346 951 3404 labe
971 3347 1118 3421 inquinata
1138 3362 1215 3416 sunt,
1242 3350 1278 3408 ad
1294 3352 1352 3429 'pu-

81 3442 87 3499 .'
151 3446 254 3507 riorem
263 3447 371 3504 cultum
386 3445 499 3503 Summi
512 3444 578 3512 Dei,
591 3445 644 3501 sub
656 3444 833 3502 invocatione
846 3445 877 3502 S.
888 3445 1051 3513 Michaelis,
1061 3446 1193 3504 translata
1205 3449 1353 3509 censenda

149 3554 224 3600 sunt.
266 3543 409 3601 Caeterum
431 3544 455 3600 si
478 3543 542 3614 quis
563 3539 741 3600 contenderit
760 3560 875 3600 omnem
898 3541 1006 3600 cultum
1028 3543 1198 3619 angelorum
1219 3544 1288 3624 lege
1303 3546 1352 3606 ille

86 3658 89 3669 ·
148 3640 276 3705 vetitum,
292 3638 327 3696 ad
340 3640 396 3697 loci
411 3639 543 3715 adjuncta
564 3639 717 3712 inquibus
738 3639 845 3697 abusus
865 3639 1010 3714 graviores
1033 3639 1177 3716 vigebant,
1200 3642 1354 3704 referenda

85 3678 97 3787 i
147 3734 200 3792 erit
213 3734 382 3810 prohibitio;
404 3744 500 3812 potest
513 3735 620 3813 quippe
635 3734 769 3793 Ecclesia
783 3755 817 3793 ea
832 3743 927 3792 vetare
941 3754 1006 3808 quae
1018 3735 1179 3813 periculum
1197 3737 1317 3800 babent.

546 3893 589 3958 (l)
608 3892 640 3942 L.
651 3908 694 3943 xx.
705 3899 791 3943 contra
805 3891 927 3943 Faustum
938 3909 960 3944 c.
971 3892 1012 3943 21.

547 3980 589 4044 (2)
609 3979 638 4030 Iu
650 3996 671 4031 c.
682 3982 705 4028 3.
717 3995 756 4047 ep.
767 3979 796 4029 ed
809 3977 905 4029 Coloss.
