2798 5092
296 314 351 375 DE
372 314 636 376 EFFEOTIBUS
656 314 1050 376 SACRAMENTORUM.
1215 309 1272 371 tro

82 471 153 530 tibus
167 479 319 549 peccatum
339 474 474 552 originis3
494 475 658 533 existimant
682 474 760 533 enim
781 473 857 533 illius
882 476 991 551 peccati
1015 475 1068 533 sub
1093 474 1181 532 veteri
1207 472 1272 548 lege
1322 458 1324 468 ’

80 571 238 631 remedium
263 573 352 632 luisse
377 584 471 634 actum
497 575 621 648 aliquem
647 585 795 632 externum
822 573 976 646 quuxfides
1000 573 1049 631 illa
1069 572 1270 631 declarabatur.

80 670 199 729 Certum
214 682 308 731 autern
324 672 436 731 videtur
449 673 615 750 primarium
634 672 711 730 illius
727 673 797 730 ritus
812 672 898 731 finem
914 671 1004 729 luisse
1017 682 1049 729 ut
1061 689 1132 748 gens
1154 670 1173 728 J
1176 668 1274 729 udaica

79 766 165 825 veluti
190 766 247 826 Dei
276 769 364 827 cultui
385 783 560 837 consecrata,
582 779 610 827 et
634 768 739 826 soedere
761 768 884 845 obligata
904 776 1068 826 notaretur:
1092 775 1154 824 “ut
1173 767 1211 824 sit
1241 766 1272 824 in

77 865 194 942 signum
209 864 325 924 foederis
340 866 413 925 iuter
432 885 478 925 ms
492 876 521 925 et
535 864 634 925 vos.”²
675 865 753 924 Hinc
769 864 926 943 Apostolus
940 865 1003 941 ejus
1018 864 1167 922 utilitatem
1182 862 1273 921 decla·

75 981 145 1021 rans
159 982 218 1023 uon
231 963 322 1022 innuit
332 982 396 1022 eam
405 963 516 1023 delesse
528 975 676 1041 peccatum
685 963 803 1040 originis
814 982 822 1032 ;
837 962 888 1020 sed
900 960 1117 1021 asseritludaeis
1130 972 1273 1034 tamquam

79 1058 136 1117 Dei
152 1061 270 1138 populo,
285 1061 348 1137 ejus
363 1062 515 1120 occasione
532 1060 639 1119 credita
661 1079 725 1118 esse
747 1058 842 1118 divine
853 1060 984 1133 eloquia:
1007 1068 1026 1095 “
1041 1054 1118 1126 Quid
1133 1077 1201 1135 ergo
1216 1078 1274 1117 am·

80 1156 156 1231 plius
180 1156 284 1216 Judreo
298 1158 366 1224 esti,
384 1170 432 1217 aut
452 1177 516 1231 quae
535 1158 640 1216 utilitas
655 1157 902 1216 circumcisionis?
944 1157 1069 1215 Multum
1094 1174 1274 1232 peromnem

78 1252 208 1312 modum.
251 1255 380 1314 Primum
395 1255 522 1330 quidem,
538 1257 604 1332 quia
615 1255 722 1325 credita
735 1267 803 1314 sunt
816 1255 874 1313 illis
888 1255 1001 1328 eloquia
1014 1253 1116 1312 Dei.’··⁹

120 1354 168 1409 69.
192 1351 302 1411 Omnes
323 1353 394 1410 ritus
411 1352 552 1430 judaicos,
568 1372 641 1427 quos
665 1364 842 1412 sacramenta
866 1371 1074 1429 nuncupamus,
1101 1351 1230 1408 caruisse
1245 1352 1273 1407 vi

78 1449 277 1509 sanctificandi
291 1451 413 1510 animam
429 1452 551 1530 plurima
565 1453 696 1529 Apostoli
717 1452 879 1510 testimonia
895 1451 1089 1511 demonstrant
1100 1470 1111 1529 ι,
1125 1459 1144 1487 “
1153 1466 1275 1509 *munera

79 1557 109 1604 et
122 1545 224 1605 hostias
239 1546 406 1615 offeruntur,
419 1567 484 1623 quae
498 1568 557 1609 nou
570 1558 691 1626 possunt
699 1549 783 1627 juxta
796 1549 1000 1607 conscientiam
1013 1547 1169 1625 perlectum
1181 1547 1273 1606 iacere

78 1643 263 1711 servientem,
281 1645 462 1704 solummodo
478 1647 508 1704 in
530 1647 601 1704 cibis
622 1658 651 1704 et
664 1648 694 1705 in
709 1647 832 1724 potibus,
848 1655 877 1703 et
896 1646 926 1703 iu
942 1646 1025 1703 variis
1045 1645 1273 1723 baptismatibus,

79 1740 239 1816 etjustitiis
253 1742 346 1800 carnis
371 1761 462 1816 usque
487 1743 522 1802 ad
547 1756 659 1822 tempus
681 1744 863 1802 correctionis
889 1743 1078 1821 impositis.”³
1118 1745 1183 1802 “Si
1197 1744 1274 1803 enim

79 1838 198 1914 sanguis
213 1837 358 1899 hircorum
381 1852 410 1899 et
433 1853 576 1899 taurorum
592 1851 620 1899 et
634 1842 706 1903 cinis
720 1841 815 1899 ritulae
837 1859 970 1919 aspersus
995 1843 1158 1916 inquinatos
1173 1845 1276 1901 saucti-

79 1935 148 1992 ficat
162 1937 197 1995 ad
212 1937 444 2011 emundationem
459 1938 572 1997 carnis:
596 1939 806 2014 quantomagis
832 1941 948 2015 sanguis
965 1938 1074 1997 Christi
1090 1979 1098 1997 .
1122 1982 1129 1998 .
1153 1958 1274 1998 ‚eruun-

80 2030 158 2090 dabit
171 2033 376 2092 conscientiam
388 2045 512 2093 nostram
523 2035 557 2091 ab
569 2034 702 2113 operibus
718 2035 837 2092 mortuis
847 2032 891 2090 l⁴’'
915 2044 935 2070 ‘⁶
948 2035 1131 2112 Impossibile
1141 2037 1219 2096 euim
1233 2048 1277 2095 est

78 2132 221 2208 sauguine
246 2141 389 2191 taurorum
410 2145 439 2191 et
452 2132 595 2191 hircorum
620 2131 722 2190 auferri
745 2131 906 2209 peccata.’'⁶
946 2133 1004 2191 Per
1023 2133 1071 2191 illa
1086 2133 1171 2209 igitur
1185 2153 1276 2193 sacra·

79 2241 178 2288 menta
192 2228 388 2298 conserebatur
402 2241 511 2288 tantmn
525 2229 680 2288 mundities
696 2240 813 2288 externa
827 2242 856 2286 et
876 2229 986 2307 legalis,
1010 2240 1148 2302 quatenus
1165 2231 1214 2303 qui
1225 2249 1276 2290 eos

78 2325 152 2383 ritus
178 2335 349 2402 peregerunt
373 2324 546 2383 habebantur
580 2327 723 2384 immunes
751 2346 767 2383 a
794 2324 937 2393 sordibus,
963 2327 1068 2400 quibus
1092 2329 1129 2385 ob
1155 2326 1274 2387 violatas

76 2421 158 2499 leges
174 2422 319 2482 Mosaicas
333 2421 444 2481 fuerant
457 2422 486 2480 in
500 2439 656 2501 conspectu
671 2424 771 2502 populi
781 2422 889 2501 judaici
904 2423 1053 2497 inquinati.

120 2526 170 2581 70.
193 2522 279 2581 Paria
305 2539 369 2579 esse
397 2522 498 2579 virtute
525 2532 621 2582 vetera
647 2532 675 2580 et
701 2541 776 2582 nova
802 2533 978 2580 sacramenta
999 2523 1117 2600 probare
1138 2535 1276 2583 conentur

80 2620 213 2678 nonnulli
237 2637 275 2678 ex
296 2619 334 2677 D.
357 2620 441 2678 Pauli
461 2620 496 2678 ad
518 2621 685 2680 Corinthios
698 2622 818 2680 *rerbisr
842 2630 862 2658 ‘⁸
875 2621 954 2679 Nolo
975 2622 1051 2680 enim
1073 2640 1125 2679 vos
1148 2622 1278 2698 ignorare

80 2717 192 2785 fratres,
218 2718 352 2791 quoniam
374 2728 469 2796 patres
483 2719 573 2779 nostri
590 2738 691 2778 omnes
718 2719 771 2776 sub
792 2720 868 2777 nube
890 2719 1051 2787 suerunt,et
1078 2737 1180 2778 omnes
1201 2739 1277 2779 mare

80 2817 263 2887 transierunt,
284 2828 313 2879 et
339 2835 440 2879 omnes
464 2817 493 2878 in
520 2818 627 2892 Moyse
655 2817 791 2895 baptizati
821 2829 887 2875 suut
906 2816 936 2874 in
963 2817 1049 2887 nube,
1072 2827 1101 2875 et
1127 2819 1277 2877 inmari:

81 2924 110 2971 et
130 2930 233 2971 omnes
256 2912 376 2971 eandem
397 2931 493 2981 escam
518 2912 675 2991 spiritalem
698 2911 948 2980 manducaverunt,
974 2925 1003 2969 et
1029 2930 1131 2971 omues
1153 2913 1277 2973 eundem

82 3021 181 3089 potum
211 3011 366 3089 spiritalem
395 3009 574 3069 biberunt.“⁰
654 3008 798 3067 Caeterum
821 3010 935 3086 egregie
957 3008 1099 3078 falluntur,
1122 3012 1278 3088 Apostolus

81 3110 159 3185 enirn
175 3129 235 3168 uon
248 3110 349 3168 asserit
370 3108 489 3167 eandem
513 3108 596 3167 nohis
617 3126 650 3167 ac
674 3106 731 3164 illis
746 3124 810 3164 esse
825 3106 981 3183 spiritalem
995 3126 1101 3176 escam,
1120 3109 1279 3168 eundemve

83 3221 194 3284 potum,
209 3207 260 3266 sed
275 3207 332 3265 illis
347 3208 479 3267 omnibus
495 3206 569 3265 dona
582 3206 631 3266 illa
644 3226 677 3263 ac
692 3205 831 3264 beneficia
844 3205 933 3264 fuisse
948 3207 1121 3274 communia,
1135 3218 1278 3266 uteorum

84 3308 220 3386 exemplo
240 3307 291 3381 qui
316 3315 357 3364 tot
377 3307 523 3364 beneficiis
542 3306 644 3387 ingrati
664 3304 720 3364 Dei
744 3306 814 3364 iram
836 3315 1069 3383 provocaverunt,
1098 3305 1278 3364 Christianos

83 3417 209 3473 terreret,
235 3423 273 3466 ne
287 3405 392 3465 divinis
407 3403 490 3462 donis
515 3403 581 3463 elati
596 3403 672 3462 vitiis
696 3404 893 3481 indulgerent:
916 3402 1000 3462 “sed
1022 3402 1130 3463 nonin
1153 3403 1280 3479 pluribus

86 3519 182 3560 eorum
198 3500 406 3578 beneplacitum
421 3510 465 3558 est
480 3499 561 3559 Deo:
586 3520 652 3560 narn
667 3501 798 3577 prostrati
813 3510 879 3557 sunt
892 3499 922 3558 in
934 3498 1057 3557 deserto.
1099 3499 1172 3558 Haec
1186 3512 1280 3560 autern

86 3597 116 3655 iu
131 3597 218 3675 figura
230 3597 304 3656 lacta
317 3608 383 3654 suut
397 3596 496 3664 nostri,
512 3609 543 3654 ut
558 3615 615 3655 non
629 3598 720 3655 simus
736 3596 974 3672 concupiscentes
991 3596 1140 3665 malorum,
1157 3597 1232 3656 sicut
1252 3609 1281 3656 et

85 3700 128 3758 illi
142 3695 392 3775 concupierunt.”⁷
