2798 5092
335 325 391 387 DE
412 325 618 393 MINISTRO
640 325 1036 407 saoRaMENToRUM,
1234 333 1291 389 tte

93 497 198 564 menter
211 497 322 544 errant.
364 485 514 547 Oatltolica
528 485 689 545 Ecclesiaa
703 485 766 543 Deo
789 497 956 562 potestatem
978 486 1120 555 derivans,
1135 504 1198 545 eam
1213 487 1290 547 ordi·

94 587 200 647 muana
215 586 424 653 communicat,
438 597 466 642 et
479 585 587 658 absque
596 603 630 643 ea
644 584 751 643 nullam
763 585 893 660 agnoscit
906 585 1101 644 auctoritatem
1114 598 1291 645 sacramenta

96 682 294 740 ministrandi:
316 687 335 719 ‘⁶
348 682 381 739 st
396 683 461 755 quia
476 680 580 739 dixerit
593 681 762 739 christianos
777 700 878 740 ornnes
898 683 929 740 in
950 681 1036 740 verbo
1058 693 1087 740 et
1099 683 1233 742 omnibus
1247 702 1291 741 sa·

96 781 240 839 oramentis
256 778 488 839 administrandis
503 778 607 837 habere
623 789 812 855 potestatem
834 779 985 837 anathema
999 778 1083 836 sit.”⁴
1114 779 1157 838 lta
1171 778 1289 839 delinie-

97 891 153 937 runt
166 877 335 937 Tridentini
351 890 455 955 patres.

601 1055 784 1097 Puerost‘rro.

133 1194 298 1255 Christiani
312 1213 413 1254 omnes
427 1196 461 1254 in
470 1195 556 1254 verba
567 1203 594 1254 et
604 1186 743 1254 amnibus
757 1194 953 1255 sacramentis
964 1192 1215 1254 administrandis
1228 1209 1290 1253 non

99 1289 195 1350 inea
204 1298 394 1369 potestatem.

102 1463 103 1466 Ἴ
133 1388 323 1448 ProbatarI.
340 1407 377 1447 ec
394 1387 560 1466 Scriptura.

132 1491 179 1544 27.
203 1495 222 1522 ‘⁶
239 1485 389 1552 Quosdam
415 1486 532 1559 quidem
552 1486 648 1562 posuit
668 1485 749 1545 Deus
762 1486 791 1544 in
812 1485 962 1554 Ecclesia;
985 1485 1108 1563 primum
1121 1483 1288 1563 Apostolos,

98 1581 216 1640 ucundo
229 1583 637 1660 prophetas,tertiodoctores.
659 1624 668 1641 .
689 1626 697 1643 .
721 1624 729 1642 .
752 1585 781 1642 N
785 1583 902 1658 nmquid
914 1602 1014 1643 omues
1026 1582 1181 1660 Apostoli?
1203 1600 1286 1641 num·

98 1679 156 1752 quid
178 1699 282 1740 omnes
308 1682 476 1758 prophetael
498 1681 637 1756 numquid
661 1700 763 1742 omrres
786 1683 916 1742 docwres
929 1681 977 1739 3⁹⁹¹
1007 1681 1121 1756 Liquet
1142 1681 1288 1759 igiturex

97 1777 152 1854 ipsa
165 1777 223 1837 Dei
240 1778 420 1837 ordinatione
440 1797 541 1839 omnes
561 1778 683 1838 docendi
703 1796 820 1839 munere
841 1799 900 1839 nou
920 1780 1011 1858 fungi,
1032 1797 1087 1838 uec
1107 1779 1144 1837 iis
1166 1775 1288 1855 proinde

97 1872 209 1934 docendi
224 1885 394 1951 potestatem
418 1887 590 1952 competere.
632 1876 713 1935 Idem
736 1877 804 1933 alias
830 1877 972 1935 inculcat:
995 1875 1096 1952 “lpse
1117 1870 1286 1952 (Christus)

96 1969 165 2031 dedit
188 1972 328 2046 quosdam
355 1972 470 2045 quidem
498 1972 663 2048 Apostolos,
680 1971 819 2045 quosdam
834 1984 927 2031 autern
949 1971 1113 2049 prophetas,
1137 1970 1207 2029 alios
1222 1971 1291 2045 vero

95 2067 298 2147 Evangelistas,
320 2069 391 2127 alios
407 2081 501 2127 autem
516 2079 645 2146 pastores
659 2079 688 2128 et
701 2068 844 2138 doctores,
858 2068 894 2126 ad
914 2067 1191 2128 consummationem
1207 2084 1289 2124 sanc·

95 2175 188 2235 ιοιιιιιι,
205 2167 235 2224 in
252 2185 325 2242 opus
341 2166 501 2234 ministerii,
518 2167 548 2223 in
568 2166 784 2226 edificationem
800 2167 927 2244 corporis
950 2163 1107 2223 Christi.'’⁸
1147 2164 1284 2222 Pastores

95 2262 262 2322 etdoctoree
277 2261 389 2320 Christi
403 2264 547 2321 voluntate
558 2273 587 2320 et
600 2263 778 2323 ordinatione
794 2263 940 2323 constituti
960 2272 1027 2321 sunt
1039 2263 1071 2321 in
1092 2259 1230 2320 Ecclesia
1249 2256 1287 2317 ad

95 2377 158 2438 opus
175 2359 329 2419 ministerii
353 2358 570 2435 perficiendum,
587 2361 632 2417 cui
648 2361 742 2418 caetcri
762 2359 863 2419 fideles
883 2360 1008 2438 impares
1027 2367 1104 2417 suut.
1146 2357 1226 2416 Alias
1248 2355 1285 2415 de

94 2457 217 2533 gentibue
257 2456 380 2529 loquens
403 2455 508 2528 quibus
529 2456 681 2533 Evangelii
712 2456 846 2516 audiendi
871 2458 955 2536 eopia
978 2475 1037 2516 ιιοιι
1059 2464 1113 2514 est.
1127 2454 1201 2524 data,
1223 2455 1282 2513 ait:

94 2553 270 2622 “Quomodo
288 2573 359 2632 ergo
372 2555 554 2623 invocabunt,
570 2555 696 2628 inquam
707 2575 766 2615 non
778 2555 983 2616 credideruutl
998 2558 1057 2616 Aut
1071 2553 1215 2630 quomodo
1228 2571 1289 2613 cre·

93 2650 151 2711 deut
161 2653 200 2720 ei,
217 2671 307 2726 quem
318 2670 375 2710 non
388 2650 561 2723 audieruntl
602 2653 754 2720 Quomodo
769 2663 863 2713 autem
878 2653 995 2713 audient
1007 2654 1071 2713 sine
1086 2650 1257 2730 predicante
1273 2651 1285 2708 i

94 2749 240 2816 Quomodo
270 2767 339 2807 vero
354 2747 550 2826 praedicabunt
571 2749 628 2808 nisi
649 2750 853 2809 mittanturl”¹
873 2750 960 2809 Fides
986 2749 1082 2808 divina
1097 2751 1181 2826 juxta
1196 2750 1291 2827 Apos-

93 2845 172 2906 tolum
188 2844 383 2923 coucipienda·
394 2856 438 2904 est
451 2864 489 2905 ex
503 2844 776 2923 auditaevangelica
791 2846 1000 2923 predicatione,
1015 2864 1079 2920 quse
1094 2846 1203 2924 indiget
1216 2846 1285 2905 mis·

94 2945 175 3015 none,
185 2964 253 3015 ,uon
268 2944 405 3018 qualibet,
428 2943 480 3002 sed
503 2945 617 3018 qualem
631 2944 709 3003 dedit
724 2945 865 3004 ¹Christus
888 2944 1057 3022 Apostolis:
1080 2954 1100 2983 ‘⁴
1114 2945 1195 3004 Sicut
1210 2944 1290 3003 misit

96 3057 135 3100 ute
150 3053 241 3118 pater,
258 3055 288 3098 et
302 3058 357 3118 ego
372 3041 453 3099 mitto
466 3041 564 3099 νοε.”6
606 3106 616 3135 ο

131 3136 286 3197 Probatur
300 3136 344 3195 II.
360 3137 530 3197 traditione.

43 3268 45 3273 ·
132 3238 181 3293 28.
205 3235 304 3302 Quum
320 3234 443 3312 plurima
453 3236 513 3312 jam
529 3236 738 3295 laudaverimus
747 3247 859 3316 patrum
873 3237 1046 3306 testimonie,
1062 3236 1160 3296 tumin
1170 3244 1288 3295 tractatu

94 3329 123 3389 de
136 3332 294 3399 ordinibus,
310 3343 369 3390 tum
385 3333 451 3391 alibi
467 3335 585 3410 passim,
601 3354 692 3412 pauca
706 3336 761 3394 hie
773 3337 891 3396 recitare
905 3347 950 3394 sat
970 3337 1033 3395 erit.
1076 3337 1109 3394 S.
1125 3335 1287 3394 H1uuour-

80 3443 143 3486 'rus
157 3428 302 3487 Hilarium
317 3427 469 3488 diaconum
484 3431 661 3489 eucharistie
676 3432 862 3491 conficiendae
875 3443 1014 3510 potestate
1028 3451 1124 3491 carere
1138 3430 1286 3492 ostendit:

95 3525 245 3585 “Hilarius
262 3544 328 3584 cum
344 3526 481 3586 dlaconus
503 3529 539 3586 de
563 3529 698 3588 Ecclesia
718 3532 876 3599 recesserit,
892 3531 1039 3605 solusque,
1053 3539 1086 3589 ut
1100 3540 1192 3609 putat,
1208 3532 1290 3590 turba

96 3623 126 3681 sit
138 3622 247 3690 muudi,
264 3642 358 3697 neque
383 3625 582 3685 eucharistiam
604 3629 744 3686 conficere
765 3638 870 3705 potest,
886 3629 1038 3706 episcopos
1053 3640 1080 3687 et
1095 3630 1283 3708 presbyteros

96 3736 142 3780 uon
155 3720 314 3779 habens.”⁰
355 3721 387 3780 S.
402 3722 571 3781 Ausuosrus
586 3735 754 3802 potestatem
769 3723 931 3783 remittendi
945 3735 1061 3802 peccata
1071 3723 1172 3785 deesse
1184 3726 1281 3786 Nova-

97 3891 133 3928 oue
147 3879 210 3931 tittle
221 3878 250 3930 ol
258 3895 342 3945 power
352 3895 410 3930 orer
421 3880 462 3931 the
473 3881 558 3945 things
569 3882 597 3932 ol
605 3883 647 3934 the
658 3899 753 3935 ausona
761 3881 845 3933 world.
880 3883 918 3932 As
931 3882 992 3934 little
1004 3884 1094 3951 surely,
1106 3885 1178 3936 could
1189 3883 1291 3948 popular

96 3960 187 4017 electiora
197 3966 279 4016 invest
287 3981 317 4015 us
327 3965 389 4015 with
400 3965 449 4016 this
461 3982 544 4030 power
555 3967 618 4017 from
635 3985 668 4031 on
685 3969 754 4032 high.
788 3968 850 4019 Men
865 3982 923 4032 may
935 3984 1034 4033 express
1045 3969 1108 4020 their
1118 3960 1243 4019 readiness
1261 3975 1290 4019 to
1348 3952 1353 3961 ¹

97 4052 174 4103 useive
185 4053 227 4104 the
250 4054 308 4116 gifts
319 4053 349 4102 ol'
365 4052 469 4103 Heaven
481 4060 507 4103 at
523 4070 568 4103 our
578 4054 673 4116 hunds3
690 4056 734 4106 but
755 4055 777 4106 is
794 4055 814 4106 it
830 4064 875 4106 not
886 4056 975 4107 absurd
989 4056 1043 4107 that
1062 4057 1132 4107 those
1143 4054 1199 4104 who
1211 4071 1252 4105 ere
1262 4061 1289 4107 te

97 4134 163 4190 nne
174 4141 292 4191 receivers
303 4141 366 4192 from
378 4156 407 4190 us
419 4140 500 4204 ofauy
512 4142 577 4191 boon
588 4142 746 4203 whatsoever,
758 4141 819 4193 shall
831 4140 976 4194 themselves
987 4146 1017 4195 be
1029 4144 1071 4195 the
1078 4157 1179 4208 persam
1190 4149 1216 4193 to
1229 4158 1286 4210 sup.

98 4223 129 4290 lly
138 4242 167 4278 us
176 4227 238 4278 with
249 4227 291 4277 the
303 4243 387 4277 means
399 4228 427 4278 ol
433 4229 569 4291 bestowiug
580 4229 600 4279 it
608 4227 637 4278 l”
672 4229 747 4280 Tract
758 4229 807 4281 No.
819 4233 843 4279 5.

123 4311 163 4380 (1)
182 4313 251 4363 Sese.
261 4313 303 4362 vii.
314 4329 370 4363 can.
380 4329 406 4363 1.

125 4397 163 4464 (2)
185 4402 194 4446 l
213 4398 325 4448 Conxii.
337 4402 378 4449 28.

125 4484 162 4552 (³)
182 4484 250 4551 eph.
263 4484 297 4534 iv.
311 4487 351 4533 11.

126 4570 163 4638 (t)
181 4573 290 4624 Roma.
303 4573 345 4622 15.

127 4656 163 4724 (t)
181 4660 254 4711 ioan.
265 4675 308 4709 xx.
318 4660 361 4706 21.

128 4741 163 4811 (t)
182 4745 247 4798 Dial.
258 4751 344 4797 conus
352 4741 456 4798 Lucifer.
