<?xml version="1.0" encoding="UTF-8"?>
<!DOCTYPE html PUBLIC "-//W3C//DTD XHTML 1.0 Transitional//EN"
    "http://www.w3.org/TR/xhtml1/DTD/xhtml1-transitional.dtd">
<html xmlns="http://www.w3.org/1999/xhtml" xml:lang="en" lang="en">
 <head>
  <title>
</title>
<meta http-equiv="Content-Type" content="text/html;charset=utf-8" />
  <meta name='ocr-system' content='tesseract 3.04.00' />
  <meta name='ocr-capabilities' content='ocr_page ocr_carea ocr_par ocr_line ocrx_word'/>
</head>
<body>
  <div class='ocr_page' id='page_1' title='image "./theologidogmati02kenrgoog_0180.png"; bbox 0 0 2798 5092; ppageno 0'>
   <div class='ocr_carea' id='block_1_1' title="bbox 493 336 1273 469">
    <p class='ocr_par' dir='ltr' id='par_1_1' title="bbox 493 336 1273 469">
     <span class='ocr_line' id='line_1_1' title="bbox 493 336 1273 469; baseline 0.005 -69"><span class='ocrx_word' id='word_1_1' title='bbox 493 336 548 400; x_wconf 83' lang='lat' dir='ltr'><strong>DE</strong></span> <span class='ocrx_word' id='word_1_2' title='bbox 570 337 858 400; x_wconf 81' lang='lat' dir='ltr'><strong>CAEREMONIIS.</strong></span> <span class='ocrx_word' id='word_1_3' title='bbox 1215 347 1273 469; x_wconf 69' lang='lat' dir='ltr'><strong>tm</strong></span> 
     </span>
    </p>
   </div>
   <div class='ocr_carea' id='block_1_2' title="bbox 41 496 1272 1154">
    <p class='ocr_par' dir='ltr' id='par_1_2' title="bbox 41 496 1272 1154">
     <span class='ocr_line' id='line_1_2' title="bbox 120 496 1271 575; baseline 0.003 -18"><span class='ocrx_word' id='word_1_4' title='bbox 120 504 167 558; x_wconf 82' lang='lat'><strong>72.</strong></span> <span class='ocrx_word' id='word_1_5' title='bbox 191 496 333 556; x_wconf 72' lang='lat' dir='ltr'><strong>Ecclesiae</strong></span> <span class='ocrx_word' id='word_1_6' title='bbox 349 497 419 557; x_wconf 86' lang='lat' dir='ltr'><strong>ritus</strong></span> <span class='ocrx_word' id='word_1_7' title='bbox 443 499 577 575; x_wconf 85' lang='lat' dir='ltr'><strong>probatos</strong></span> <span class='ocrx_word' id='word_1_8' title='bbox 590 496 744 559; x_wconf 82' lang='lat' dir='ltr'><strong>vindicavit</strong></span> <span class='ocrx_word' id='word_1_9' title='bbox 757 500 910 560; x_wconf 90' lang='lat' dir='ltr'><strong>concilium</strong></span> <span class='ocrx_word' id='word_1_10' title='bbox 927 499 1140 568; x_wconf 72' lang='lat' dir='ltr'><strong>Tridentium,</strong></span> <span class='ocrx_word' id='word_1_11' title='bbox 1156 503 1271 561; x_wconf 85' lang='lat' dir='ltr'><strong>anathe-</strong></span> 
     </span>
     <span class='ocr_line' id='line_1_3' title="bbox 48 587 1266 673; baseline 0.004 -22"><span class='ocrx_word' id='word_1_12' title='bbox 48 605 152 651; x_wconf 77' lang='lat' dir='ltr'><strong>mate</strong></span> <span class='ocrx_word' id='word_1_13' title='bbox 166 595 222 652; x_wconf 91' lang='lat' dir='ltr'><strong>lato</strong></span> <span class='ocrx_word' id='word_1_14' title='bbox 236 594 266 651; x_wconf 93' lang='lat' dir='ltr'><strong>in</strong></span> <span class='ocrx_word' id='word_1_15' title='bbox 282 610 331 651; x_wconf 91' lang='lat' dir='ltr'><strong>eos</strong></span> <span class='ocrx_word' id='word_1_16' title='bbox 347 595 460 667; x_wconf 88' lang='lat' dir='ltr'><strong>quiens</strong></span> <span class='ocrx_word' id='word_1_17' title='bbox 481 597 577 672; x_wconf 90' lang='lat' dir='ltr'><strong>sperni</strong></span> <span class='ocrx_word' id='word_1_18' title='bbox 594 614 678 673; x_wconf 86' lang='lat' dir='ltr'><strong>posse</strong></span> <span class='ocrx_word' id='word_1_19' title='bbox 693 596 739 654; x_wconf 89' lang='lat' dir='ltr'><strong>vel</strong></span> <span class='ocrx_word' id='word_1_20' title='bbox 753 597 845 655; x_wconf 91' lang='lat' dir='ltr'><strong>omitti</strong></span> <span class='ocrx_word' id='word_1_21' title='bbox 867 597 930 654; x_wconf 92' lang='lat' dir='ltr'><strong>sine</strong></span> <span class='ocrx_word' id='word_1_22' title='bbox 954 587 1070 672; x_wconf 86' lang='lat' dir='ltr'><strong>peccato</strong></span> <span class='ocrx_word' id='word_1_23' title='bbox 1085 597 1266 656; x_wconf 83' lang='lat' dir='ltr'><strong>asserebant:</strong></span> 
     </span>
     <span class='ocr_line' id='line_1_4' title="bbox 46 688 1272 769; baseline 0.003 -22"><span class='ocrx_word' id='word_1_24' title='bbox 46 697 67 722; x_wconf 88' lang='lat'>‘</span> <span class='ocrx_word' id='word_1_25' title='bbox 79 700 99 724; x_wconf 88' lang='lat'>‘</span> <span class='ocrx_word' id='word_1_26' title='bbox 108 691 138 748; x_wconf 87' lang='lat' dir='ltr'><strong>Si</strong></span> <span class='ocrx_word' id='word_1_27' title='bbox 153 691 218 764; x_wconf 90' lang='lat' dir='ltr'><strong>quis</strong></span> <span class='ocrx_word' id='word_1_28' title='bbox 228 688 333 748; x_wconf 86' lang='lat' dir='ltr'><strong>dixerit</strong></span> <span class='ocrx_word' id='word_1_29' title='bbox 340 702 469 767; x_wconf 88' lang='lat' dir='ltr'><strong>receptos</strong></span> <span class='ocrx_word' id='word_1_30' title='bbox 483 700 512 749; x_wconf 89' lang='lat' dir='ltr'><strong>et</strong></span> <span class='ocrx_word' id='word_1_31' title='bbox 524 693 694 769; x_wconf 90' lang='lat' dir='ltr'><strong>approbatos</strong></span> <span class='ocrx_word' id='word_1_32' title='bbox 704 692 844 751; x_wconf 82' lang='lat' dir='ltr'><strong>Ecclesiae</strong></span> <span class='ocrx_word' id='word_1_33' title='bbox 857 692 1014 752; x_wconf 79' lang='lat' dir='ltr'><strong>Catholicae</strong></span> <span class='ocrx_word' id='word_1_34' title='bbox 1027 693 1097 751; x_wconf 88' lang='lat' dir='ltr'><strong>ritus</strong></span> <span class='ocrx_word' id='word_1_35' title='bbox 1110 694 1138 752; x_wconf 96' lang='lat' dir='ltr'><strong>in</strong></span> <span class='ocrx_word' id='word_1_36' title='bbox 1148 694 1272 753; x_wconf 81' lang='lat' dir='ltr'><strong>solemni</strong></span> 
     </span>
     <span class='ocr_line' id='line_1_5' title="bbox 41 787 1271 858; baseline 0.005 -16"><span class='ocrx_word' id='word_1_37' title='bbox 41 796 317 846; x_wconf 79' lang='lat' dir='ltr'><strong>sacramentorum</strong></span> <span class='ocrx_word' id='word_1_38' title='bbox 341 787 584 847; x_wconf 81' lang='lat' dir='ltr'><strong>administratione</strong></span> <span class='ocrx_word' id='word_1_39' title='bbox 599 788 726 849; x_wconf 84' lang='lat' dir='ltr'><strong>adhiberi</strong></span> <span class='ocrx_word' id='word_1_40' title='bbox 739 801 904 858; x_wconf 85' lang='lat' dir='ltr'><strong>consuetos,</strong></span> <span class='ocrx_word' id='word_1_41' title='bbox 920 799 967 848; x_wconf 85' lang='grc'><strong>111</strong></span> <span class='ocrx_word' id='word_1_42' title='bbox 980 790 1126 848; x_wconf 87' lang='lat' dir='ltr'><strong>contemni</strong></span> <span class='ocrx_word' id='word_1_43' title='bbox 1140 803 1188 848; x_wconf 88' lang='lat' dir='ltr'><strong>aut</strong></span> <span class='ocrx_word' id='word_1_44' title='bbox 1208 793 1271 849; x_wconf 85' lang='lat' dir='ltr'><strong>sine</strong></span> 
     </span>
     <span class='ocr_line' id='line_1_6' title="bbox 48 884 1272 965; baseline 0.004 -23"><span class='ocrx_word' id='word_1_45' title='bbox 48 896 194 958; x_wconf 88' lang='lat' dir='ltr'><strong>peccato</strong></span> <span class='ocrx_word' id='word_1_46' title='bbox 209 904 226 943; x_wconf 85' lang='lat' dir='ltr'><strong>a</strong></span> <span class='ocrx_word' id='word_1_47' title='bbox 239 884 378 943; x_wconf 81' lang='lat' dir='ltr'><strong>ministris</strong></span> <span class='ocrx_word' id='word_1_48' title='bbox 394 905 445 964; x_wconf 90' lang='lat' dir='ltr'><strong>pro</strong></span> <span class='ocrx_word' id='word_1_49' title='bbox 459 884 548 946; x_wconf 90' lang='lat' dir='ltr'><strong>lubito</strong></span> <span class='ocrx_word' id='word_1_50' title='bbox 562 889 665 956; x_wconf 82' lang='lat' dir='ltr'><strong>omitti,</strong></span> <span class='ocrx_word' id='word_1_51' title='bbox 680 889 772 947; x_wconf 91' lang='lat' dir='ltr'><strong>autin</strong></span> <span class='ocrx_word' id='word_1_52' title='bbox 794 906 884 949; x_wconf 87' lang='lat' dir='ltr'><strong>novos</strong></span> <span class='ocrx_word' id='word_1_53' title='bbox 906 888 976 947; x_wconf 87' lang='lat' dir='ltr'><strong>alios</strong></span> <span class='ocrx_word' id='word_1_54' title='bbox 992 904 1044 965; x_wconf 93' lang='lat' dir='ltr'><strong>per</strong></span> <span class='ocrx_word' id='word_1_55' title='bbox 1063 906 1272 962; x_wconf 90' lang='lat' dir='ltr'><strong>quemcumque</strong></span> 
     </span>
     <span class='ocr_line' id='line_1_7' title="bbox 47 978 1272 1063; baseline 0.006 -23"><span class='ocrx_word' id='word_1_56' title='bbox 47 978 216 1040; x_wconf 78' lang='lat' dir='ltr'><strong>Ecclesiae</strong></span> <span class='ocrx_word' id='word_1_57' title='bbox 232 995 374 1060; x_wconf 84' lang='lat' dir='ltr'><strong>pastorem</strong></span> <span class='ocrx_word' id='word_1_58' title='bbox 390 986 494 1044; x_wconf 85' lang='lat' dir='ltr'><strong>mutari</strong></span> <span class='ocrx_word' id='word_1_59' title='bbox 508 1003 604 1063; x_wconf 88' lang='lat' dir='ltr'><strong>posse,</strong></span> <span class='ocrx_word' id='word_1_60' title='bbox 620 986 769 1051; x_wconf 86' lang='lat' dir='ltr'><strong>anathema</strong></span> <span class='ocrx_word' id='word_1_61' title='bbox 787 985 871 1046; x_wconf 84' lang='lat' dir='ltr'><strong>sit.”²</strong></span> <span class='ocrx_word' id='word_1_62' title='bbox 910 985 976 1046; x_wconf 86' lang='lat' dir='ltr'><strong>Jam</strong></span> <span class='ocrx_word' id='word_1_63' title='bbox 992 984 1173 1045; x_wconf 81' lang='lat' dir='ltr'><strong>recitavimus</strong></span> <span class='ocrx_word' id='word_1_64' title='bbox 1189 1005 1272 1047; x_wconf 89' lang='lat' dir='ltr'><strong>canc·</strong></span> 
     </span>
     <span class='ocr_line' id='line_1_8' title="bbox 50 1076 866 1154; baseline 0.009 -17"><span class='ocrx_word' id='word_1_65' title='bbox 50 1097 141 1138; x_wconf 86' lang='lat' dir='ltr'><strong>nem</strong></span> <span class='ocrx_word' id='word_1_66' title='bbox 157 1099 216 1154; x_wconf 91' lang='lat' dir='ltr'><strong>qno</strong></span> <span class='ocrx_word' id='word_1_67' title='bbox 237 1076 377 1141; x_wconf 85' lang='lat' dir='ltr'><strong>feriuntur</strong></span> <span class='ocrx_word' id='word_1_68' title='bbox 392 1082 493 1145; x_wconf 75' lang='lat' dir='ltr'><strong>Missae</strong></span> <span class='ocrx_word' id='word_1_69' title='bbox 508 1085 692 1146; x_wconf 76' lang='lat' dir='ltr'><strong>ceremonias</strong></span> <span class='ocrx_word' id='word_1_70' title='bbox 707 1083 866 1144; x_wconf 89' lang='lat' dir='ltr'><strong>irridentes.</strong></span> 
     </span>
    </p>
   </div>
   <div class='ocr_carea' id='block_1_3' title="bbox 583 1280 767 1322">
    <p class='ocr_par' dir='ltr' id='par_1_3' title="bbox 583 1280 767 1322">
     <span class='ocr_line' id='line_1_9' title="bbox 583 1280 767 1322; baseline 0 -2"><span class='ocrx_word' id='word_1_71' title='bbox 583 1280 767 1322; x_wconf 73' lang='lat' dir='ltr'><strong>Peoeosmo.</strong></span> 
     </span>
    </p>
   </div>
   <div class='ocr_carea' id='block_1_4' title="bbox 38 1417 1325 3849">
    <p class='ocr_par' dir='ltr' id='par_1_4' title="bbox 38 1417 1272 1794">
     <span class='ocr_line' id='line_1_10' title="bbox 114 1417 1271 1500; baseline -0.003 -20"><span class='ocrx_word' id='word_1_72' title='bbox 114 1417 237 1500; x_wconf 81' lang='lat' dir='ltr'><strong>Recepti</strong></span> <span class='ocrx_word' id='word_1_73' title='bbox 249 1428 278 1480; x_wconf 91' lang='lat' dir='ltr'><strong>et</strong></span> <span class='ocrx_word' id='word_1_74' title='bbox 291 1419 446 1500; x_wconf 76' lang='lat' dir='ltr'><strong>approbati</strong></span> <span class='ocrx_word' id='word_1_75' title='bbox 459 1418 602 1481; x_wconf 74' lang='lat' dir='ltr'><strong>Ecclesiae</strong></span> <span class='ocrx_word' id='word_1_76' title='bbox 620 1418 777 1479; x_wconf 76' lang='lat' dir='ltr'><strong>Catholicae</strong></span> <span class='ocrx_word' id='word_1_77' title='bbox 797 1420 875 1480; x_wconf 83' lang='lat' dir='ltr'><strong>ritus</strong></span> <span class='ocrx_word' id='word_1_78' title='bbox 888 1421 923 1480; x_wconf 87' lang='lat' dir='ltr'><strong>in</strong></span> <span class='ocrx_word' id='word_1_79' title='bbox 937 1419 1060 1480; x_wconf 82' lang='lat' dir='ltr'><strong>solemni</strong></span> <span class='ocrx_word' id='word_1_80' title='bbox 1074 1425 1271 1479; x_wconf 84' lang='lat' dir='ltr'><strong>recremento-</strong></span> 
     </span>
     <span class='ocr_line' id='line_1_11' title="bbox 54 1517 1272 1596; baseline -0.005 -15"><span class='ocrx_word' id='word_1_81' title='bbox 54 1538 143 1580; x_wconf 81' lang='lat' dir='ltr'><strong>rum</strong></span> <span class='ocrx_word' id='word_1_82' title='bbox 166 1517 430 1581; x_wconf 79' lang='lat' dir='ltr'><strong>administratione</strong></span> <span class='ocrx_word' id='word_1_83' title='bbox 444 1517 579 1577; x_wconf 75' lang='lat' dir='ltr'><strong>adhiberi</strong></span> <span class='ocrx_word' id='word_1_84' title='bbox 604 1518 745 1588; x_wconf 79' lang='lat' dir='ltr'><strong>consueti,</strong></span> <span class='ocrx_word' id='word_1_85' title='bbox 760 1537 812 1578; x_wconf 89' lang='lat' dir='ltr'><strong>nec</strong></span> <span class='ocrx_word' id='word_1_86' title='bbox 826 1519 973 1579; x_wconf 85' lang='lat' dir='ltr'><strong>contemni</strong></span> <span class='ocrx_word' id='word_1_87' title='bbox 984 1536 1037 1578; x_wconf 89' lang='lat' dir='ltr'><strong>nec</strong></span> <span class='ocrx_word' id='word_1_88' title='bbox 1050 1518 1114 1577; x_wconf 86' lang='lat' dir='ltr'><strong>eine</strong></span> <span class='ocrx_word' id='word_1_89' title='bbox 1124 1523 1243 1596; x_wconf 83' lang='lat' dir='ltr'><strong>peccato</strong></span> <span class='ocrx_word' id='word_1_90' title='bbox 1252 1536 1272 1575; x_wconf 86' lang='lat' dir='ltr'><strong><em>a</em></strong></span> 
     </span>
     <span class='ocr_line' id='line_1_12' title="bbox 51 1613 1272 1698; baseline -0.006 -18"><span class='ocrx_word' id='word_1_91' title='bbox 51 1619 225 1680; x_wconf 68' lang='lat' dir='ltr'><strong>ministris</strong></span> <span class='ocrx_word' id='word_1_92' title='bbox 238 1636 295 1698; x_wconf 89' lang='lat' dir='ltr'><strong>pro</strong></span> <span class='ocrx_word' id='word_1_93' title='bbox 310 1615 394 1676; x_wconf 85' lang='lat' dir='ltr'><strong>libito</strong></span> <span class='ocrx_word' id='word_1_94' title='bbox 407 1616 518 1684; x_wconf 87' lang='lat' dir='ltr'><strong>omitti,</strong></span> <span class='ocrx_word' id='word_1_95' title='bbox 531 1635 584 1676; x_wconf 89' lang='lat' dir='ltr'><strong>nec</strong></span> <span class='ocrx_word' id='word_1_96' title='bbox 594 1616 628 1677; x_wconf 91' lang='lat' dir='ltr'><strong>in</strong></span> <span class='ocrx_word' id='word_1_97' title='bbox 641 1634 733 1677; x_wconf 87' lang='lat' dir='ltr'><strong>nevos</strong></span> <span class='ocrx_word' id='word_1_98' title='bbox 745 1615 819 1679; x_wconf 79' lang='lat' dir='ltr'><strong>cline</strong></span> <span class='ocrx_word' id='word_1_99' title='bbox 828 1635 884 1696; x_wconf 85' lang='lat' dir='ltr'><strong>per</strong></span> <span class='ocrx_word' id='word_1_100' title='bbox 897 1633 1109 1696; x_wconf 71' lang='lat' dir='ltr'><strong>quemcumque</strong></span> <span class='ocrx_word' id='word_1_101' title='bbox 1129 1613 1272 1676; x_wconf 83' lang='lat' dir='ltr'><strong>Eccleriae</strong></span> 
     </span>
     <span class='ocr_line' id='line_1_13' title="bbox 38 1716 495 1794; baseline -0.007 -17"><span class='ocrx_word' id='word_1_102' title='bbox 38 1725 222 1788; x_wconf 76' lang='lat' dir='ltr'><strong>pastorem</strong></span> <span class='ocrx_word' id='word_1_103' title='bbox 234 1716 349 1776; x_wconf 84' lang='lat' dir='ltr'><strong>mutari</strong></span> <span class='ocrx_word' id='word_1_104' title='bbox 356 1723 495 1794; x_wconf 84' lang='lat' dir='ltr'><strong>possunt.</strong></span> 
     </span>
    </p>

    <p class='ocr_par' dir='ltr' id='par_1_5' title="bbox 110 1814 276 1874">
     <span class='ocr_line' id='line_1_14' title="bbox 110 1814 276 1874; baseline -0.012 0"><span class='ocrx_word' id='word_1_105' title='bbox 110 1814 276 1874; x_wconf 78' lang='lat' dir='ltr'><strong>Probatur.</strong></span> 
     </span>
    </p>

    <p class='ocr_par' dir='ltr' id='par_1_6' title="bbox 52 1911 1325 2365">
     <span class='ocr_line' id='line_1_15' title="bbox 113 1911 1325 1989; baseline -0.005 -16"><span class='ocrx_word' id='word_1_106' title='bbox 113 1919 164 1973; x_wconf 81' lang='lat'><strong>73.</strong></span> <span class='ocrx_word' id='word_1_107' title='bbox 192 1912 263 1972; x_wconf 88' lang='lat' dir='ltr'><strong>Non</strong></span> <span class='ocrx_word' id='word_1_108' title='bbox 280 1911 348 1970; x_wconf 90' lang='lat' dir='ltr'><strong>licet</strong></span> <span class='ocrx_word' id='word_1_109' title='bbox 370 1929 516 1989; x_wconf 89' lang='lat' dir='ltr'><strong>spernere,</strong></span> <span class='ocrx_word' id='word_1_110' title='bbox 531 1929 585 1970; x_wconf 87' lang='lat' dir='ltr'><strong>nec</strong></span> <span class='ocrx_word' id='word_1_111' title='bbox 612 1912 752 1979; x_wconf 84' lang='lat' dir='ltr'><strong>omittere,</strong></span> <span class='ocrx_word' id='word_1_112' title='bbox 767 1930 821 1970; x_wconf 89' lang='lat' dir='ltr'><strong>nec</strong></span> <span class='ocrx_word' id='word_1_113' title='bbox 835 1920 944 1970; x_wconf 88' lang='lat' dir='ltr'><strong>mutare</strong></span> <span class='ocrx_word' id='word_1_114' title='bbox 957 1911 1094 1971; x_wconf 91' lang='lat' dir='ltr'><strong>instituta</strong></span> <span class='ocrx_word' id='word_1_115' title='bbox 1108 1912 1225 1988; x_wconf 90' lang='lat' dir='ltr'><strong>probata</strong></span> <span class='ocrx_word' id='word_1_116' title='bbox 1245 1918 1273 1968; x_wconf 91' lang='lat' dir='ltr'><strong>et</strong></span> <span class='ocrx_word' id='word_1_117' title='bbox 1323 1927 1325 1931; x_wconf 90' lang='lat'>·</span> 
     </span>
     <span class='ocr_line' id='line_1_16' title="bbox 58 2008 1272 2086; baseline -0.002 -19"><span class='ocrx_word' id='word_1_118' title='bbox 58 2010 186 2070; x_wconf 73' lang='lat' dir='ltr'><strong>sancitu</strong></span> <span class='ocrx_word' id='word_1_119' title='bbox 200 2030 216 2068; x_wconf 91' lang='lat' dir='ltr'><strong>a</strong></span> <span class='ocrx_word' id='word_1_120' title='bbox 233 2009 362 2086; x_wconf 84' lang='lat' dir='ltr'><strong>legitima</strong></span> <span class='ocrx_word' id='word_1_121' title='bbox 375 2010 555 2067; x_wconf 86' lang='lat' dir='ltr'><strong>anctoritate:</strong></span> <span class='ocrx_word' id='word_1_122' title='bbox 578 2026 662 2086; x_wconf 89' lang='lat' dir='ltr'><strong>porro</strong></span> <span class='ocrx_word' id='word_1_123' title='bbox 682 2009 823 2066; x_wconf 82' lang='lat' dir='ltr'><strong>Ecclesiae</strong></span> <span class='ocrx_word' id='word_1_124' title='bbox 844 2009 996 2066; x_wconf 88' lang='lat' dir='ltr'><strong>auctoritas</strong></span> <span class='ocrx_word' id='word_1_125' title='bbox 1010 2009 1128 2067; x_wconf 91' lang='lat' dir='ltr'><strong>omnino</strong></span> <span class='ocrx_word' id='word_1_126' title='bbox 1143 2008 1272 2084; x_wconf 83' lang='lat' dir='ltr'><strong>legitima</strong></span> 
     </span>
     <span class='ocr_line' id='line_1_17' title="bbox 53 2104 1272 2182; baseline -0.002 -17"><span class='ocrx_word' id='word_1_127' title='bbox 53 2123 116 2168; x_wconf 78' lang='lat' dir='ltr'><strong>est</strong></span> <span class='ocrx_word' id='word_1_128' title='bbox 129 2123 160 2168; x_wconf 87' lang='lat' dir='ltr'><strong>et</strong></span> <span class='ocrx_word' id='word_1_129' title='bbox 173 2120 364 2176; x_wconf 84' lang='lat' dir='ltr'><strong>sacrosancta,</strong></span> <span class='ocrx_word' id='word_1_130' title='bbox 379 2127 467 2181; x_wconf 89' lang='lat' dir='ltr'><strong>quum</strong></span> <span class='ocrx_word' id='word_1_131' title='bbox 482 2108 509 2165; x_wconf 90' lang='lat' dir='ltr'><strong>ei</strong></span> <span class='ocrx_word' id='word_1_132' title='bbox 523 2108 679 2166; x_wconf 87' lang='lat' dir='ltr'><strong>commissa</strong></span> <span class='ocrx_word' id='word_1_133' title='bbox 691 2108 728 2164; x_wconf 92' lang='lat' dir='ltr'><strong>sit</strong></span> <span class='ocrx_word' id='word_1_134' title='bbox 742 2127 759 2175; x_wconf 84' lang='grc'><strong>1</strong></span> <span class='ocrx_word' id='word_1_135' title='bbox 773 2104 1142 2165; x_wconf 78' lang='lat' dir='ltr'><strong>Christosecramentorum</strong></span> <span class='ocrx_word' id='word_1_136' title='bbox 1156 2104 1272 2182; x_wconf 90' lang='lat' dir='ltr'><strong>dispen-</strong></span> 
     </span>
     <span class='ocr_line' id='line_1_18' title="bbox 52 2201 1270 2283; baseline -0.001 -21"><span class='ocrx_word' id='word_1_137' title='bbox 52 2209 154 2267; x_wconf 74' lang='lat' dir='ltr'><strong>satio.</strong></span> <span class='ocrx_word' id='word_1_138' title='bbox 197 2207 278 2283; x_wconf 82' lang='lat' dir='ltr'><strong>Ergo</strong></span> <span class='ocrx_word' id='word_1_139' title='bbox 292 2224 365 2280; x_wconf 88' lang='lat' dir='ltr'><strong>quos</strong></span> <span class='ocrx_word' id='word_1_140' title='bbox 381 2206 503 2265; x_wconf 82' lang='grc'><strong>1111111111</strong></span> <span class='ocrx_word' id='word_1_141' title='bbox 516 2215 544 2266; x_wconf 93' lang='lat' dir='ltr'><strong>et</strong></span> <span class='ocrx_word' id='word_1_142' title='bbox 558 2206 688 2282; x_wconf 85' lang='lat' dir='ltr'><strong>probavit</strong></span> <span class='ocrx_word' id='word_1_143' title='bbox 708 2205 778 2265; x_wconf 90' lang='lat' dir='ltr'><strong>ritus</strong></span> <span class='ocrx_word' id='word_1_144' title='bbox 799 2216 961 2264; x_wconf 84' lang='lat' dir='ltr'><strong>reverenter</strong></span> <span class='ocrx_word' id='word_1_145' title='bbox 974 2213 1041 2263; x_wconf 90' lang='lat' dir='ltr'><strong>sunt</strong></span> <span class='ocrx_word' id='word_1_146' title='bbox 1054 2201 1220 2281; x_wconf 83' lang='lat' dir='ltr'><strong>excipiendi</strong></span> <span class='ocrx_word' id='word_1_147' title='bbox 1242 2212 1270 2261; x_wconf 91' lang='lat' dir='ltr'><strong>et</strong></span> 
     </span>
     <span class='ocr_line' id='line_1_19' title="bbox 58 2304 218 2365; baseline 0.006 -4"><span class='ocrx_word' id='word_1_148' title='bbox 58 2304 218 2365; x_wconf 78' lang='lat' dir='ltr'><strong>servandi.</strong></span> 
     </span>
    </p>

    <p class='ocr_par' dir='ltr' id='par_1_7' title="bbox 53 2399 1270 3456">
     <span class='ocr_line' id='line_1_20' title="bbox 107 2399 1268 2480; baseline -0.005 -17"><span class='ocrx_word' id='word_1_149' title='bbox 107 2407 160 2463; x_wconf 81' lang='grc'><strong>74.</strong></span> <span class='ocrx_word' id='word_1_150' title='bbox 182 2401 319 2463; x_wconf 83' lang='lat' dir='ltr'><strong>Christus</strong></span> <span class='ocrx_word' id='word_1_151' title='bbox 334 2402 478 2462; x_wconf 90' lang='lat' dir='ltr'><strong>Dominus</strong></span> <span class='ocrx_word' id='word_1_152' title='bbox 499 2421 552 2462; x_wconf 81' lang='lat' dir='ltr'><strong>suc</strong></span> <span class='ocrx_word' id='word_1_153' title='bbox 573 2403 710 2480; x_wconf 85' lang='lat' dir='ltr'><strong>exemplo</strong></span> <span class='ocrx_word' id='word_1_154' title='bbox 724 2422 777 2463; x_wconf 91' lang='lat' dir='ltr'><strong>nos</strong></span> <span class='ocrx_word' id='word_1_155' title='bbox 791 2402 875 2463; x_wconf 89' lang='lat' dir='ltr'><strong>docet</strong></span> <span class='ocrx_word' id='word_1_156' title='bbox 896 2401 1060 2480; x_wconf 88' lang='lat' dir='ltr'><strong>perspicuo,</strong></span> <span class='ocrx_word' id='word_1_157' title='bbox 1076 2399 1154 2475; x_wconf 92' lang='lat' dir='ltr'><strong>qnod</strong></span> <span class='ocrx_word' id='word_1_158' title='bbox 1174 2399 1268 2478; x_wconf 85' lang='lat' dir='ltr'><strong>signis</strong></span> 
     </span>
     <span class='ocr_line' id='line_1_21' title="bbox 53 2497 1270 2561; baseline -0.002 -2"><span class='ocrx_word' id='word_1_159' title='bbox 53 2514 97 2560; x_wconf 80' lang='lat' dir='ltr'><strong>et</strong></span> <span class='ocrx_word' id='word_1_160' title='bbox 121 2501 234 2560; x_wconf 83' lang='lat' dir='ltr'><strong>actibus</strong></span> <span class='ocrx_word' id='word_1_161' title='bbox 257 2500 361 2559; x_wconf 90' lang='lat' dir='ltr'><strong>veritas</strong></span> <span class='ocrx_word' id='word_1_162' title='bbox 375 2500 499 2561; x_wconf 84' lang='lat' dir='ltr'><strong>coelestis</strong></span> <span class='ocrx_word' id='word_1_163' title='bbox 522 2500 692 2561; x_wconf 85' lang='lat' dir='ltr'><strong>insinuanda</strong></span> <span class='ocrx_word' id='word_1_164' title='bbox 715 2501 753 2560; x_wconf 88' lang='lat' dir='ltr'><strong>sit</strong></span> <span class='ocrx_word' id='word_1_165' title='bbox 773 2511 802 2560; x_wconf 91' lang='lat' dir='ltr'><strong>et</strong></span> <span class='ocrx_word' id='word_1_166' title='bbox 823 2500 919 2560; x_wconf 90' lang='lat' dir='ltr'><strong>officia</strong></span> <span class='ocrx_word' id='word_1_167' title='bbox 940 2497 1178 2559; x_wconf 87' lang='lat' dir='ltr'><strong>commendanda.</strong></span> <span class='ocrx_word' id='word_1_168' title='bbox 1219 2497 1270 2556; x_wconf 84' lang='lat' dir='ltr'><strong>Sic</strong></span> 
     </span>
     <span class='ocr_line' id='line_1_22' title="bbox 54 2596 1269 2676; baseline -0.002 -21"><span class='ocrx_word' id='word_1_169' title='bbox 54 2597 161 2658; x_wconf 73' lang='lat' dir='ltr'><strong>surdo</strong></span> <span class='ocrx_word' id='word_1_170' title='bbox 185 2609 214 2661; x_wconf 87' lang='lat' dir='ltr'><strong>et</strong></span> <span class='ocrx_word' id='word_1_171' title='bbox 236 2609 315 2657; x_wconf 93' lang='lat' dir='ltr'><strong>muto</strong></span> <span class='ocrx_word' id='word_1_172' title='bbox 341 2596 376 2656; x_wconf 93' lang='lat' dir='ltr'><strong>ad</strong></span> <span class='ocrx_word' id='word_1_173' title='bbox 400 2616 432 2656; x_wconf 92' lang='lat' dir='ltr'><strong>se</strong></span> <span class='ocrx_word' id='word_1_174' title='bbox 455 2596 587 2666; x_wconf 87' lang='lat' dir='ltr'><strong>adducto,</strong></span> <span class='ocrx_word' id='word_1_175' title='bbox 604 2597 852 2676; x_wconf 86' lang='lat' dir='ltr'><strong>“apprehendens</strong></span> <span class='ocrx_word' id='word_1_176' title='bbox 874 2617 941 2657; x_wconf 88' lang='lat' dir='ltr'><strong>eum</strong></span> <span class='ocrx_word' id='word_1_177' title='bbox 966 2597 1103 2656; x_wconf 87' lang='lat' dir='ltr'><strong>deturba</strong></span> <span class='ocrx_word' id='word_1_178' title='bbox 1125 2613 1269 2662; x_wconf 88' lang='lat' dir='ltr'><strong>seorsum,</strong></span> 
     </span>
     <span class='ocr_line' id='line_1_23' title="bbox 57 2693 1269 2774; baseline -0.007 -15"><span class='ocrx_word' id='word_1_179' title='bbox 57 2698 152 2759; x_wconf 76' lang='lat' dir='ltr'><strong>misit</strong></span> <span class='ocrx_word' id='word_1_180' title='bbox 163 2695 270 2773; x_wconf 77' lang='lat' dir='ltr'><strong>digitos</strong></span> <span class='ocrx_word' id='word_1_181' title='bbox 285 2714 354 2755; x_wconf 92' lang='lat' dir='ltr'><strong>suos</strong></span> <span class='ocrx_word' id='word_1_182' title='bbox 369 2697 398 2755; x_wconf 90' lang='lat' dir='ltr'><strong>in</strong></span> <span class='ocrx_word' id='word_1_183' title='bbox 419 2697 599 2757; x_wconf 89' lang='lat' dir='ltr'><strong>auriculas&#39;</strong></span> <span class='ocrx_word' id='word_1_184' title='bbox 573 2715 647 2774; x_wconf 68' lang='lat' dir='ltr'><strong>ejus,</strong></span> <span class='ocrx_word' id='word_1_185' title='bbox 662 2707 691 2755; x_wconf 90' lang='lat' dir='ltr'><strong>et</strong></span> <span class='ocrx_word' id='word_1_186' title='bbox 714 2715 854 2774; x_wconf 84' lang='lat' dir='ltr'><strong>expuens,</strong></span> <span class='ocrx_word' id='word_1_187' title='bbox 869 2697 963 2774; x_wconf 85' lang='lat' dir='ltr'><strong>tetigit</strong></span> <span class='ocrx_word' id='word_1_188' title='bbox 982 2695 1148 2772; x_wconf 85' lang='lat' dir='ltr'><strong>lingnam</strong></span> <span class='ocrx_word' id='word_1_189' title='bbox 1124 2713 1205 2772; x_wconf 75' lang='lat' dir='ltr'><strong>ejus:</strong></span> <span class='ocrx_word' id='word_1_190' title='bbox 1228 2693 1269 2754; x_wconf 83' lang='lat' dir='ltr'><strong>Et</strong></span> 
     </span>
     <span class='ocr_line' id='line_1_24' title="bbox 56 2790 1267 2872; baseline -0.002 -20"><span class='ocrx_word' id='word_1_191' title='bbox 56 2795 237 2872; x_wconf 74' lang='lat' dir='ltr'><strong>suspiciens</strong></span> <span class='ocrx_word' id='word_1_192' title='bbox 252 2795 282 2853; x_wconf 91' lang='lat' dir='ltr'><strong>in</strong></span> <span class='ocrx_word' id='word_1_193' title='bbox 296 2795 430 2853; x_wconf 85' lang='lat' dir='ltr'><strong>coelum&#39;</strong></span> <span class='ocrx_word' id='word_1_194' title='bbox 421 2796 571 2872; x_wconf 76' lang='lat' dir='ltr'><strong>ingemuit,</strong></span> <span class='ocrx_word' id='word_1_195' title='bbox 587 2806 615 2853; x_wconf 95' lang='lat' dir='ltr'><strong>et</strong></span> <span class='ocrx_word' id='word_1_196' title='bbox 629 2795 668 2854; x_wconf 86' lang='lat' dir='ltr'><strong>ait</strong></span> <span class='ocrx_word' id='word_1_197' title='bbox 688 2795 749 2855; x_wconf 85' lang='lat' dir='ltr'><strong>illi:</strong></span> <span class='ocrx_word' id='word_1_198' title='bbox 771 2795 937 2871; x_wconf 87' lang='lat' dir='ltr'><strong>Ephpheta‚</strong></span> <span class='ocrx_word' id='word_1_199' title='bbox 953 2793 1030 2867; x_wconf 93' lang='lat' dir='ltr'><strong>quod</strong></span> <span class='ocrx_word' id='word_1_200' title='bbox 1051 2802 1095 2851; x_wconf 89' lang='lat' dir='ltr'><strong>est</strong></span> <span class='ocrx_word' id='word_1_201' title='bbox 1107 2793 1228 2870; x_wconf 88' lang='lat' dir='ltr'><strong>aperire.</strong></span> <span class='ocrx_word' id='word_1_202' title='bbox 1232 2790 1267 2829; x_wconf 75' lang='lat'><strong>”⁸</strong></span> 
     </span>
     <span class='ocr_line' id='line_1_25' title="bbox 61 2890 1267 2970; baseline -0.003 -20"><span class='ocrx_word' id='word_1_203' title='bbox 61 2893 122 2955; x_wconf 78' lang='lat' dir='ltr'><strong>Sic</strong></span> <span class='ocrx_word' id='word_1_204' title='bbox 138 2910 250 2952; x_wconf 86' lang='lat' dir='ltr'><strong>oaecum</strong></span> <span class='ocrx_word' id='word_1_205' title='bbox 262 2901 427 2950; x_wconf 86' lang='lat' dir='ltr'><strong>curaturus:</strong></span> <span class='ocrx_word' id='word_1_206' title='bbox 451 2891 671 2970; x_wconf 85' lang='lat' dir='ltr'><strong>“Apprehensa</strong></span> <span class='ocrx_word' id='word_1_207' title='bbox 684 2910 770 2951; x_wconf 88' lang='lat' dir='ltr'><strong>manu</strong></span> <span class='ocrx_word' id='word_1_208' title='bbox 785 2892 863 2959; x_wconf 85' lang='lat' dir='ltr'><strong>caeci,</strong></span> <span class='ocrx_word' id='word_1_209' title='bbox 873 2891 972 2949; x_wconf 82' lang='lat' dir='ltr'><strong>eduxit</strong></span> <span class='ocrx_word' id='word_1_210' title='bbox 981 2908 1048 2948; x_wconf 91' lang='lat' dir='ltr'><strong>enm</strong></span> <span class='ocrx_word' id='word_1_211' title='bbox 1060 2900 1140 2947; x_wconf 88' lang='lat' dir='ltr'><strong>extra</strong></span> <span class='ocrx_word' id='word_1_212' title='bbox 1154 2890 1267 2948; x_wconf 89' lang='lat' dir='ltr'><strong>vicum:</strong></span> 
     </span>
     <span class='ocr_line' id='line_1_26' title="bbox 57 2987 1268 3067; baseline -0.002 -18"><span class='ocrx_word' id='word_1_213' title='bbox 57 3003 96 3049; x_wconf 77' lang='lat' dir='ltr'><strong>et</strong></span> <span class='ocrx_word' id='word_1_214' title='bbox 122 3000 257 3067; x_wconf 84' lang='lat' dir='ltr'><strong>expuens</strong></span> <span class='ocrx_word' id='word_1_215' title='bbox 283 2989 313 3049; x_wconf 91' lang='lat' dir='ltr'><strong>in</strong></span> <span class='ocrx_word' id='word_1_216' title='bbox 327 2987 427 3050; x_wconf 85' lang='lat' dir='ltr'><strong>oculos</strong></span> <span class='ocrx_word' id='word_1_217' title='bbox 440 2990 514 3067; x_wconf 84' lang='lat' dir='ltr'><strong>ejus</strong></span> <span class='ocrx_word' id='word_1_218' title='bbox 535 2989 677 3066; x_wconf 87' lang='lat' dir='ltr'><strong>impositis</strong></span> <span class='ocrx_word' id='word_1_219' title='bbox 701 2990 832 3048; x_wconf 87' lang='lat' dir='ltr'><strong>manibus</strong></span> <span class='ocrx_word' id='word_1_220' title='bbox 856 2988 928 3056; x_wconf 88' lang='lat' dir='ltr'><strong>suis,</strong></span> <span class='ocrx_word' id='word_1_221' title='bbox 944 2988 1127 3066; x_wconf 87' lang='lat' dir='ltr'><strong>interrogavit</strong></span> <span class='ocrx_word' id='word_1_222' title='bbox 1148 3007 1225 3058; x_wconf 89' lang='lat' dir='ltr'><strong>eum,</strong></span> <span class='ocrx_word' id='word_1_223' title='bbox 1242 2990 1268 3046; x_wconf 87' lang='lat' dir='ltr'><strong>si</strong></span> 
     </span>
     <span class='ocr_line' id='line_1_27' title="bbox 65 3085 1269 3163; baseline 0 -17"><span class='ocrx_word' id='word_1_224' title='bbox 65 3087 143 3160; x_wconf 88' lang='lat' dir='ltr'><strong>quid</strong></span> <span class='ocrx_word' id='word_1_225' title='bbox 165 3085 322 3146; x_wconf 80' lang='lat' dir='ltr'><strong>rideret.’&#39;⁸</strong></span> <span class='ocrx_word' id='word_1_226' title='bbox 361 3087 440 3146; x_wconf 80' lang='lat' dir='ltr'><strong>Alias</strong></span> <span class='ocrx_word' id='word_1_227' title='bbox 454 3087 601 3163; x_wconf 79' lang='lat' dir='ltr'><strong>Apostolis</strong></span> <span class='ocrx_word' id='word_1_228' title='bbox 623 3085 906 3146; x_wconf 68' lang='lat' dir='ltr'><strong>“insufflavit:&#39;’⁴et</strong></span> <span class='ocrx_word' id='word_1_229' title='bbox 926 3104 1097 3154; x_wconf 83' lang='lat' dir='ltr'><strong>ascensurus</strong></span> <span class='ocrx_word' id='word_1_230' title='bbox 1120 3089 1150 3146; x_wconf 90' lang='lat' dir='ltr'><strong>in</strong></span> <span class='ocrx_word' id='word_1_231' title='bbox 1164 3087 1269 3146; x_wconf 87' lang='lat' dir='ltr'><strong>coelurn</strong></span> 
     </span>
     <span class='ocr_line' id='line_1_28' title="bbox 63 3182 1268 3262; baseline 0 -20"><span class='ocrx_word' id='word_1_232' title='bbox 63 3185 220 3243; x_wconf 83' lang='lat' dir='ltr'><strong>“elevatis</strong></span> <span class='ocrx_word' id='word_1_233' title='bbox 244 3185 374 3243; x_wconf 87' lang='lat' dir='ltr'><strong>manibus</strong></span> <span class='ocrx_word' id='word_1_234' title='bbox 398 3184 468 3253; x_wconf 87' lang='lat' dir='ltr'><strong>suis,</strong></span> <span class='ocrx_word' id='word_1_235' title='bbox 498 3183 644 3244; x_wconf 84' lang='lat' dir='ltr'><strong>benedixit</strong></span> <span class='ocrx_word' id='word_1_236' title='bbox 667 3182 755 3242; x_wconf 83' lang='lat' dir='ltr'><strong>eis.”⁵</strong></span> <span class='ocrx_word' id='word_1_237' title='bbox 794 3184 928 3245; x_wconf 88' lang='lat' dir='ltr'><strong>Laudans</strong></span> <span class='ocrx_word' id='word_1_238' title='bbox 957 3183 1141 3262; x_wconf 89' lang='lat' dir='ltr'><strong>publicanum</strong></span> <span class='ocrx_word' id='word_1_239' title='bbox 1169 3186 1268 3243; x_wconf 89' lang='lat' dir='ltr'><strong>retulit</strong></span> 
     </span>
     <span class='ocr_line' id='line_1_29' title="bbox 65 3281 1267 3360; baseline 0 -19"><span class='ocrx_word' id='word_1_240' title='bbox 65 3282 196 3357; x_wconf 89' lang='lat' dir='ltr'><strong>pectoris</strong></span> <span class='ocrx_word' id='word_1_241' title='bbox 211 3281 345 3340; x_wconf 89' lang='lat' dir='ltr'><strong>tunsione</strong></span> <span class='ocrx_word' id='word_1_242' title='bbox 359 3300 409 3340; x_wconf 88' lang='lat' dir='ltr'><strong>cor</strong></span> <span class='ocrx_word' id='word_1_243' title='bbox 422 3281 602 3343; x_wconf 89' lang='lat' dir='ltr'><strong>humiliatum</strong></span> <span class='ocrx_word' id='word_1_244' title='bbox 617 3292 645 3339; x_wconf 89' lang='lat' dir='ltr'><strong>et</strong></span> <span class='ocrx_word' id='word_1_245' title='bbox 666 3281 1025 3360; x_wconf 59' lang='grc'><strong>(11111111111181111111111.6</strong></span> <span class='ocrx_word' id='word_1_246' title='bbox 1066 3281 1150 3341; x_wconf 75' lang='lat' dir='ltr'><strong>ltitus</strong></span> <span class='ocrx_word' id='word_1_247' title='bbox 1166 3282 1267 3341; x_wconf 85' lang='lat' dir='ltr'><strong>Eccle-</strong></span> 
     </span>
     <span class='ocr_line' id='line_1_30' title="bbox 67 3377 1268 3456; baseline 0.004 -22"><span class='ocrx_word' id='word_1_248' title='bbox 67 3380 122 3436; x_wconf 72' lang='grc'><strong>1111</strong></span> <span class='ocrx_word' id='word_1_249' title='bbox 136 3397 172 3438; x_wconf 90' lang='lat' dir='ltr'><strong>eo</strong></span> <span class='ocrx_word' id='word_1_250' title='bbox 186 3379 271 3456; x_wconf 90' lang='lat' dir='ltr'><strong>plane</strong></span> <span class='ocrx_word' id='word_1_251' title='bbox 287 3377 406 3438; x_wconf 91' lang='lat' dir='ltr'><strong>tendunt</strong></span> <span class='ocrx_word' id='word_1_252' title='bbox 420 3389 450 3440; x_wconf 88' lang='lat' dir='ltr'><strong>ut</strong></span> <span class='ocrx_word' id='word_1_253' title='bbox 460 3378 555 3439; x_wconf 85' lang='lat' dir='ltr'><strong>officia</strong></span> <span class='ocrx_word' id='word_1_254' title='bbox 569 3391 597 3437; x_wconf 90' lang='lat' dir='ltr'><strong>et</strong></span> <span class='ocrx_word' id='word_1_255' title='bbox 607 3381 711 3441; x_wconf 87' lang='lat' dir='ltr'><strong>veritas</strong></span> <span class='ocrx_word' id='word_1_256' title='bbox 726 3382 914 3449; x_wconf 88' lang='lat' dir='ltr'><strong>insinuentur,</strong></span> <span class='ocrx_word' id='word_1_257' title='bbox 928 3380 1050 3456; x_wconf 87' lang='lat' dir='ltr'><strong>ideoque</strong></span> <span class='ocrx_word' id='word_1_258' title='bbox 1065 3380 1110 3439; x_wconf 87' lang='lat' dir='ltr'><strong>his</strong></span> <span class='ocrx_word' id='word_1_259' title='bbox 1123 3397 1268 3440; x_wconf 90' lang='lat' dir='ltr'><strong>commen·</strong></span> 
     </span>
    </p>

    <p class='ocr_par' dir='ltr' id='par_1_8' title="bbox 74 3475 488 3563">
     <span class='ocr_line' id='line_1_31' title="bbox 74 3475 488 3563; baseline 0.005 -30"><span class='ocrx_word' id='word_1_260' title='bbox 74 3475 177 3536; x_wconf 85' lang='lat' dir='ltr'><strong>dantur</strong></span> <span class='ocrx_word' id='word_1_261' title='bbox 190 3477 344 3555; x_wconf 85' lang='lat' dir='ltr'><strong>exemplis.</strong></span> <span class='ocrx_word' id='word_1_262' title='bbox 485 3557 488 3563; x_wconf 25' lang='grc' dir='ltr'><strong><em>Ι</em></strong></span> 
     </span>
    </p>

    <p class='ocr_par' dir='ltr' id='par_1_9' title="bbox 77 3567 1268 3849">
     <span class='ocr_line' id='line_1_32' title="bbox 112 3567 1265 3655; baseline 0.003 -22"><span class='ocrx_word' id='word_1_263' title='bbox 112 3579 161 3633; x_wconf 79' lang='grc'><strong>75.</strong></span> <span class='ocrx_word' id='word_1_264' title='bbox 182 3575 326 3655; x_wconf 82' lang='lat' dir='ltr'><strong>Ecclesiae</strong></span> <span class='ocrx_word' id='word_1_265' title='bbox 349 3575 452 3634; x_wconf 80' lang='lat' dir='ltr'><strong>veteris</strong></span> <span class='ocrx_word' id='word_1_266' title='bbox 466 3577 632 3653; x_wconf 88' lang='lat' dir='ltr'><strong>exemplum</strong></span> <span class='ocrx_word' id='word_1_267' title='bbox 652 3576 821 3654; x_wconf 83' lang='lat' dir='ltr'><strong>suffragatur</strong></span> <span class='ocrx_word' id='word_1_268' title='bbox 831 3577 853 3634; x_wconf 72' lang='grc'><strong>17</strong></span> <span class='ocrx_word' id='word_1_269' title='bbox 876 3576 1005 3652; x_wconf 84' lang='lat' dir='ltr'><strong>plerique</strong></span> <span class='ocrx_word' id='word_1_270' title='bbox 1019 3577 1095 3635; x_wconf 90' lang='lat' dir='ltr'><strong>enim</strong></span> <span class='ocrx_word' id='word_1_271' title='bbox 1110 3567 1265 3636; x_wconf 75' lang='grc'><strong>1111111111-</strong></span> 
     </span>
     <span class='ocr_line' id='line_1_33' title="bbox 77 3671 1268 3751; baseline 0.006 -24"><span class='ocrx_word' id='word_1_272' title='bbox 77 3671 206 3742; x_wconf 85' lang='lat' dir='ltr'><strong>quissimi</strong></span> <span class='ocrx_word' id='word_1_273' title='bbox 219 3682 295 3743; x_wconf 88' lang='lat' dir='ltr'><strong>sunt,</strong></span> <span class='ocrx_word' id='word_1_274' title='bbox 308 3672 381 3732; x_wconf 87' lang='lat' dir='ltr'><strong>adeo</strong></span> <span class='ocrx_word' id='word_1_275' title='bbox 395 3683 425 3731; x_wconf 92' lang='lat' dir='ltr'><strong>nt</strong></span> <span class='ocrx_word' id='word_1_276' title='bbox 439 3691 538 3732; x_wconf 90' lang='lat' dir='ltr'><strong>eorum</strong></span> <span class='ocrx_word' id='word_1_277' title='bbox 554 3674 634 3751; x_wconf 83' lang='lat' dir='ltr'><strong>origo</strong></span> <span class='ocrx_word' id='word_1_278' title='bbox 648 3673 743 3731; x_wconf 81' lang='lat' dir='ltr'><strong>latent.</strong></span> <span class='ocrx_word' id='word_1_279' title='bbox 785 3672 919 3731; x_wconf 85' lang='lat' dir='ltr'><strong>Proiecto</strong></span> <span class='ocrx_word' id='word_1_280' title='bbox 940 3673 1074 3750; x_wconf 85' lang='lat' dir='ltr'><strong>baptismi</strong></span> <span class='ocrx_word' id='word_1_281' title='bbox 1089 3676 1268 3734; x_wconf 84' lang='lat' dir='ltr'><strong>caeremoniae</strong></span> 
     </span>
     <span class='ocr_line' id='line_1_34' title="bbox 80 3768 1268 3849; baseline 0.005 -25"><span class='ocrx_word' id='word_1_282' title='bbox 80 3768 110 3827; x_wconf 80' lang='lat' dir='ltr'><strong>ed</strong></span> <span class='ocrx_word' id='word_1_283' title='bbox 124 3780 233 3830; x_wconf 84' lang='lat' dir='ltr'><strong>etatem</strong></span> <span class='ocrx_word' id='word_1_284' title='bbox 249 3771 436 3849; x_wconf 86' lang='lat' dir='ltr'><strong>apostolicam</strong></span> <span class='ocrx_word' id='word_1_285' title='bbox 450 3771 526 3830; x_wconf 90' lang='lat' dir='ltr'><strong>haud</strong></span> <span class='ocrx_word' id='word_1_286' title='bbox 541 3783 648 3830; x_wconf 89' lang='lat' dir='ltr'><strong>temere</strong></span> <span class='ocrx_word' id='word_1_287' title='bbox 661 3770 829 3838; x_wconf 83' lang='lat' dir='ltr'><strong>reseruntur,</strong></span> <span class='ocrx_word' id='word_1_288' title='bbox 845 3781 873 3828; x_wconf 91' lang='lat' dir='ltr'><strong>et</strong></span> <span class='ocrx_word' id='word_1_289' title='bbox 887 3770 1066 3830; x_wconf 76' lang='lat' dir='ltr'><strong>eucharistia</strong></span> <span class='ocrx_word' id='word_1_290' title='bbox 1081 3771 1268 3831; x_wconf 83' lang='lat' dir='ltr'><strong>conficiendae</strong></span> 
     </span>
    </p>
   </div>
   <div class='ocr_carea' id='block_1_5' title="bbox 30 4048 1266 4550">
    <p class='ocr_par' dir='ltr' id='par_1_10' title="bbox 30 4048 1252 4550">
     <span class='ocr_line' id='line_1_35' title="bbox 114 4048 358 4116; baseline 0.02 -19"><span class='ocrx_word' id='word_1_291' title='bbox 114 4048 152 4116; x_wconf 78' lang='lat'><strong>(2)</strong></span> <span class='ocrx_word' id='word_1_292' title='bbox 171 4050 250 4101; x_wconf 86' lang='lat' dir='ltr'><strong>Mero.</strong></span> <span class='ocrx_word' id='word_1_293' title='bbox 262 4050 305 4104; x_wconf 86' lang='lat' dir='ltr'><strong>vii.</strong></span> <span class='ocrx_word' id='word_1_294' title='bbox 317 4050 358 4102; x_wconf 82' lang='lat'><strong>³2.</strong></span> 
     </span>
     <span class='ocr_line' id='line_1_36' title="bbox 113 4135 379 4200; baseline 0.034 -18"><span class='ocrx_word' id='word_1_295' title='bbox 113 4135 151 4200; x_wconf 83' lang='grc'><strong>(3)</strong></span> <span class='ocrx_word' id='word_1_296' title='bbox 169 4136 263 4188; x_wconf 89' lang='lat' dir='ltr'><strong>Ibidem</strong></span> <span class='ocrx_word' id='word_1_297' title='bbox 275 4137 379 4191; x_wconf 69' lang='grc'><strong>111123.</strong></span> 
     </span>
     <span class='ocr_line' id='line_1_37' title="bbox 82 4219 351 4286; baseline 0.019 -19"><span class='ocrx_word' id='word_1_298' title='bbox 82 4236 84 4240; x_wconf 51' lang='lat'><em>⁷</em></span> <span class='ocrx_word' id='word_1_299' title='bbox 114 4219 151 4286; x_wconf 81' lang='grc'><strong>(1)</strong></span> <span class='ocrx_word' id='word_1_300' title='bbox 169 4221 297 4272; x_wconf 82' lang='lat' dir='ltr'><strong>loanxx.</strong></span> <span class='ocrx_word' id='word_1_301' title='bbox 309 4226 351 4272; x_wconf 72' lang='lat'><strong>22.</strong></span> 
     </span>
     <span class='ocr_line' id='line_1_38' title="bbox 115 4304 367 4372; baseline 0.02 -19"><span class='ocrx_word' id='word_1_302' title='bbox 115 4304 152 4372; x_wconf 83' lang='lat'><strong>(5)</strong></span> <span class='ocrx_word' id='word_1_303' title='bbox 171 4305 234 4358; x_wconf 89' lang='lat' dir='ltr'><strong>Luc.</strong></span> <span class='ocrx_word' id='word_1_304' title='bbox 245 4308 314 4361; x_wconf 83' lang='lat' dir='ltr'><strong>xxiv.</strong></span> <span class='ocrx_word' id='word_1_305' title='bbox 326 4310 367 4360; x_wconf 80' lang='lat'><strong>50.</strong></span> 
     </span>
     <span class='ocr_line' id='line_1_39' title="bbox 30 4389 383 4457; baseline 0.017 -18"><span class='ocrx_word' id='word_1_306' title='bbox 30 4414 35 4421; x_wconf 93' lang='lat'><strong>·</strong></span> <span class='ocrx_word' id='word_1_307' title='bbox 114 4389 226 4457; x_wconf 83' lang='lat' dir='ltr'><strong>(6)an</strong></span> <span class='ocrx_word' id='word_1_308' title='bbox 238 4394 307 4448; x_wconf 85' lang='lat' dir='ltr'><strong>xviii.</strong></span> <span class='ocrx_word' id='word_1_309' title='bbox 321 4397 383 4448; x_wconf 53' lang='lat' dir='ltr'><strong>let</strong></span> 
     </span>
     <span class='ocr_line' id='line_1_40' title="bbox 113 4477 1266 4550; baseline 0.016 -22"><span class='ocrx_word' id='word_1_310' title='bbox 113 4477 151 4544; x_wconf 85' lang='grc'><strong>(7)</strong></span> <span class='ocrx_word' id='word_1_311' title='bbox 170 4479 326 4531; x_wconf 86' lang='lat' dir='ltr'><strong>Oxonienses</strong></span> <span class='ocrx_word' id='word_1_312' title='bbox 342 4482 368 4531; x_wconf 91' lang='lat' dir='ltr'><strong>id</strong></span> <span class='ocrx_word' id='word_1_313' title='bbox 388 4483 435 4533; x_wconf 85' lang='lat' dir='ltr'><strong>ulte</strong></span> <span class='ocrx_word' id='word_1_314' title='bbox 454 4485 593 4550; x_wconf 74' lang='lat' dir='ltr'><strong>predicant,</strong></span> <span class='ocrx_word' id='word_1_315' title='bbox 604 4493 628 4536; x_wconf 89' lang='lat' dir='ltr'><strong>ct</strong></span> <span class='ocrx_word' id='word_1_316' title='bbox 646 4489 827 4541; x_wconf 87' lang='lat' dir='ltr'><strong>Tertullianum</strong></span> <span class='ocrx_word' id='word_1_317' title='bbox 847 4499 872 4542; x_wconf 87' lang='lat' dir='ltr'><strong>et</strong></span> <span class='ocrx_word' id='word_1_318' title='bbox 892 4489 1013 4542; x_wconf 86' lang='lat' dir='ltr'><strong>Busilium</strong></span> <span class='ocrx_word' id='word_1_319' title='bbox 1034 4491 1160 4545; x_wconf 86' lang='lat' dir='ltr'><strong>adducunt</strong></span> <span class='ocrx_word' id='word_1_320' title='bbox 1178 4501 1266 4546; x_wconf 85' lang='lat' dir='ltr'><strong>testes:</strong></span> 
     </span>
    </p>
   </div>
   <div class='ocr_carea' id='block_1_6' title="bbox 85 4555 1320 4784">
    <p class='ocr_par' dir='ltr' id='par_1_11' title="bbox 85 4555 1320 4784">
     <span class='ocr_line' id='line_1_41' title="bbox 86 4555 1265 4646; baseline 0.015 -32"><span class='ocrx_word' id='word_1_321' title='bbox 86 4555 235 4617; x_wconf 73' lang='lat' dir='ltr'><strong>deendor</strong></span> <span class='ocrx_word' id='word_1_322' title='bbox 251 4565 292 4616; x_wconf 86' lang='lat' dir='ltr'><strong>the</strong></span> <span class='ocrx_word' id='word_1_323' title='bbox 304 4565 405 4618; x_wconf 82' lang='lat' dir='ltr'><strong>Ohurch</strong></span> <span class='ocrx_word' id='word_1_324' title='bbox 417 4583 468 4620; x_wconf 77' lang='lat' dir='ltr'><strong>was</strong></span> <span class='ocrx_word' id='word_1_325' title='bbox 478 4571 576 4622; x_wconf 86' lang='lat' dir='ltr'><strong>derived</strong></span> <span class='ocrx_word' id='word_1_326' title='bbox 587 4572 648 4622; x_wconf 77' lang='lat' dir='ltr'><strong>{rom</strong></span> <span class='ocrx_word' id='word_1_327' title='bbox 667 4574 709 4624; x_wconf 89' lang='lat' dir='ltr'><strong>the</strong></span> <span class='ocrx_word' id='word_1_328' title='bbox 729 4576 851 4641; x_wconf 88' lang='lat' dir='ltr'><strong>Apostles,</strong></span> <span class='ocrx_word' id='word_1_329' title='bbox 874 4576 923 4628; x_wconf 86' lang='lat' dir='ltr'><strong>end</strong></span> <span class='ocrx_word' id='word_1_330' title='bbox 940 4593 991 4628; x_wconf 83' lang='lat' dir='ltr'><strong>vves</strong></span> <span class='ocrx_word' id='word_1_331' title='bbox 1007 4579 1081 4630; x_wconf 81' lang='lat' dir='ltr'><strong>based</strong></span> <span class='ocrx_word' id='word_1_332' title='bbox 1100 4595 1135 4631; x_wconf 88' lang='lat' dir='ltr'><strong>on</strong></span> <span class='ocrx_word' id='word_1_333' title='bbox 1150 4581 1265 4646; x_wconf 80' lang='lat' dir='ltr'><strong>religione</strong></span> 
     </span>
     <span class='ocr_line' id='line_1_42' title="bbox 85 4642 1320 4784; baseline 0.019 -86"><span class='ocrx_word' id='word_1_334' title='bbox 85 4642 204 4714; x_wconf 70' lang='lat' dir='ltr'><strong>principles</strong></span> <span class='ocrx_word' id='word_1_335' title='bbox 215 4651 264 4702; x_wconf 85' lang='lat' dir='ltr'><strong>end</strong></span> <span class='ocrx_word' id='word_1_336' title='bbox 275 4651 421 4704; x_wconf 57' lang='lat' dir='ltr'><strong>doctrines?</strong></span> <span class='ocrx_word' id='word_1_337' title='bbox 455 4654 531 4707; x_wconf 86' lang='lat' dir='ltr'><strong>&#39;l&#39;ract</strong></span> <span class='ocrx_word' id='word_1_338' title='bbox 543 4660 585 4708; x_wconf 79' lang='grc'><strong>34</strong></span> <span class='ocrx_word' id='word_1_339' title='bbox 1270 4682 1320 4784; x_wconf 66' lang='lat'><strong><em>¹</em></strong></span> 
     </span>
    </p>
   </div>
   <div class='ocr_carea' id='block_1_7' title="bbox 0 0 1404 5092">
    <p class='ocr_par' dir='ltr' id='par_1_12' title="bbox 0 0 1404 5092">
     <span class='ocr_line' id='line_1_43' title="bbox 0 0 1404 5092; baseline 0 0"><span class='ocrx_word' id='word_1_340' title='bbox 0 0 1404 5092; x_wconf 95' lang='lat' dir='ltr'><strong> </strong></span> 
     </span>
    </p>
   </div>
  </div>
 </body>
</html>
