2798 5092
360 340 418 401 DE
439 341 821 429 SAGRAMENTORUM
843 344 1036 408 NUMERO.
1151 325 1156 331 ι
1226 352 1283 409 tou

98 498 232 559 catholici
259 499 377 574 quidem
400 501 573 561 missiouarii
595 501 630 561 de
657 503 859 563 nonnullorum
887 507 1127 566 sacramentorum
1155 507 1286 585 neglectu

95 596 162 674 apud
176 597 301 657 Graecos
324 597 431 656 aliosve
444 602 539 673 questi
553 600 625 668 sint,
640 601 761 678 contigit
774 620 812 658 er
825 603 930 661 rituum
944 602 1126 662 diversitate:
1148 623 1178 663 re
1192 598 1287 664 tamen

95 693 239 772 diligenter
253 695 434 773 investigata,
447 697 564 773 prolatis
579 696 692 766 tubulis,
707 698 802 756 omnis
816 697 963 758 dubitandi
976 701 1047 758 ratio
1061 701 1170 759 sublata
1183 711 1236 760 est.

131 796 177 853 19.
202 792 272 872 obj.
288 796 317 853 9.
339 794 469 871 cyrillus
494 794 625 863 Luceris,
648 797 808 872 patriarcha
828 797 1176 876 Constantinopolitanus,
1200 802 1286 877 juxta

77 906 79 912 ’
94 890 231 951 Ecclesiae
245 910 306 950 suae
320 891 419 961 fidem,
434 901 552 952 testatos
567 903 611 952 est
620 892 678 952 duo
693 901 801 954 tantum
815 912 880 953 esse
893 905 1078 955 sacramenta.

128 989 220 1068 Reap.
243 990 406 1068 Corruptus
420 1005 481 1050 erat
492 1010 561 1051 auro
579 992 762 1061 Batavorum,
776 1003 808 1052 ut
821 994 940 1070 patriam
954 994 1087 1071 proderet
1106 995 1192 1055 fidem
1207 1016 1215 1065 ;
1237 997 1289 1056 sed

93 1087 167 1147 brevi
181 1088 337 1164 impietatis
352 1105 451 1164 poenas
467 1088 615 1165 persolvit.
656 1088 731 1166 Ejus
743 1087 871 1149 fraudent
885 1089 1026 1148 ,ieremias
1037 1093 1196 1169 patriarcha
1210 1093 1288 1152 Con·

93 1185 357 1261 mnunopoliunus
380 1184 498 1251 detexit,
523 1186 608 1259 eique
627 1185 659 1244 in
683 1184 798 1262 synodo
820 1185 1085 1267 Hierosolymitana
1108 1207 1182 1247 auno
1209 1192 1285 1250 1672

93 1281 240 1341 mathema
261 1280 369 1340 idcirco
384 1281 491 1341 dictum
505 1292 558 1340 est.
601 1292 620 1320 ‘⁸
635 1282 796 1343 Anathema
810 1283 924 1360 Cyrillo
949 1302 1023 1343 nova
1048 1283 1182 1363 dogmata
1205 1286 1291 1346 sabri-

93 1379 173 1461 uenti⁸
188 1390 218 1438 et
230 1378 358 1438 credenti
371 1384 435 1437 non
451 1397 516 1437 esse
539 1397 576 1438 ex
599 1379 774 1439 institutione
796 1379 867 1439 Jesu
893 1379 1014 1449 Christi,
1036 1400 1131 1455 neque
1148 1401 1186 1441 ex
1205 1401 1290 1459 apos·

52 1484 58 1502 '
94 1476 173 1537 toliee
185 1475 347 1544 traditione,
363 1476 502 1552 praxique
518 1485 653 1552 perpetua
665 1486 776 1552 septem
791 1477 926 1535 Ecclesia
939 1477 1148 1537 sacramenta.’'
1249 1492 1270 1533 e

127 1578 177 1632 20.
203 1571 272 1651 obj.
290 1576 337 1630 10.
362 1573 465 1631 Plures
480 1573 611 1632 doctores
637 1572 801 1632 scholastici
824 1583 1001 1633 sacramenta
1018 1575 1242 1635 confirmationis
1262 1584 1301 1634 et

97 1681 227 1729 extremae
241 1668 384 1728 auctionis
399 1670 434 1727 ab
449 1669 595 1746 Apostolis
618 1670 746 1729 instituta
765 1688 830 1728 esse
851 1680 1044 1740 censueruntt
1066 1673 1125 1731 imo
1141 1674 1291 1733 coufirma-

97 1767 197 1827 tionem
212 1767 328 1825 nonnisi
343 1786 360 1824 a
375 1766 497 1824 concilio
512 1766 656 1826 Meldensi
672 1767 780 1827 saeculo
804 1786 881 1827 nono
902 1769 1059 1828 institutam
1086 1769 1184 1830 docuit
1206 1772 1292 1831 Alex·

97 1865 175 1924 ander
188 1865 318 1924 Alensis.
361 1865 419 1922 Alii
434 1873 573 1942 negarunt
587 1865 799 1923 matrimonium
814 1864 944 1924 conferre
962 1867 1093 1943 gretiam.

128 1962 220 2042 Reap.
242 1962 355 2022 Omue's
374 1961 508 2021 doctores
522 1961 686 2020 scholastici
698 1971 808 2038 septem
825 1974 1001 2039 agnoverunt
1021 1975 1218 2034 sacramenta;
1240 1966 1293 2024 sed

99 2061 222 2122 nonnulli
244 2060 280 2119 de
302 2061 480 2118 institutione
505 2079 604 2118 eorum
627 2059 812 2132 inquirentes,
835 2068 968 2136 putarunt
997 2061 1242 2119 confirmationem
1264 2073 1293 2120 et

98 2167 247 2216 extremam
261 2157 426 2214 unctionem
442 2174 498 2213 non
513 2155 603 2215 luisse
624 2175 641 2212 a
663 2155 780 2213 Christo
802 2155 931 2213 Domino
951 2153 1123 2214 immediate
1143 2157 1290 2216 instituta:

99 2271 153 2328 quar
167 2254 314 2313 tamenab
329 2252 476 2329 Apostolis
488 2254 572 2329 juxta
587 2263 755 2329 potestatem
769 2252 825 2310 sibi
840 2253 1024 2311 commissam
1043 2261 1146 2311 atatuta
1166 2272 1285 2313 censue·

99 2363 165 2413 runt.
207 2352 254 2412 De
277 2353 419 2411 sententia
444 2351 599 2410 Alexandri
625 2352 738 2410 Alensis
762 2370 821 2411 uon
846 2369 946 2410 sumus
967 2351 1039 2410 adeo
1066 2352 1181 2419 soliciti,
1204 2371 1292 2425 quom

98 2451 172 2511 heile
196 2450 345 2527 contingat
364 2448 510 2507 doctorem
535 2449 677 2526 privatum
699 2467 802 2507 errare.
844 2449 948 2526 Inopia
967 2460 1094 2509 veterum
1109 2449 1294 2510 documento·

97 2566 162 2616 mm,
178 2566 236 2623 qua
249 2566 303 2605 sua
317 2557 383 2604 aetas
398 2528 552 2614 laborabat,
561 2547 736 2604 existimavit
749 2544 913 2605 Alexander
927 2546 1063 2612 chrisma,
1077 2547 1107 2604 in
1122 2564 1180 2620 quo
1194 2566 1293 2607 essen·

98 2644 159 2705 &m
172 2643 402 2703 confirmationis
418 2643 582 2718 reponebat,
598 2660 662 2699 esse
677 2643 837 2700 institutum
852 2660 891 2700 ex
905 2642 1030 2719 Spiritus
1044 2642 1142 2701 Sancti
1158 2644 1292 2704 instinctu

98 2741 269 2802 inconcilio
297 2740 454 2799 Meldensi.
496 2740 579 2806 Quod
602 2738 756 2797 Durandus
785 2739 960 2797 matrimonii
987 2750 1194 2798 sacramentum
1224 2760 1289 2800 esse

98 2839 249 2900 remedium
274 2836 527 2915 concupiscentie,
542 2837 639 2913 potius
664 2854 750 2908 quam
764 2835 860 2911 gratie
876 2833 1037 2894 subsidium
1058 2837 1211 2905 censuerit,
1226 2857 1293 2898 con·

99 2939 153 3016 tigit
164 2939 238 3014 quin
250 2944 371 3014 negaret
383 2935 502 3012 gratiam
517 2952 552 2993 eo
567 2933 701 2991 conferri.

547 3161 837 3204 Attmnuvnnstortns.

130 3333 179 3389 21.
199 3326 291 3387 Fides
305 3324 391 3384 docet
406 3322 558 3383 Christum
579 3339 643 3380 esse
666 3331 906 3381 sacramentorum
927 3328 1093 3390 auctorem3
1115 3320 1166 3380 sed
1186 3321 1290 3382 imme·

100 3425 174 3488 doto
187 3426 332 3487 institutio
345 3424 475 3482 omnium
486 3423 516 3481 iu
532 3423 721 3494 questionem
743 3420 812 3479 olim
834 3428 932 3479 vocata
952 3431 1006 3488 est,
1021 3421 1224 3498 quamvisjam
1239 3424 1289 3481 ob·

100 3524 188 3584 tineat.
232 3522 377 3598 Equidem
392 3530 575 3579 nonconstat
589 3518 735 3595 Apostolis
759 3528 865 3576 mutam
889 3536 906 3575 a
931 3517 1050 3576 Christo
1071 3516 1200 3576 traditam
1223 3536 1289 3578 esse

100 3633 262 3700 potestetem
287 3631 319 3679 nt
332 3620 449 3697 gratiam
464 3618 547 3695 signo
562 3617 667 3675 visibili
682 3615 872 3683 adnecterent,
889 3633 977 3689 quom
992 3615 1049 3691 ipsi
1063 3611 1178 3675 nonnisi
1193 3618 1291 3676 minis·

100 3731 151 3782 tros
171 3731 201 3780 et
221 3719 435 3797 dispensatores
456 3734 487 3773 se
508 3714 680 3773 exhibeant:
704 3713 784 3770 “Sic
806 3731 858 3771 nos
872 3713 1018 3770 existimet
1032 3713 1132 3782 homo,
1148 3724 1179 3772 ut
1193 3716 1290 3773 minis-

102 3828 153 3880 tros
168 3819 292 3886 Christi,
303 3826 332 3874 et
346 3800 557 3891 dispensatores
572 3812 773 3888 mysteriorum
790 3808 889 3869 Dei.'’¹
931 3810 1021 3868 Vetus
1034 3811 1081 3869 ille
1096 3825 1193 3870 auctor
1206 3813 1293 3868 libro-⁴

101 3936 157 3979 mm
171 3919 207 3977 de
222 3915 416 3975 Sacramentis
431 3913 489 3970 ait:
523 3912 660 3969 “Auctor
673 3919 913 3983 sacramentorum
927 3909 992 3981 quis
1006 3918 1060 3979 est,
1074 3910 1131 3969 nisi
1148 3908 1289 3967 Dominus

103 4014 179 4077 lesus
187 4016 237 4074 i''¹
257 4011 437 4092 Augustinus
446 4010 532 4068 etiam
544 4007 580 4066 ad
591 4008 740 4066 Christum
751 4026 785 4064 ea
798 4002 901 4065 referte
917 4014 936 4042 ‘⁴
946 4008 991 4064 Ab
1003 4007 1066 4085 ipso
1077 4006 1133 4065 Dei
1145 4004 1290 4080 Sapientia

104 4111 209 4173 domine
233 4114 393 4186 assumpto,
419 4125 435 4163 a
457 4124 514 4178 quo
533 4106 563 4164 in
583 4104 740 4162 libertatem
763 4103 856 4162 vocati
877 4121 988 4170 sumus,
1010 4122 1100 4180 pauca
1114 4110 1290 4159 sacramenta

106 4210 276 4270 saluberrima
289 4205 447 4268 constituta
459 4216 537 4271 sunt,
553 4221 615 4275 quae
630 4201 795 4259 societatem
811 4199 958 4259 christiani
972 4199 1082 4278 populi,
1100 4199 1155 4256 hoe
1176 4206 1220 4256 est
1234 4199 1288 4257 sub

108 4320 157 4367 tno
168 4308 230 4367 Deo
242 4308 339 4367 liberae
356 4299 546 4360 multitudinis
560 4294 787 4356 continerent.'’⁸

500 4490 542 4556 (l)
565 4493 576 4538 l
591 4487 647 4536 Cor.
660 4487 692 4536 iv.
704 4486 721 4535 i.

497 4579 537 4642 (2)
557 4576 612 4626 Lib.
623 4576 656 4624 iv.
664 4575 694 4623 do
705 4572 772 4622 Sscr.
779 4587 801 4622 c.
811 4570 844 4621 ir.

496 4663 538 4728 (3)
559 4662 588 4712 L.
599 4662 629 4712 de
639 4676 697 4710 vere
708 4658 761 4708 Rel.
771 4673 793 4710 o.
804 4655 864 4706 xvii.
