2798 5092
506 120 563 181 DE
585 120 866 183 Punuarottto.
1217 132 1276 188 967

66 288 184 340 vantur
197 278 351 359 preoibnst
370 279 507 354 “Neque
521 281 681 358 negandum
695 279 761 339 esd’
774 279 879 359 (inquit
889 281 967 360 ipse)
976 290 997 321 ‘⁸
1006 280 1203 345 defunctorum
1214 287 1275 345 ani·

67 396 144 437 mus
156 377 265 455 pietate
273 364 389 436 duorum
400 378 555 437 viventium
567 378 696 442 relevari.
710 396 776 437 oum
790 396 842 455 pro
853 378 911 436 illis
921 380 1093 440 sacrificium
1107 381 1275 443 Mediatoris

66 476 269 544 offerturam
279 476 469 552 eleemosynae
481 477 510 534 in
520 476 652 535 Ecclesia
662 476 782 535 fiunt.¹'²
817 478 856 536 Et
867 478 940 551 inter
950 476 1083 555 dogmata
1095 481 1175 539 Aorii
1188 480 1275 538 hare-

67 574 128 633 tici
147 573 306 641 recensuit,
328 582 349 611 ⁸⁶
361 571 451 631 Orare
465 574 511 632 vel
522 572 625 632 offerre
647 592 699 650 pro
714 575 833 632 mortuis
844 574 1017 633 oblationem
1032 594 1091 633 non
1102 575 1280 652 oportere.”⁹
1323 567 1339 622 ⁰¹

65 672 188 731 Utrum
207 681 301 730 autem
316 672 448 748 Apostoli
459 670 494 729 ad
509 671 675 730 Corinthios
687 673 838 729 scatentiaa
851 670 887 730 de
898 672 1040 730 salvandis
1055 674 1227 750 perignem,
1243 674 1279 733 ad

62 769 243 846 purgatorii
258 785 357 844 pronas
372 767 517 826 reserenda
531 768 612 835 foret,
625 786 731 844 anceps
746 768 830 826 haesit
843 768 1041 842 aliquamdiu.⁴

115 866 172 921 57.
193 859 262 938 obj.
278 864 324 919 rt.
340 860 528 919 Consuetudo
536 860 636 918 orandi
650 879 701 938 pro
716 863 834 919 mortuis
845 873 907 919 orta
919 871 963 919 est
976 880 1013 919 ex
1022 863 1205 938 persuasione
1219 865 1278 921 ani·

61 960 186 1018 mabns
210 956 412 1016 beatitudinem
438 958 554 1017 nonnisi
576 958 606 1015 in
628 956 674 1014 dia
690 956 794 1034 judicii
821 958 1018 1017 tribuendam:
1049 959 1162 1017 interim
1183 970 1279 1017 nmen

61 1057 274 1117 credebantur
282 1057 376 1129 quiete
390 1055 524 1133 gaudere,
540 1074 593 1115 nec
604 1056 662 1114 ulla
675 1056 751 1114 affici
765 1074 867 1132 poena:
890 1055 966 1130 quod
980 1056 1065 1133 longe
1077 1055 1172 1115 differt
1185 1074 1203 1115 a
1214 1076 1280 1134 pur-

57 1154 188 1231 gatorii
203 1154 335 1211 notione.
378 1152 421 1211 lta
436 1152 631 1212 oxonienses.
1147 1168 1150 1173 ·

111 1250 214 1329 Reap.
237 1249 424 1309 Consuetudo
438 1252 489 1308 toti
503 1250 642 1308 Ecclesia
656 1250 818 1308 eommunis
831 1269 888 1308 non
904 1262 998 1327 potest
1012 1251 1148 1326 explicari
1165 1263 1279 1311 senten·

60 1352 113 1409 tie
128 1350 185 1409 illa
200 1348 280 1417 falsu,
294 1367 359 1423 quae
372 1368 438 1407 enm
452 1348 561 1406 euteria
575 1347 722 1425 Vigilantii
732 1348 875 1407 erroribus
884 1350 988 1408 saeculo
1000 1351 1100 1422 quinto
1111 1350 1215 1426 rejecta
1224 1361 1280 1406 est.

56 1444 272 1507 Ostendimus
289 1447 350 1524 jam
364 1465 401 1505 ax
416 1446 562 1522 Scriptura
574 1456 604 1503 et
628 1443 776 1504 traditione
798 1448 908 1503 animas
935 1446 1072 1523 perlectas
1096 1446 1192 1504 statim
1214 1456 1280 1522 post

59 1545 237 1615 divortium
261 1563 278 1602 a
299 1562 428 1622 corpore,
452 1542 529 1617 quod
553 1547 644 1602 morte
666 1544 814 1620 contingit,
837 1544 931 1601 beatas
959 1544 1031 1610 fieri,
1046 1554 1075 1602 et
1098 1543 1155 1601 Dei
1181 1544 1281 1603 donari

59 1645 206 1705 visione.
248 1643 316 1720 lpsa
329 1662 392 1717 qum
407 1643 581 1717 aliquamdiu
594 1641 735 1718 exagitata
748 1651 792 1699 est
806 1642 912 1700 saeculo
927 1642 1150 1715 quartodecimo
1165 1656 1280 1701 contro·
1378 1644 1382 1650 ’

59 1743 176 1803 varaia
189 1740 227 1801 de
241 1743 373 1802 essentia
394 1741 502 1802 divinae
515 1750 579 1799 ante
600 1739 677 1799 diem
692 1728 796 1817 judieii
817 1742 937 1808 visione,
953 1740 1155 1798 beatitudinem
1177 1758 1278 1799 earum

60 1861 145 1901 eum
161 1840 283 1901 Christo
298 1842 326 1900 in
341 1842 527 1915 questionem
542 1858 600 1898 non
613 1839 772 1898 revocabat.
794 1838 853 1897 Eas
869 1840 940 1898 iuter
956 1850 984 1896 et
998 1840 1107 1896 animas
1121 1838 1278 1897 levioribus

64 1940 207 1999 maculis
224 1941 386 2013 inquinatas
412 1939 567 1998 discrimen
589 1938 771 1997 manifestum
784 1939 818 1996 fit
831 1947 891 1996 tum
906 1937 935 1996 in
956 1948 1066 2015 patrum
1081 1937 1206 2014 seriptis,
1221 1948 1281 1996 tum

60 2038 112 2095 in
126 2036 252 2114 liturgiis
277 2037 388 2095 illarnm
407 2037 486 2095 'enim
509 2036 600 2113 gloria
621 2035 788 2102 celebratur,
808 2045 837 2092 et
859 2035 1005 2093 invocatur
1029 2033 1215 2101 intercessi03
1236 2033 1281 2089 bis

60 2134 178 2207 quies,
191 2133 253 2201 lux,
269 2133 413 2191 beatitudo
427 2133 602 2209 imploratur.
632 2131 725 2198 Quam
740 2149 953 2208 propugnamus
969 2130 1122 2207 purgatorii
1137 2129 1282 2188 notionem

57 2249 121 2290 ex
133 2219 246 2311 patrum
260 2232 385 2306 seriptis,
401 2232 505 2301 quibus
519 2240 547 2290 et
561 2230 771 2305 Scripturarum
786 2248 888 2288 sensus
903 2230 1068 2295 illustratur,
1081 2227 1283 2303 derivavimus.

126 2330 174 2386 ⁶8.
199 2324 267 2405 ooj.
286 2328 331 2384 152
354 2326 485 2383 Varietas
508 2323 710 2382 sententiarum
733 2322 768 2381 de
794 2326 949 2402 purgatorii
973 2325 1078 2402 paenis,
1098 2324 1133 2383 de
1160 2344 1278 2403 precum

51 2426 213 2494 utilitate,
228 2424 306 2484 etde
320 2425 478 2483 animarum
494 2423 636 2500 justarum
654 2431 719 2498 post
733 2432 853 2480 mortem
865 2432 937 2481 statu
952 2434 1018 2481 ante
1032 2408 1280 2491 resurrectionem,

45 2520 209 2580 ostendit
222 2520 293 2581 nihil
307 2523 376 2578 certi
391 2519 426 2578 de
440 2518 476 2576 iis
491 2536 528 2576 ex
542 2517 691 2575 traditione
707 2516 751 2574 vel
768 2518 915 2594 Scriptura
929 2529 1071 2578 constare.

78 2642 81 2647 ·
125 2618 212 2698 Κεφ.
236 2619 269 2679 ln
291 2637 327 2677 eo
348 2636 466 2676 concors
481 2617 610 2674 omnium
625 2625 668 2672 est
690 2616 831 2672 sententia
852 2626 880 2672 et
903 2615 1042 2681 doctrina,
1059 2617 1198 2676 orandum
1213 2636 1278 2676 esse

44 2726 139 2785 pro
150 2704 302 2784 defunctis,
317 2717 409 2788 iisqne
425 2713 572 2771 utilitatem
588 2729 721 2788 magnam
748 2729 785 2768 ex
800 2712 932 2787 precibus
955 2711 1095 2771 Ecclesia
1117 2716 1278 2790 provenire,

44 2822 190 2889 fiasque
204 2815 289 2893 plena
305 2824 436 2891 purgatas
451 2811 485 2868 ad
500 2809 702 2868 beatitudinem
718 2819 777 2866 tum
793 2807 908 2867 demum
922 2809 1050 2868 transire.
1093 2811 1179 2878 Quod
1200 2814 1224 2870 si
1241 2812 1277 2871 de

46 2920 235 2977 portarum
262 2928 367 2988 genere
382 2908 426 2966 vel
448 2909 557 2967 ratione
571 2925 629 2965 non
651 2904 721 2963 adeo
736 2906 810 2964 elare
825 2906 870 2964 vel
891 2915 1054 2966 constanter
1067 2924 1168 2965 omnes
1192 2908 1280 2967 locuti

48 3004 156 3077 aiut,
170 3009 311 3087 dogmatis
326 3005 487 3066 certitudini
502 3024 560 3064 non
575 3005 678 3072 obstat,
694 3022 783 3078 quum
798 3003 834 3063 ds
849 3005 883 3063 iis
898 3005 971 3064 nihil
985 3014 1129 3077 tamquam
1150 3005 1207 3062 fide
1221 3022 1280 3063 ore·

55 3098 215 3167 dantum
230 3107 363 3166 tradatur.

141 3210 185 3265 llll.
210 3204 277 3283 Obj.
296 3208 341 3263 ln.
364 3202 522 3279 Purgatorii
536 3202 615 3261 notio
630 3219 667 3259 ex
681 3201 869 3260 Etbnioorum
889 3201 923 3259 da
937 3201 1023 3259 altera
1036 3201 1092 3258 vita
1105 3200 1207 3259 fabulis
1220 3210 1281 3260 orta

55 3310 146 3368 est.
161 3304 277 3363 latente
299 3303 394 3360 animo
409 3301 438 3359 in
461 3299 608 3358 defunctos
634 3317 796 3375 propenso;
818 3299 861 3357 sic
882 3300 958 3358 enirn
984 3299 1115 3357 homines
1143 3298 1278 3358 instinctu

58 3398 211 3462 quodam
226 3410 333 3457 naturae
349 3397 383 3454 iis
399 3395 526 3469 requiem
541 3405 736 3472 appreeantur.

130 3490 213 3575 Reap.
235 3497 307 3563 Quae
322 3492 396 3572 apud
410 3493 551 3552 Ethnicos
565 3492 697 3569 leguntur
710 3492 745 3551 de
759 3492 916 3551 animarum
930 3492 1093 3570 expiatione
1109 3492 1143 3551 ad
1160 3496 1275 3570 primae·

65 3596 155 3655 Vtin
177 3594 356 3653 traditionem
379 3592 480 3651 merito
505 3589 673 3659 referuntur,
688 3591 770 3668 eujus
793 3589 912 3667 vestigia
935 3590 967 3648 in
988 3589 1121 3649 omnibus
1145 3592 1278 3669 gentibus

72 3693 210 3763 reperire
220 3702 273 3751 est.
296 3691 441 3749 Gaeterum
454 3689 489 3761 ab
504 3688 550 3755 iis,
561 3707 624 3761 quae
639 3688 673 3746 de
690 3688 850 3765 purgatorio
865 3697 995 3747 tenemus
1010 3687 1085 3747 haud
1100 3687 1254 3747 didicimus
1267 3708 1274 3757 ;

76 3783 141 3841 Sed
153 3788 333 3848 christianam
347 3788 496 3861 sequimur
511 3784 689 3844 traditionem
703 3796 731 3845 et
746 3786 842 3851 fidem,
853 3784 976 3845 solemni
988 3786 1064 3845 cultu
1080 3807 1095 3844 a
1112 3785 1275 3862 primordiis

82 3870 226 3951 Ecclesia
240 3884 457 3944 manifestatam.
481 3883 550 3943 Non
564 3895 666 3942 uostrae
676 3884 780 3961 mentis
792 3881 973 3960 cogitatione,
988 3902 1040 3942 neo
1052 3902 1137 3942 sensu
1148 3881 1274 3954 quodam

355 4096 397 4163 (1)
416 4094 592 4146 linthiamix.

354 4182 395 4246 (2)
417 4179 472 4229 Lib.
484 4180 514 4230 de
526 4178 592 4229 Har.

357 4268 393 4325 (3)
415 4263 498 4314 lOor.
517 4265 551 4314 iii,

358 4353 394 4414 (4)
413 4351 442 4400 L.
454 4351 484 4401 de
496 4351 543 4400 fida
554 4359 579 4400 et
596 4364 668 4415 opere
679 4364 701 4398 e.
712 4348 761 4397 xvi.
