2798 5092
331 161 336 169 .
403 112 462 173 nu
481 96 696 177 ruusouou
717 110 955 171 auruncus.
1216 111 1278 171 cra

117 274 178 329 82·
193 268 262 348 obj.
280 274 327 329 il.
348 271 381 328 Si
395 281 500 329 aeterna
514 271 571 328 sint
585 269 779 328 damnatorum
794 269 948 346 supplicia,
960 269 1040 343 neque
1055 269 1211 346 puniuntur
1222 270 1272 342 qui

68 365 166 425 semel
181 365 256 444 lapsi
271 366 385 436 fuerint,
400 378 430 425 et
444 368 494 441 qui
509 377 595 426 totam
611 368 697 426 vitam
712 366 790 425 omni
804 365 945 425 scelerum
966 383 1070 443 genere
1091 383 1123 424 se
1144 366 1271 439 inquina-

71 462 178 521 verint.

113 557 206 637 Reap.
229 559 365 618 Minime.
396 559 519 618 Duratio
542 568 586 615 est
611 558 721 626 eadem,
736 557 787 616 sed
809 576 866 616 non
889 556 995 615 doloris
1009 557 1053 614 vis
1074 566 1102 614 et
1121 559 1270 616 cmciatus.

64 656 301 730 “Nequaquam
318 657 436 716 tamen”
451 656 650 716 animadvertit
663 656 771 733 optime
793 656 981 734 Augustinus,
1004 654 1195 732 “negandum
1216 666 1269 723 eat,

63 755 160 812 etiam
177 754 274 831 ipsum
289 768 426 813 aeternnm
442 756 537 832 ignem
560 772 612 832 pro
626 753 787 813 diversitate
804 754 966 812 meritomm
988 753 1117 826 quamvis
1131 753 1271 812 malorum

47 851 140 929 'aliis
155 851 305 920 leviorem,
321 853 384 910 aliis
405 852 529 911 futurum
552 869 617 910 esso
643 854 811 930 graviorem,
835 852 895 909 sive
915 851 1005 928 ipsius
1021 850 1063 907 vis
1085 859 1168 923 atque
1189 849 1273 908 ardor

55 968 122 1026 pro
155 967 242 1026 poena
264 948 349 1027 digna
370 951 509 1027 cujusque
524 949 656 1031 varietur,
676 951 739 1009 sive
764 951 826 1028 ipse
846 947 993 1024 acqualiter
1010 948 1114 1015 ardeat,
1137 946 1188 1005 sed
1210 965 1269 1006 nou

59 1048 178 1122 aequali
193 1050 325 1109 molestia
339 1047 522 1108 sentiatur.”¹
1120 1042 1121 1047 ¹

559 1226 793 1270 Anrmauvsuero.

108 1371 163 1426 83.
186 1366 232 1425 De
246 1384 351 1443 genere
365 1367 572 1443 suppliciorum
588 1369 691 1443 quibus
713 1366 870 1446 puniuntur
890 1366 1025 1435 damnati,
1041 1366 1147 1426 nullam
1169 1365 1269 1424 defini·

59 1471 183 1524 tionem
200 1464 317 1542 protulit
331 1463 475 1533 Ecclesia,
490 1483 554 1538 quaa
569 1478 665 1525 tamen
685 1466 840 1542 Scriptum
856 1482 941 1523 vocas
963 1474 1125 1524 constanter
1146 1463 1270 1522 adhibet.

61 1563 154 1622 Iluic
170 1561 359 1622 insistendum
374 1563 520 1640 exemplo,
535 1573 563 1622 et
577 1564 613 1623 de
624 1565 660 1622 iis
675 1563 782 1629 eaedem
797 1562 965 1622 adhibenda
980 1581 1076 1631 voces,
1090 1564 1158 1636 quin
1175 1562 1209 1620 ad
1224 1561 1269 1620 lit·

59 1673 163 1720 teram
180 1678 281 1722 omnes
303 1661 429 1736 pressius
452 1671 613 1738 urgeantur.
655 1661 752 1720 Poena
767 1661 862 1720 statim
876 1658 1079 1745 decedentibus
1100 1660 1131 1717 in
1152 1671 1270 1736 peccato
1361 1642 1362 1645 Ἴ

58 1757 187 1818 mortali
201 1758 371 1835 irrogantur,
383 1764 466 1834 juxta
481 1756 551 1816 illud
565 1758 737 1835 Evangelii:
760 1767 781 1794 “
791 1767 919 1815 mortuus
931 1767 975 1814 est
989 1756 1083 1822 divas,
1098 1767 1126 1814 et
1140 1756 1270 1833 sepultus

57 1868 121 1915 est.
131 1857 162 1914 in
176 1854 333 1914 inferno.”⁹
354 1864 374 1890 “
385 1855 505 1933 Excipit
516 1855 655 1933 impios‚''
669 1855 762 1929 inquit
772 1854 805 1912 S.
816 1853 956 1922 Hilarius,
970 1853 1091 1910 “statim
1102 1851 1175 1910 ultor
1187 1851 1276 1909 insen

57 1972 138 2020 mus,
155 1966 185 2011 et
204 1951 378 2012 decedentes
393 1951 428 2010 de
450 1971 568 2030 corpore
589 1951 740 2011 confestim
760 1950 796 2009 de
816 1951 862 2008 via
878 1951 957 2027 justa
977 1949 1120 2027 peribunt.
1163 1949 1269 2006 Testes

62 2052 159 2111 mobis
172 2062 239 2108 sunt
253 2049 407 2126 Evangelii
418 2049 498 2107 dives
514 2060 543 2108 et
555 2048 712 2127 pauper.”⁸
753 2047 838 2115 Quod
853 2058 947 2107 autem
962 2047 992 2106 in
1009 2045 1120 2124 judicio
1136 2042 1270 2103 Christus

59 2151 202 2208 dicturus
217 2151 272 2207 sit:
296 2158 314 2185 “
325 2148 471 2207 Discedite
486 2169 502 2206 a
517 2167 563 2206 me
577 2147 720 2207 maledicti
734 2147 764 2206 in
780 2147 876 2225 ignem
891 2143 1061 2214 aeternum‚”
1077 2144 1113 2203 ad
1135 2145 1265 2203 omnium

64 2246 263 2321 reprobomm
284 2256 389 2303 sortem
405 2243 610 2323 decernendam
632 2244 761 2310 refertur,
777 2247 826 2317 qui
841 2260 960 2319 corpora
974 2251 1002 2300 et
1016 2241 1111 2299 animo
1125 2227 1192 2299 sunt
1208 2259 1270 2298 oru-

72 2343 170 2404 ciandi
185 2344 214 2402 in
231 2362 335 2413 oevum,
350 2362 437 2416 quum
461 2343 637 2421 singulorum
653 2343 754 2402 anime
770 2354 852 2401 antea
870 2360 970 2419 poenas
984 2350 1092 2412 tantum
1105 2340 1192 2398 luant.
1235 2340 1270 2398 In

68 2442 207 2516 parabola
224 2441 321 2499 divitis
342 2439 377 2497 de
398 2440 503 2518 lingue
524 2442 649 2500 omciatu
662 2441 695 2498 fit
709 2441 834 2507 mentio;
857 2438 907 2496 sed
929 2437 1049 2515 singulae
1069 2439 1263 2514 parabolarum
1288 2487 1290 2490 .

70 2539 297 2621 circumstantie
321 2556 378 2597 non
397 2549 464 2595 sunt
487 2536 630 2614 urgendae.
656 2538 770 2610 quoties
793 2534 907 2593 aliunde
929 2546 1005 2592 certo
1027 2546 1138 2593 constat
1160 2554 1213 2592 eas
1236 2533 1272 2592 ad

79 2634 196 2698 litteram
214 2657 272 2696 non
288 2655 352 2694 ease
367 2633 557 2712 accipiendas.
1123 2637 1128 2649 ’

412 2831 454 2895 (l)
474 2829 581 2890 August.
592 2827 623 2877 de
633 2829 679 2878 cir.
691 2826 747 2878 Dei.
760 2826 776 2878 1.
787 2825 830 2876 xxi
842 2839 863 2876 c.
874 2823 925 2876 xvi.

406 2915 449 2980 (2)
469 2912 531 2965 Luc.
541 2913 590 2962 xvi.
602 2916 644 2962 22.

407 3000 449 3065 (3)
469 2999 499 3050 In
512 2998 552 3048 Ps.
565 2997 590 3051 ii.
