2798 5092
400 367 456 428 DE
471 365 753 426 -SACRAMENTI
772 362 1000 428 VERITATE.
1116 380 1125 393 ·
1263 374 1299 429 lb

96 529 218 588 coetibus
232 528 349 586 scilicet
369 526 498 605 singulis,
514 527 641 584 tribuunt
654 527 847 584 auctoritatem
861 527 982 587 formam
1003 526 1145 588 statuendi
1159 537 1187 586 et
1201 528 1298 587 condi·

98 627 192 684 tiones
208 624 405 683 ordinationis.
441 624 567 691 Quakeri
578 644 692 683 omnem
709 624 892 683 ordinationis
908 627 991 684 ritum
1007 637 1153 702 respuunt,
1169 627 1296 693 cuilibet,

100 744 187 798 quem
203 725 331 800 Spiritus
347 724 519 790 excitaverit,
535 725 643 797 absque
665 742 752 781 sexus
776 723 822 781 vel
843 725 932 782 aetatis
947 724 1123 790 discrimine,
1134 725 1184 801 jus
1200 725 1299 802 praedi-

101 823 187 881 candi
201 821 391 880 vindicantes.
432 820 540 879 Dicunt
562 840 735 895 quemquam
753 822 924 889 ministrnm,
943 835 1096 899 pastorem,
1111 834 1139 880 et
1153 823 1299 881 doctorem

100 925 134 980 in
147 921 282 979 Ecclesia
297 919 405 978 Christi
420 920 554 978 constitui
569 920 694 977 interiori
709 920 833 996 Spiritus
848 919 904 978 Dei
919 921 1041 978 virtute:
1064 939 1182 979 munera
1202 935 1297 980 autern

99 1017 151 1075 illa
164 1037 220 1074 non
235 1017 380 1075 aestimant
393 1035 457 1074 esse
472 1027 618 1093 perpetua,
641 1015 691 1073 sed
717 1037 733 1072 a
753 1017 926 1089 quibuslibet
949 1036 999 1093 pro
1023 1017 1298 1094 Spiritusinstinctu

100 1114 280 1183 exercenda;
304 1115 433 1187 quamvis
458 1133 516 1172 non
542 1126 645 1193 negent
670 1114 782 1186 aliquos
808 1114 959 1188 aliquando
983 1116 1073 1172 vocari
1096 1135 1112 1172 a
1134 1115 1243 1191 Spiritu
1265 1116 1299 1174 ad

100 1213 252 1271 continuos
269 1211 418 1270 ministerii
431 1212 552 1269 labores.
595 1211 715 1270 irrident
736 1221 828 1269 autem
851 1223 880 1269 et
894 1212 1027 1271 damnant
1048 1225 1132 1270 totam
1149 1213 1226 1272 illam
1241 1225 1298 1271 stu·

102 1309 215 1367 diorum
230 1309 380 1374 rationem,
396 1326 450 1381 qua
472 1307 603 1365 homines
618 1308 706 1365 sacris
729 1308 893 1365 muneribus
908 1307 1099 1384 suscipiendis
1115 1308 1211 1366 idonei
1225 1309 1301 1378 effici

101 1418 263 1474 censentur,
285 1417 314 1464 et
328 1407 397 1464 ritus
412 1407 514 1481 quibus
529 1425 608 1463 saera
622 1405 761 1464 donantur
783 1417 931 1482 potestate,
947 1407 977 1464 in
999 1408 1127 1465 ordinem
1143 1408 1298 1483 specialem

101 1506 251 1583 cooptati.2
291 1505 412 1563 Plurimi
432 1522 469 1562 ex
489 1504 665 1577 sectisque
687 1503 871 1563 ordinationis
893 1505 1044 1577 quemdam
1066 1506 1148 1564 ritum
1166 1507 1298 1574 retinent,

103 1622 269 1682 praeconum
284 1602 412 1661 officium
433 1602 603 1678 suscipiunt,
624 1620 660 1658 ex
685 1601 746 1660 sola
768 1602 891 1677 Spiritus
915 1622 1000 1676 quarn
1011 1605 1121 1681 jactant
1135 1606 1301 1662 vocatione:

105 1699 184 1774 quod
198 1711 226 1757 et
241 1699 314 1757 haud
330 1718 393 1756 raro
407 1698 564 1775 deponunt,
579 1709 610 1755 ut
630 1716 749 1756 munera
769 1699 864 1757 civilia
883 1701 1051 1776 suscipiant,
1067 1721 1130 1774 quae
1144 1702 1173 1760 in
1188 1703 1304 1775 quibus·

102 1796 173 1859 ⁴dam
188 1795 344 1873 provinciis
360 1814 425 1853 cum
442 1794 599 1852 ministerio
613 1812 693 1852 sacro
703 1795 839 1874 conjungi
854 1810 1007 1868 nequeunt.

147 1897 174 1951 3.
198 1892 243 1951 Ι)ο
257 1893 385 1950 sectariis
395 1891 552 1951 universim
562 1891 648 1948 verba
658 1891 828 1950 Tertulliani
840 1892 896 1950 dici
910 1905 1053 1969 possuntt
1071 1894 1304 1952 “Ordinationes

105 2009 205 2050 eorum
228 1991 395 2058 temeraria,
415 1990 505 2056 leves,
520 1990 732 2046 inconstantes:
763 2008 838 2047 nunc
859 1991 1022 2067 neophytos
1046 1992 1205 2058 conlocant,
1227 2011 1303 2050 nunc

105 2087 212 2147 saeculo
225 2089 388 2155 obstrictos,
402 2107 477 2146 nunc
492 2096 633 2163 apostatas
649 2094 771 2153 nostros,
787 2095 817 2143 ut
830 2087 919 2164 gloria
934 2105 984 2145 eos
999 2087 1134 2164 obligent,
1151 2089 1218 2160 quia
1231 2087 1304 2144 veri·

107 2193 165 2242 tate
178 2203 234 2242 non
248 2193 379 2260 possunt.
422 2184 574 2256 Nusquam
588 2180 700 2239 facilius
721 2182 868 2258 proficitur
882 2201 963 2255 quam
980 2184 1008 2240 in
1023 2183 1122 2240 castris
1144 2184 1302 2250 rebellium,

107 2279 158 2338 ubi
182 2280 277 2356 ipsum
298 2298 362 2337 esse
386 2280 443 2337 illic
466 2281 621 2357 promereri
644 2286 697 2334 est.
740 2278 839 2352 ltaque
862 2278 934 2337 alius
956 2279 1227 2357 hodieepiscopus,
1242 2299 1304 2339 oras

107 2376 204 2435 alius:
226 2376 312 2435 hodie
327 2376 475 2447 diaconus,
490 2380 537 2452 qui
561 2398 623 2437 cras
643 2379 732 2437 lector
741 2397 754 2434 r⁴
778 2375 864 2433 hodie
880 2376 1039 2454 presbyter,
1056 2377 1105 2450 qui
1121 2396 1182 2435 crae
1197 2377 1306 2436 laicus:
1341 2414 1345 2423 ·

108 2496 176 2537 nam
191 2486 220 2534 et
232 2476 312 2535 laicis
327 2476 514 2536 sacerdotalia
528 2479 624 2537 munia
638 2474 835 2555 injungunt.”³

150 2577 179 2632 4.
201 2574 340 2633 Ordinem
364 2592 415 2632 seu
439 2593 547 2633 sacram
577 2574 784 2633 ordinationem
810 2581 1019 2629 sacramentum
1048 2591 1112 2630 esse
1139 2571 1310 2632 definierunt

110 2683 206 2753 patres
220 2672 403 2731 Tridentini:
426 2672 489 2730 “Si
513 2674 577 2746 quis
592 2673 705 2740 dixerit,
728 2670 867 2736 ordinem,
889 2671 950 2727 sive
971 2689 1080 2728 sacram
1100 2670 1309 2731 ordinationem

109 2788 170 2828 non
194 2787 259 2827 esse
285 2787 351 2826 vere
377 2777 406 2826 et
426 2770 541 2846 proprie
566 2779 785 2833 sacramentum,
808 2787 824 2824 a
846 2765 964 2823 Christo
989 2766 1115 2825 Domino
1136 2768 1308 2835 institutum,

112 2865 160 2924 vel
173 2884 237 2924 esse
253 2866 421 2943 figmentum
437 2866 579 2939 quoddam
595 2867 763 2932 humanum,
782 2865 972 2940 excogitatum
995 2883 1012 2921 a
1031 2864 1098 2922 viris
1113 2873 1206 2923 rernm
1221 2866 1312 2924 eccle·

114 2965 292 3023 siasticarum
318 2964 468 3040 imperitis,
490 2976 537 3022 aut
562 2984 626 3022 esse
648 2975 756 3023 tantum
777 2963 862 3020 ritum
888 2962 1039 3034 quemdam
1065 2962 1189 3039 eligendi
1212 2965 1310 3022 minis·

111 3071 171 3119 tros
187 3061 265 3118 verbi
282 3059 336 3118 llei
351 3073 379 3117 et
399 3071 660 3118 sacramentorum:
682 3059 833 3117 anathema
855 3056 925 3116 sit.”
968 3058 1114 3130 “Siquis
1137 3059 1241 3116 dixerit
1261 3079 1311 3136 per

113 3176 222 3215 sacram
238 3156 444 3215 ordinationem
461 3177 518 3215 non
534 3157 593 3214 dari
615 3158 754 3233 Spiritum
769 3168 911 3233 sanctum,
933 3174 966 3211 ac
987 3153 1105 3231 proinde
1121 3154 1221 3212 frustra
1236 3157 1311 3231 epis·

113 3272 204 3332 copes
218 3253 331 3313 dicere:
354 3253 463 3331 Accipe
477 3255 617 3331 Spiritum
638 3268 788 3323 sanctum3
810 3265 858 3312 aut
879 3270 930 3329 per
945 3270 1008 3310 eam
1030 3270 1087 3309 non
1103 3251 1229 3329 imprimi
1246 3252 1311 3310 cha·

149 3511 191 3577 (l)
210 3517 226 3542 ‘⁶
233 3509 342 3574 Bishops
352 3509 401 3561 end
413 3510 538 3560 Ministers
549 3510 627 3574 ought
643 3518 669 3560 ιο
680 3510 710 3558 be
722 3507 875 3558 consecrated
888 3507 1018 3571 according
1029 3515 1054 3558 to
1064 3505 1126 3557 such
1142 3505 1212 3566 form,
1224 3508 1273 3557 eud
1280 3525 1314 3558 on

112 3597 174 3648 such
185 3597 322 3663 principles,
333 3613 361 3646 as
371 3597 413 3647 the
425 3596 553 3648 Churches
570 3598 628 3662 they
640 3613 680 3646 ere
697 3596 828 3661 appointed
845 3603 871 3645 to
888 3611 963 3653 serve,
976 3594 1053 3659 judgs
1072 3601 1137 3644 most
1152 3596 1276 3656 egreeeble
1287 3605 1312 3646 to

115 3683 242 3748 Scriptura
253 3683 302 3733 end
313 3681 458 3748 propriety.”
491 3683 622 3734 Uniturien
633 3682 786 3745 Miscelleny,
797 3681 845 3730 vol.
856 3697 879 3729 v.
890 3697 914 3746 p.
924 3683 983 3729 221.

151 3769 194 3837 (2)
213 3769 324 3819 “When
342 3767 400 3843 drop
413 3771 531 3819 essemble
547 3769 658 3831 together
676 3775 701 3818 ιο
721 3767 779 3817 weit
797 3783 863 3831 upon
883 3766 946 3825 God,
958 3765 1007 3815 end
1023 3774 1048 3815 to
1065 3765 1172 3833 worship
1182 3766 1230 3816 end
1243 3766 1314 3815 edore

115 3857 183 3918 uim,
199 3856 259 3907 then
270 3855 333 3907 such
344 3872 371 3905 es
382 3855 423 3905 the
434 3855 509 3920 Spirit
525 3864 575 3905 sets
587 3861 654 3920 apert
666 3854 703 3905 ior
714 3853 756 3903 the
768 3851 898 3920 Minislry,
911 3854 943 3917 by
955 3852 987 3902 its
997 3851 1080 3902 divine
1091 3868 1173 3917 power
1183 3852 1232 3902 end
1243 3851 1318 3901 influ-

115 3959 175 3995 enoe
185 3943 293 4008 opening
301 3942 364 3992 their
375 3941 481 4002 mouths,
493 3943 541 3992 end
553 3942 638 4005 giving
649 3941 716 3990 them
727 3949 752 3990 to
763 3939 857 3999 exhort,
867 3954 974 4004 reprom,
986 3938 1035 3989 end
1052 3939 1155 3990 instruct
1166 3937 1226 3988 with
1237 3937 1315 3988 virtue

116 4029 164 4080 end
175 4045 272 4095 power,
289 4028 358 4079 these
372 4044 412 4078 ere
423 4028 481 4079 thus
492 4028 607 4079 ordeined
618 4027 647 4076 of
660 4026 724 4085 God,
735 4025 784 4076 eud
796 4024 910 4075 admitted
922 4024 975 4074 into
992 4024 1034 4074 the
1046 4023 1176 4092 Minium,
1188 4023 1236 4074 end
1253 4025 1316 4076 their

117 4117 228 4167 bretltren
238 4126 329 4166 cannot
336 4116 380 4165 but
391 4115 449 4165 hear
459 4115 535 4175 them,
546 4114 639 4164 receive
649 4113 725 4172 them,
734 4112 782 4161 end
795 4112 847 4161 eleo
858 4109 936 4162 benev
946 4109 1015 4162 them
1021 4109 1068 4179 for
1078 4109 1143 4162 rteir
1152 4109 1243 4162 worlr’s
1251 4110 1318 4163 sulse.

118 4203 176 4254 And
195 4219 223 4254 so
234 4202 283 4252 this
294 4202 315 4252 is
327 4209 371 4251 not
381 4199 552 4267 mortopolized
560 4202 592 4265 by
604 4217 619 4250 a
630 4200 721 4250 certain
732 4198 792 4248 kind
804 4198 833 4247 of
845 4213 910 4257 men,
931 4214 959 4246 aa
975 4197 1017 4247 the
1039 4195 1141 4264 Clergy,
1155 4197 1225 4262 (who
1236 4215 1275 4248 ere
1291 4207 1317 4247 to

118 4291 171 4340 that
180 4306 286 4356 purpose
297 4288 414 4338 edumted
425 4288 474 4338 end
485 4287 591 4350 brought
610 4302 646 4351 up
663 4301 690 4334 as
707 4285 777 4334 other
794 4285 876 4333 cernel
893 4282 998 4342 ersten)
1017 4283 1066 4332 and
1082 4281 1124 4332 the
1135 4291 1184 4333 rest
1195 4291 1220 4334 to
1230 4285 1260 4333 be
1276 4283 1318 4332 ds·

119 4376 199 4442 spised
209 4394 237 4427 as
247 4375 328 4433 late,-
347 4375 392 4423 but
402 4374 421 4424 it
432 4374 454 4424 is
464 4374 508 4424 tett
519 4381 544 4423 to
555 4371 596 4424 tlte
601 4371 658 4441 free
666 4369 722 4439 gaft
732 4368 765 4438 of
779 4368 835 4420 uod
845 4377 870 4420 ιο
879 4369 968 4418 choose
980 4384 1029 4432 any
1041 4367 1123 4418 whom
1134 4369 1166 4418 be
1177 4369 1244 4418 seeth
1256 4377 1319 4417 meet

119 4461 254 4522 thomunto,
265 4460 377 4512 whether
388 4459 439 4509 rich
450 4475 478 4509 or
489 4476 555 4526 poor,
567 4466 665 4509 servent
676 4473 703 4505 or
715 4463 810 4514 master,
828 4470 953 4518 younger
964 4452 1014 4512 old,
1024 4469 1079 4518 yee,
1097 4455 1161 4504 mele
1178 4471 1205 4505 or
1216 4453 1318 4504 female:

120 4547 241 4614 euctq‘·
252 4548 376 4614 Apology,
388 4547 539 4610 proposition
550 4562 575 4596 x.
589 4549 611 4606 ς.
623 4543 691 4593 xxiv.
704 4558 728 4606 p.
737 4543 796 4590 275.

158 4637 199 4703 (³)
218 4636 248 4686 1..
259 4636 290 4686 de
300 4632 437 4700 praescript.
449 4648 471 4683 c.
482 4633 524 4684 xli.
