2798 5092
144 374 202 432 stu
629 366 852 428 APPENDIX.

149 526 275 588 Wicleffi
287 545 304 585 s
315 525 452 604 Prsgensi
466 524 620 585 Academia
630 525 804 585 damnationi
814 525 1032 603 subscripserat,
1043 542 1153 584 errores
1165 534 1264 584 tamen
1275 521 1339 581 illos

148 643 328 706 propugnare
342 642 429 683 ausus
442 634 496 692 est,
512 636 571 682 tum
592 624 623 683 iu
643 623 807 691 Academia,
823 634 985 701 postquam,
1001 634 1067 682 orto
1081 622 1217 689 dissidio,
1232 621 1340 680 Teuto-

148 726 207 785 nici
222 737 406 790 recesserunt,
418 732 478 781 tum
493 722 523 780 in
538 721 644 799 templo
659 721 736 795 quod
750 721 897 780 Bethleem
913 721 1135 798 nuncupabatur.
1178 721 1340 779 sectatores

149 818 248 879 habuit
271 818 389 877 clericos
413 835 468 876 aere
491 817 583 876 alieno
606 818 740 890 vitiisque
762 830 903 894 grauatus,
919 816 1071 875 nonnullos
1096 816 1185 875 etiam
1206 814 1338 874 doctrina

150 913 252 981 claros,
266 931 339 988 quos
361 912 475 991 pigebat
488 912 591 972 humili
604 914 668 973 loco
682 924 767 981 stare,
782 913 849 972 dum
864 913 933 972 alios
955 912 1110 972 nobiliores
1124 913 1190 980 sibi,
1205 911 1339 986 quamvis

150 1009 334 1079 doctioribus,
348 1009 477 1087 proponi
492 1008 628 1068 viderent.
670 1008 746 1068 luter
760 1008 813 1067 hos
828 1009 1026 1084 Hieronymus
1042 1008 1197 1086 Prageusis
1214 1019 1243 1066 st
1257 1008 1342 1067 Jaco-

149 1107 240 1166 bellus
255 1106 414 1166 Misnsnsis
428 1105 541 1166 luerunt
561 1107 699 1183 insignes.
741 1106 843 1165 Petrus
866 1105 1039 1165 Dresdensis
1061 1106 1172 1165 morem
1193 1106 1342 1167 Ecclesia

151 1223 209 1278 quo
223 1203 395 1264 eucharistia
409 1204 463 1261 sub
483 1204 565 1279 panis
586 1204 694 1280 specie,
717 1204 825 1261 omisso
840 1203 939 1271 calice,
955 1201 1210 1271 administrabatur,
1233 1204 1343 1281 primus

134 1300 340 1380 reprehendit,
355 1299 431 1360 uude
454 1301 585 1362 Hussitae
603 1299 749 1360 Collatini
764 1302 855 1359 vocati
878 1286 954 1361 sunt.
1001 1298 1172 1360 Tlrobors'tae
1188 1301 1260 1359 dicti
1279 1313 1346 1361 suut

151 1418 167 1458 a
182 1400 245 1458 loco
258 1410 357 1457 natura
368 1398 571 1466 munitissimo,
584 1415 668 1471 quem
681 1399 857 1475 occupabant
870 1395 1010 1465 Hussitrs,
1021 1398 1108 1455 armis
1117 1397 1179 1474 jam
1190 1408 1343 1456 certantes.

150 1495 293 1555 lmmania
306 1495 335 1552 in
350 1492 511 1552 sacerdotes
526 1505 555 1551 et
569 1493 724 1551 monachos
745 1492 883 1583 facinora0
892 1503 1046 1570 patrarunt,
1062 1492 1134 1552 dure
1154 1490 1273 1560 Zisolra,
1295 1493 1345 1566 qui

151 1590 257 1650 bellum
271 1590 361 1667 gessit
374 1589 542 1647 acerrimum
558 1608 622 1647 cum
636 1589 822 1665 Sigismundo
837 1589 1019 1667 imperatore,
1035 1602 1236 1666 postmortem
1254 1588 1346 1648 Hussi

149 1687 292 1747 hereseos
306 1685 440 1744 damnati.
486 1684 612 1745 Oroba'lae
625 1687 722 1752 stiam,
737 1687 787 1759 qui
808 1686 902 1745 Hussi
915 1686 1137 1764 ¹propugnabant
1152 1685 1267 1762 placita,
1284 1691 1346 1746 bor·

151 1781 269 1843 rendam
283 1783 311 1841 iu
327 1782 534 1842 ecclesiasticos
549 1783 625 1842 viros
640 1781 832 1840 crudelitatem
847 1784 1028 1842 exercebant.
1072 1782 1184 1841 Horum
1207 1785 1346 1843 exercitui

153 1891 274 1958 preerat
282 1880 446 1948 Bredricus‚
458 1881 608 1957 presbyter
616 1879 765 1948 Muretus,
776 1880 826 1952 qui
834 1897 953 1940 oaorem
962 1879 1089 1939 duxerat.
1100 1880 1218 1939 Mortuo
1230 1880 1346 1948 Zischa,

151 1979 315 2041 nonnullis
330 1979 495 2038 Thaburitis
517 1979 661 2037 nemiuem
683 1978 733 2052 qui
747 1978 773 2036 ei
794 1977 963 2037 succederet
983 1978 1100 2056 dignum
1123 1991 1269 2057 putantes,
1294 1978 1347 2038 Or·

147 2077 320 2156 piscatorum
340 2077 431 2136 sortiti
445 2087 512 2137 sunt
531 2094 648 2144 nomeu,
663 2074 885 2148 distinctumque
909 2076 1119 2136 constituerunt
1138 2095 1255 2154 agmen,
1270 2075 1347 2150 quud

152 2174 299 2233 communi
313 2173 435 2231 consilio
450 2174 608 2249 regebatur.

193 2268 301 2328 Docuit
314 2268 395 2327 Huss
409 2267 571 2327 Ecclesiam
586 2267 656 2326 solis
677 2265 883 2345 predestinatis
904 2279 1045 2336 constare,
1061 2278 1090 2326 et
1110 2267 1348 2346 predestinatum

152 2384 268 2444 semper
282 2383 395 2425 manere
410 2365 569 2424 membrum
584 2363 734 2433 Ecclesia,
744 2364 812 2423 licet
821 2363 973 2438 aliquando
989 2364 1128 2424 excidata
1142 2367 1235 2442 gratia
1245 2366 1349 2426 eduen·

153 2464 225 2528 titia,
240 2462 291 2520 sed
306 2480 363 2520 uun
378 2481 395 2518 a
408 2463 496 2537 gratia
510 2459 777 2538 predestinationis.
808 2461 898 2539 Papae
913 2463 1027 2540 negavit
1041 2463 1206 2539 primatum,
1222 2481 1353 2537 eumque

143 2558 361 2619 ¹Anticlrristum
376 2557 497 2615 vocavit.
520 2556 666 2614 censuras
680 2556 911 2625 Ecclesiasticus,
927 2557 956 2617 et
969 2558 1161 2619 obedientiam
1176 2561 1258 2636 parri
1273 2560 1356 2620 lecit.

154 2655 348 2734 indulgentias
364 2655 448 2713 etiam
462 2654 648 2733 impugnavit.
691 2654 841 2732 Principes
857 2656 956 2717 ciuiles
971 2657 1176 2722 adauisreuda
1190 2659 1267 2718 bona
1280 2671 1362 2721 teur-

154 2752 263 2832 poralia
275 2751 530 2831 ecclesiasticorum
546 2750 672 2809 hortatus
687 2733 741 2810 est'.
1222 2815 1225 2819 ἵ

195 2849 539 2909 Transubstautiatiouem
554 2847 704 2906 consessus
719 2859 764 2906 est
784 2848 889 2918 Huss,¹
905 2849 1128 2910 confessionem
1151 2862 1263 2929 partem
1286 2872 1361 2913 esse

156 2948 329 3027 poenitsntioe
344 2945 464 3014 docuit;i
478 2945 594 3024 agnovit
607 2942 775 3005 Extremam
787 2946 972 3017 Unctiuuem‚
982 2948 1041 3008 imo
1052 2960 1163 3025 septem
1175 2967 1243 3008 esse
1254 2952 1359 3011 Sacra·

156 3055 261 3112 menta,
278 3061 340 3118 qute
354 3042 482 3102 efficiunt
492 3040 568 3116 quod
583 3041 714 3118 figurant,
725 3054 753 3100 et
767 3060 887 3117 quorum
899 3044 952 3103 tria
967 3045 1134 3122 imprimunt
1145 3046 1355 3109 characterem.

156 3143 357 3220 Purgatorium
372 3139 510 3208 admisit,³
522 3147 635 3197 sanctos
650 3139 824 3199 invocandos
845 3140 938 3199 fassus
953 3146 1023 3200 est.⁴
1062 3142 1179 3202 Beatam
1198 3145 1349 3223 Virginem

157 3241 289 3301 laudibus
310 3239 433 3306 extulit;
453 3238 592 3315 imagines
617 3235 724 3296 honore
746 3239 880 3316 religioso
901 3257 959 3298 uon
980 3239 1146 3300 fraudarit.⁵
1187 3242 1266 3303 Haec
1294 3245 1348 3303 lere

156 3338 264 3406 omnia,
280 3337 390 3409 aliaque
406 3333 563 3393 Catholicae
579 3332 713 3392 doetrinae
728 3335 832 3413 capita,
849 3334 976 3413 plerique
992 3335 1121 3396 Hussito
1142 3348 1308 3408 tenuerunt,
1323 3352 1349 3398 ut

157 3436 247 3508 liquet
260 3453 298 3492 ex
311 3431 450 3510 Prageusi
464 3430 649 3490 Hussitarum
664 3431 777 3507 synodo
791 3452 866 3492 suno
883 3436 970 3500 1421,
985 3445 1014 3493 et
1026 3453 1063 3494 ex
1078 3436 1205 3494 articulis
1220 3442 1260 3496 23
1277 3438 1347 3497 Hus-

157 3530 487 3608 sitarumPrageusium
502 3539 599 3588 eontra
621 3529 803 3598 Thaboritas,
824 3531 920 3590 relatis
941 3552 957 3589 a
981 3531 1144 3593 Osculana
1185 3533 1348 3615 Praecipuus

160 3632 264 3690 horum
289 3648 366 3687 error
390 3628 562 3706 respiciebat
583 3630 794 3687 communionis
815 3631 867 3688 sub
887 3643 1006 3704 utraque
1020 3632 1117 3708 specie
1139 3635 1347 3702 necessitatem,

157 3732 330 3802 quapropter
344 3722 489 3783 Coliuts’rts'
504 3721 571 3782 dicti
585 3733 734 3791 suntote
748 3724 914 3784 Thaboritis
930 3726 1033 3811 multos
1047 3744 1157 3785 errores
1171 3747 1349 3808 propugnan-

158 3826 234 3883 tibus
260 3821 507 3899 distinguerentur.
549 3820 621 3879 Post
645 3821 725 3896 plura
748 3823 913 3899 prejudiciu
936 3822 1057 3882 Joaunis
1084 3823 1166 3882 Huss
1193 3845 1303 3887 errores
1322 3829 1349 3888 iu

159 3922 281 3981 concilio
303 3919 518 3978 constantiensi
538 3937 612 3977 suno
636 3924 712 3979 1415
733 3920 874 3998 profligati
888 3932 965 3990 sunt,
978 3923 1097 3999 ipseque
1118 3923 1148 3981 iu
1172 3924 1277 3984 haeresi
1292 3945 1349 4004 per·

159 4018 332 4078 tinaxcuriae
347 4015 477 4077 seculari
488 4014 615 4084 traditus,
627 4015 760 4075 concilio
771 4017 874 4077 latente
890 4038 932 4086 se,
948 4031 1051 4097 praetsr
1064 4037 1165 4097 poeuas
1182 4023 1349 4082 ecclesiasti·

462 4232 502 4297 (l)
521 4230 603 4282 ‘l'ruct
615 4231 646 4282 de
657 4232 713 4283 See.
724 4248 789 4300 corp.
800 4241 825 4285 et
836 4251 904 4298 mog.
916 4233 1025 4286 Domini.

459 4318 499 4383 (2)
519 4315 601 4368 Tract.
612 4317 643 4368 de
655 4318 743 4370 Premit.

462 4404 504 4470 (8)
525 4403 602 4454 semu
613 4403 644 4454 de
654 4403 781 4468 Exequiis

461 4490 501 4556 (4)
519 4490 549 4540 In
559 4490 632 4542 lueid.
643 4491 700 4542 tidei
709 4508 767 4543 sue.

463 4577 505 4644 (5)
525 4576 556 4627 1..
566 4578 597 4629 de
607 4578 681 4642 imag.
693 4578 782 4630 adorat.

461 4662 503 4727 (6)
522 4659 553 4712 L.
564 4678 587 4714 u.
598 4663 654 4716 laist.
666 4663 761 4716 Hussit.
807 4702 810 4706 -
