2798 5092
552 328 608 391 DE
631 331 885 396 meconem

602 875 744 937 CAPUT
765 877 819 938 1v.

527 1113 582 1167 DE
610 1113 905 1169 nlnconnTU.

154 1346 203 1403 dd.
225 1340 372 1403 Diaconos
395 1341 469 1401 inter
481 1360 579 1401 sacros
593 1343 738 1402 ministros
753 1354 903 1404 recensent
916 1345 1079 1424 Anglicani,
1094 1358 1124 1407 at
1136 1364 1237 1409 eorum
1249 1366 1311 1411 mu·

113 1444 161 1503 nia
176 1441 350 1510 describunt,
362 1439 502 1500 sacerdoti
516 1441 627 1501 scilicet
647 1442 676 1501 in
690 1442 806 1519 publico
819 1442 896 1503 cultu
910 1445 982 1504 etin
996 1445 1189 1506 distribuenda
1201 1448 1308 1509 eucha-

112 1541 192 1599 ristia
205 1556 292 1617 opem
306 1537 389 1606 ferre,
404 1537 557 1615 scripturas
569 1538 739 1599 ethomilias
754 1540 783 1598 in
798 1539 932 1600 Ecclesia
945 1542 1051 1620 legare,
1060 1541 1129 1602 fidei
1142 1543 1305 1606 rudimenta

111 1638 208 1716 pueris
222 1637 342 1705 tradere,
357 1647 395 1704 et,
417 1637 442 1695 si
467 1637 600 1696 sacerdos
620 1638 703 1706 obsit,
725 1637 846 1697 infantes
866 1639 1025 1718 baptizare,
1038 1641 1193 1719 predicare
1208 1645 1307 1714 otiam,

110 1736 241 1796 facultate
255 1748 349 1796 tamen
363 1736 398 1794 ab
413 1735 551 1814 episcopo
568 1737 729 1813 impetrata.
771 1736 902 1814 Insuper,
918 1738 956 1797 ite
970 1740 1117 1816 provisum
1131 1741 1157 1799 si
1168 1740 1265 1811 luerit.
1279 1744 1311 1802 in

109 1852 266 1913 pauperum
283 1834 465 1892 necessitates
479 1832 633 1907 inquirere,
646 1844 677 1891 ut
690 1834 733 1891 eis
747 1834 955 1894 subveniatur.¹
994 1835 1180 1896 Methodistoe
1195 1841 1309 1918 episco-

108 1933 188 2011 pales
201 1933 308 1992 similia
321 1931 456 1990 tradunt.¹¹
476 1931 522 1990 De
532 1931 659 1991 diaconis
673 1950 746 2005 quos
762 1944 863 1991 vocant
870 1934 1004 2003 viatores,
1012 1935 1123 1993 scilicet
1133 1936 1307 1997 circumcur-

107 2042 215 2101 santes,
225 2031 431 2090 dicuuteomm
445 2048 510 2089 esse
525 2031 681 2108 baptizare,
696 2030 838 2090 celebrare
853 2032 1043 2102 matrimonia,
1053 2034 1169 2093 absente
1180 2036 1306 2107 seniore,

106 2141 135 2189 et
145 2130 242 2189 omnia
255 2147 319 2203 quae
335 2128 475 2206 praeconis
491 2126 648 2204 evangelici
663 2128 843 2186 suntobire.⁸
869 2129 1193 2206 Presbytericnidicunt
1205 2132 1307 2212 Scrip-

106 2236 182 2285 turas
197 2223 347 2285 manifestd
363 2223 499 2282 diaconos
514 2221 736 2282 ostendereesse
749 2222 889 2283 Ecclesiae
900 2225 1049 2294 officiales,
1062 2246 1184 2302 quorum
1197 2248 1305 2291 munus

105 2335 149 2384 est
163 2340 319 2401 pauperum
340 2339 437 2398 gerere
451 2339 558 2387 curam,
583 2330 611 2379 ot
624 2320 838 2399 eleemosynas,
853 2341 916 2398 quoe
932 2325 962 2383 iu
983 2343 1081 2385 eorum
1096 2327 1228 2387 levamen
1243 2329 1303 2388 col·

104 2423 184 2482 lectae
199 2421 312 2487 suerint,
334 2419 513 2478 distribuere.
554 2418 672 2478 Addunt
684 2439 780 2479 rernm
794 2422 992 2503 temporalium
1008 2424 1149 2484 Ecclesiae
1163 2426 1200 2484 iis
1214 2447 1304 2505 posse

104 2520 268 2578 committi.⁴
307 2515 445 2593 Baptistae
460 2515 659 2592 temporalium
674 2535 766 2575 rerum
784 2517 924 2578 Ecclesia
940 2538 1036 2579 curam
1051 2522 1229 2598 precipuum
1244 2523 1303 2584 dia·

103 2635 240 2677 conorum
254 2633 359 2674 munus
373 2613 505 2672 videntur
520 2613 643 2683 habere;
665 2614 741 2688 quod
767 2627 859 2676 tamen
881 2618 1023 2694 imprimis
1037 2619 1231 2681 exercendum
1246 2637 1301 2691 est,

102 2712 293 2791 comparando
308 2730 371 2785 quae
386 2710 421 2769 ad
436 2728 565 2768 mensam
576 2707 758 2769 Dominicaru
770 2712 960 2785 requiruntur,
974 2713 1097 2773 ministri
1108 2732 1209 2773 mensa
1222 2716 1299 2776 haud

102 2812 239 2889 neglecta.
281 2809 321 2868 Iis
336 2807 442 2867 idcirco
457 2806 612 2865 curandum
627 2818 672 2864 est
685 2817 716 2865 ut
729 2826 830 2866 omnes
845 2807 973 2868 subsidia
986 2810 1016 2868 in
1038 2828 1098 2869 rem
1113 2830 1299 2873 communem

101 2907 241 2967 Ecclesiae
256 2905 412 2972 conserant,
429 2918 458 2962 et
478 2904 506 2961 in
528 2922 685 2980 pauperum
706 2903 863 2963 levamen.⁵
902 2904 987 2982 Apud
1003 2905 1170 2966 Catholicos
1183 2927 1297 2969 sacrum

101 3004 219 3062 omnino
232 3012 276 3061 est
289 3019 403 3068 munus,
421 2999 496 3074 quod
512 2999 571 3059 obit
584 2999 731 3066 diaconus,
744 3000 883 3059 sacerdoti
898 3001 971 3060 inter
981 3002 1082 3060 Missae
1096 3003 1239 3063 solemnia
1251 3006 1299 3065 ad·

100 3110 188 3169 stans,
203 3100 352 3179 baptizans
372 3098 548 3165 solemniter,
564 3097 732 3155 necessitate
752 3108 880 3175 urgente,
896 3107 925 3156 et
938 3098 1095 3174 predicans
1109 3116 1148 3158 ex
1161 3102 1295 3180 episcopi

101 3201 224 3261 licentia.

603 3372 787 3413 rnoeosmo.

140 3516 326 3577 murenulae
341 3522 384 3574 eat
397 3531 478 3574 eoeer
492 3511 573 3574 ordo.

137 3611 328 3675 Probaturl.
344 3631 381 3673 eae
398 3611 571 3691 Seriptnris.

136 3717 183 3774 59.
206 3712 395 3772 Diaconutum
418 3728 530 3769 saomm
550 3726 615 3768 esse
629 3706 757 3767 ordinem
773 3726 810 3766 ex
831 3706 986 3785 Scripturis
1010 3709 1112 3784 liquet,
1135 3711 1295 3786 exquibus

95 3815 179 3872 etiam
202 3830 268 3872 euru
283 3811 458 3869 Sacramenti
473 3809 577 3868 habere
592 3809 728 3867 rationem
744 3809 896 3886 colligitur.
938 3808 1001 3868 Eos
1021 3810 1128 3870 electos
1143 3830 1208 3871 esse
1238 3813 1296 3891 pri·

96 3911 181 3969 mitur
197 3922 225 3969 et
238 3909 408 3968 constitutos
432 3908 584 3966 occasione
609 3907 762 3965 murmuris
787 3905 822 3966 de
843 3905 980 3983 neglectis
995 3909 1024 3966 in
1039 3907 1291 3986 eleemosynarum

130 4089 168 4154 (1)
187 4086 308 4148 Ordering
318 4085 347 4135 os
359 4081 480 4135 Deacons.

127 4173 166 4238 (2)
188 4170 332 4222 Ordination
343 4170 373 4219 ol
384 4167 504 4219 Deacons.

126 4261 165 4326 (3)
185 4259 302 4309 Doctrina
313 4257 360 4308 aud
370 4256 507 4322 Disciplina
516 4255 545 4305 ol
556 4252 598 4305 the
615 4251 750 4303 Methodist
760 4251 893 4319 Episcopsl
914 4252 1136 4316 connumeror
1155 4255 1197 4306 vii.
1208 4256 1237 4305 os
1249 4255 1293 4306 the

90 4347 193 4397 electiou
200 4344 249 4395 and
261 4343 398 4394 ordination
409 4342 439 4392 ol
451 4340 579 4402 murelling
590 4338 711 4389 Deacons.

124 4435 165 4500 (4)
185 4432 260 4483 Form
272 4432 300 4480 os
313 4430 490 4489 Gorerument,
500 4428 539 4478 ch.
551 4428 582 4478 vi.
595 4427 624 4478 ol
637 4426 760 4476 Deacons.

124 4522 166 4587 (5)
185 4525 200 4550 “
209 4518 279 4582 They
290 4532 329 4566 ure
340 4524 365 4566 to
373 4517 403 4565 be
414 4514 533 4564 intrusted
545 4513 605 4563 with
616 4513 658 4563 the
669 4511 738 4562 stoclr
749 4510 778 4558 of
791 4509 832 4560 the
844 4509 944 4570 church,
955 4517 999 4561 out
1007 4510 1036 4561 oi
1049 4508 1130 4560 which
1141 4510 1218 4570 stook,
1230 4509 1289 4574 they

89 4623 129 4656 aro
146 4614 171 4656 to
182 4605 253 4655 assist
265 4603 306 4654 the
321 4618 381 4667 poor
393 4601 512 4650 members
523 4600 552 4650 οἱ
564 4599 607 4650 the
618 4597 718 4659 chorch,
736 4595 785 4646 and
801 4602 827 4646 to
844 4596 943 4661 provide
963 4595 1034 4647 brasd
1055 4595 1103 4646 and
1122 4595 1233 4646 winefor
1247 4595 1290 4647 the

88 4688 175 4740 Lord's
185 4688 256 4749 table,
266 4685 315 4737 and
327 4686 377 4735 also
389 4692 414 4734 to
426 4683 489 4733 have
500 4683 583 4746 rogard
595 4691 620 4734 to
632 4682 673 4733 the
684 4677 815 4731 minister’s
824 4678 915 4730 table.”
