2798 5092
399 411 456 472 DE
477 411 752 471 stcutMEN'rl
772 411 999 472 VERITATE.
1261 418 1298 476 17

140 571 167 627 7.
188 569 366 628 Potestatcm
382 589 493 630 sacram
507 581 536 628 et
556 570 662 628 derum
684 589 741 643 quo
756 571 820 643 qnia
834 589 869 629 ea
889 572 941 629 rite
955 571 1034 650 iungi
1049 579 1145 645 queat,
1160 589 1297 633 manuum

105 665 283 743 impositione
305 667 366 726 dari
390 668 481 741 liquet
503 685 542 727 ex
567 668 695 727 adductis
716 669 898 727 testimoniis.
939 669 1005 728 Jarn
1026 669 1093 728 vari
1114 671 1200 728 ritum
1217 669 1296 729 hunc

105 775 268 840 perpetuum
285 765 346 824 lore
359 766 392 824 in
405 764 539 823 Ecclesia
551 784 589 823 ex
604 783 722 823 munere
736 765 784 825 cui
798 765 954 825 adnectitur
967 767 1119 844 colligitur.
1151 767 1297 841 Equidem

105 860 204 919 Paulus
220 863 412 921 ministerium
427 881 464 921 ex
480 861 591 921 Christi
606 864 734 921 instituto
756 881 920 923 mansurum
935 865 965 923 in
986 864 1075 923 linem
1089 883 1181 938 usque
1197 865 1296 925 seculi

60 943 62 948 ’
105 957 197 1016 tradit:
222 957 323 1034 “lpse
338 957 417 1015 dedit
430 956 570 1030 quosdam
585 957 701 1030 quidam
716 959 882 1036 Apostolos,
899 961 1037 1033 quosdam
1053 973 1147 1023 auteur
1168 961 1298 1039 Prophe-

105 1065 150 1121 tas,
165 1055 238 1113 alios
253 1054 322 1113 veri)
337 1055 549 1132 Evangelistss,
565 1054 635 1113 alios
651 1070 744 1114 sutem
767 1067 895 1134 pastores
909 1072 938 1116 et
957 1057 1100 1126 doctores,
1114 1058 1149 1116 ad
1164 1078 1298 1119 consum·

106 1154 255 1213 mationem
269 1146 444 1222 sanctorum,
457 1156 486 1213 iu
501 1172 573 1231 opus
589 1155 749 1220 ministerii,
759 1154 789 1213 in
802 1154 1018 1215 edificationem
1030 1158 1158 1231 corporis
1171 1157 1297 1227 Christir

103 1248 187 1308 donec
202 1268 387 1308 occurramus
401 1268 502 1309 omnes
518 1251 547 1308 in
564 1251 700 1309 unitatem
721 1249 833 1309 fidei.'²¹
874 1253 983 1319 Munus
997 1253 1083 1330 igitur
1103 1263 1248 1330 pastorum
1268 1265 1299 1312 at

103 1345 257 1412 doctorum.
269 1346 351 1420 quod
365 1347 466 1405 ultimo
480 1346 545 1405 loco
559 1348 684 1424 ponitur,
700 1358 869 1424 perpetuum
883 1362 936 1416 est,
952 1350 1045 1409 donec
1057 1362 1297 1419 consummentur

101 1444 197 1511 sancti,
211 1436 376 1521 perficiatur
389 1463 463 1520 opus
478 1444 638 1511 ministerii,
654 1453 683 1502 et
695 1443 851 1504 aedificetur
860 1465 965 1522 corpus
979 1446 1103 1513 Christi,
1115 1448 1249 1510 omnibus
1266 1449 1297 1507 iu

103 1539 165 1599 fidei
180 1543 320 1600 unitatem
340 1542 587 1600 convenientibus.
627 1542 771 1619 Apostoli,
788 1543 943 1620 prophete,
965 1544 1147 1621 evangelistae
1161 1545 1299 1605 divinitus

102 1636 152 1695 dati
165 1651 234 1696 sunt
247 1650 277 1695 ut
292 1636 476 1721 fundamenta
489 1639 562 1696 sacri
576 1637 690 1696 editicii
707 1639 880 1715 jacerentur,
895 1659 960 1714 que
976 1654 1104 1717 pastores
1121 1651 1150 1700 et
1163 1641 1298 1702 domores

102 1747 216 1813 pergent
241 1737 326 1794 novis
348 1736 480 1808 virisque
506 1736 648 1813 lapidibus
677 1737 835 1804 cumulare,
858 1738 952 1798 donec
976 1740 1148 1820 perficiatur.
1190 1741 1298 1801 Omnia

102 1834 182 1912 igitur
191 1835 404 1907 habenturque
416 1835 449 1892 ad
464 1849 673 1893 sacramentum
687 1836 852 1914 novaelegis
864 1837 1093 1896 constituendum
1107 1840 1300 1912 requirunturr

101 1942 143 1990 est
154 1935 232 1992 enim
247 1933 317 1990 ritus
332 1943 478 1998 externus,
496 1930 633 2008 perpetui
654 1932 822 2000 servandus,
838 1952 875 1995 ex
897 1934 1008 1994 Christi
1022 1936 1166 2006 instituto,
1179 1939 1298 2019 gretiam

103 2048 164 2087 cum
180 2038 319 2106 potestate
333 2048 414 2086 sacra
427 2029 590 2085 conferens.

142 2124 293 2184 Probatur
306 2123 349 2182 II.
372 2122 503 2183 Petrum
517 2121 709 2182 testimoniis.

140 2228 166 2282 8.
188 2225 220 2281 S.
236 2226 430 2282 Aueusurnns
456 2222 499 2280 sic
519 2234 600 2298 urget
622 2221 803 2281 Donatistae:
827 2223 933 2281 “Illud
957 2222 1035 2298 quod
1059 2224 1174 2299 quidam
1198 2243 1299 2287 eorum

103 2320 347 2379 veritateconvicti
373 2319 467 2377 dicere
483 2330 650 2396 oeperunt:
675 2318 892 2398 ‘Baptirmum
911 2319 1030 2399 quidem
1044 2340 1105 2382 non
1119 2322 1234 2382 amittit
1247 2324 1303 2402 prii

101 2418 204 2478 recedit
216 2419 253 2478 ab
269 2417 415 2485 Ecclesia,
430 2415 482 2477 red
493 2417 551 2497 jue
570 2424 670 2477 tumen
683 2416 777 2476 dandi
790 2419 934 2481 amittitr’
956 2421 1055 2479 multis
1070 2421 1162 2480 modis
1178 2433 1299 2500 apparet

99 2517 197 2576 frustra
210 2527 239 2576 et
253 2516 376 2574 inaniter
394 2514 461 2573 dici.
503 2513 603 2574 Primd
625 2515 694 2589 quia
717 2515 795 2574 nulla
816 2517 976 2575 ostenditur
999 2536 1096 2587 nanee,
1109 2538 1160 2576 cur
1185 2519 1233 2577 ille
1248 2521 1299 2595 qui

101 2617 192 2693 ipsum
207 2616 380 2693 baptismum
396 2615 524 2673 amittere
537 2632 595 2673 nou
610 2623 714 2692 potest,
725 2615 774 2692 jus
786 2615 872 2676 dandi
887 2627 981 2692 potest
1001 2618 1139 2678 amittere.
1183 2617 1300 2679 Utrum-

100 2731 153 2786 que
166 2713 243 2771 enim
264 2721 472 2769 sacramentum
495 2719 558 2778 est;
580 2719 609 2768 et
629 2712 752 2784 quadam
773 2713 991 2771 conseeratione
1013 2724 1168 2788 utrumque
1187 2715 1299 2774 homini

91 2810 187 2879 datur,
210 2809 280 2869 illud
303 2827 371 2867 cum
391 2810 562 2885 baptizatur,
583 2808 659 2867 istud
679 2790 744 2868 cn'nr
769 2809 937 2870 ordinatur:
958 2811 1082 2885 ideoque
1097 2813 1127 2870 iu
1149 2812 1300 2872 catholica

99 2920 248 2982 utrumqne
262 2926 320 2966 nou
334 2907 402 2965 licet
414 2905 556 2964 iteratum
596 2907 687 2965 “Sed
709 2909 734 2965 si
755 2927 808 2966 nos
826 2909 899 2967 male
924 2909 1056 2977 lecimus,
1071 2910 1128 2987 ipsi
1143 2910 1299 2987 explicent,

91 3010 241 3082 'quomodo
267 3016 476 3065 sacramentum
495 3007 632 3084 baptisati
646 3026 703 3066 non
725 3007 816 3083 possit
833 3009 933 3076 amitti,
950 3019 978 3066 et
998 3020 1208 3070 sacramentum
1224 3009 1300 3067 ordi·

99 3106 154 3165 nati
183 3107 276 3183 possit
289 3104 400 3161 amitti:
424 3103 559 3177 quoniam
586 3103 696 3172 dicunt,
719 3103 867 3163 Recedet
882 3104 919 3163 ab
937 3103 1075 3165 Bccleeiu
1102 3104 1301 3183 Baptiemttm

100 3202 216 3281 quidm
229 3219 290 3260 non
303 3199 428 3268 emittit,
434 3199 491 3278 jue
507 3198 601 3258 dandi
610 3207 710 3260 tumen
719 3200 843 3260 urnittit.
883 3201 918 3262 Sr
932 3219 1008 3260 nuru
1020 3219 1184 3266 urrunnun
1196 3221 1302 3260 sacnt-

100 3319 224 3371 usurum
238 3318 304 3366 usu,
320 3317 399 3364 onon
412 3317 495 3356 neue
516 3317 666 3368 onarrar3
688 3319 739 3358 cur
759 3298 829 3357 illud
843 3318 901 3358 non
926 3300 1073 3368 amittitur,
1088 3310 1116 3358 et
1131 3299 1199 3357 illud
1216 3302 1300 3357 amit·

100 3401 184 3461 tituri
226 3397 331 3458 Neutri
345 3406 524 3455 recremento
546 3397 650 3474 injurie
670 3396 800 3457 socienda
819 3396 912 3457 est.”⁸
951 3397 1132 3474 Augustinus
1147 3398 1299 3459 manifesti

92 3499 226 3576 ¹agnoscit
238 3497 368 3556 ordinem
394 3515 458 3554 esse
480 3489 701 3564 odoramentum,
723 3494 810 3570 idque
830 3494 907 3573 apid
930 3496 1076 3555 nominent
1090 3494 1210 3556 dubium
1230 3516 1299 3557 esse

94 3597 176 3659 dicit.
802 3650 804 3654 .
1039 3593 1043 3600 '

137 3701 166 3754 9.
188 3694 220 3753 S.
242 3694 308 3752 Lao
324 3692 467 3758 Manuos,
483 3691 610 3749 scribens
626 3690 660 3748 sd
682 3691 854 3752 Dioscornrn
877 3689 1114 3760 Alexandrinum,
1130 3691 1214 3752 docet
1223 3693 1300 3769 jeju·

100 3794 176 3854 nium
190 3792 268 3867 quod
284 3790 416 3849 ordinum
441 3787 678 3848 conferendorum
693 3789 845 3848 occasione
866 3799 1003 3856 servatur,
1019 3797 1079 3848 tunt
1094 3809 1111 3847 a
1125 3789 1300 3857 eonferente,

90 3903 157 3952 -tum
169 3911 188 3949 e
200 3887 435 3965 suscipientibus,
451 3905 488 3944 ex
503 3884 654 3945 traditione
677 3885 842 3963 Apostolica
862 3884 984 3945 derivari
998 3905 1007 3945 c
1028 3895 1048 3926 ‘¹
1061 3898 1093 3944 ut
1106 3885 1299 3962 intelligamus

99 4001 201 4064 quante
214 4002 245 4047 et
257 3985 384 4043 dantium
398 3998 429 4042 et
442 3983 643 4060 accipientium
658 3982 812 4042 deuotione
831 3980 986 4043 curandum
1008 3983 1057 4050 sit,
1072 4001 1109 4043 ne
1130 3991 1216 4043 tautae
1230 3982 1299 4043 bun·

88 4086 247 4148 edictionis
262 4085 491 4141 Sscnsnenrnu
506 4081 683 4158 negligenter
697 4080 826 4139 rideatur
839 4079 1039 4159 impletum.”⁸

136 4189 183 4243 10.
204 4185 237 4242 S.
262 4183 447 4240 Auasrrsrus
469 4179 521 4248 ll.,
541 4178 675 4238 Pontifex
698 4179 733 4237 ad
754 4179 939 4238 Anastasiou
964 4179 1128 4254 Augustum
1154 4174 1296 4243 scribens,

96 4303 160 4345 eum
175 4283 327 4344 certiorem
343 4279 408 4336 tecit
423 4278 459 4336 de
473 4278 568 4336 valore
589 4276 726 4337 ordinum
740 4277 776 4335 ab
788 4276 896 4339 Atracio
914 4275 1103 4336 collatorum:
1126 4281 1147 4311 “
1158 4272 1297 4331 Sacratis·

297 4458 340 4523 (l)
359 4456 425 4521 Eph,
436 4455 468 4506 iv.
483 4457 520 4502 ll.
600 4464 603 4470 ’

297 4543 340 4608 (2)
358 4542 456 4590 Contra.
468 4555 505 4605 ep.
518 4539 632 4589 Pertusa.
645 4542 661 4591 l.
672 4539 697 4591 ii.
708 4557 730 4591 c.
741 4539 793 4590 xiii.
806 4542 848 4588 28.

297 4629 340 4695 (3)
358 4627 450 4677 lbidam
460 4630 488 4677 tr.
500 4629 541 4676 30.

296 4717 335 4777 (4)
353 4714 400 4781 up
411 4713 446 4764 xi.
458 4712 519 4764 elias
530 4710 623 4763 unxi.
634 4712 665 4764 sd
677 4712 821 4765 Dioscornm
829 4710 901 4762 Alex.
909 4725 930 4761 c
946 4727 968 4761 a.

665 4802 711 4860 κ*
