2798 5092
349 353 405 414 nt:
427 351 812 415 SAORAMENTORUM
833 354 1026 418 NUMERO.
1236 358 1292 419 15⁸

99 513 245 574 tationibus
258 529 317 572 non
331 522 375 571 est
387 511 595 582 inherendum,
609 531 699 587 quum
720 513 778 572 sint
799 515 894 593 potins
915 517 1000 576 certis
1020 515 1088 575 tidei
1103 515 1284 578 documentis

97 610 357 671 accommodandae.

131 712 177 768 le.
204 707 274 788 obj.
290 709 326 767 3:
341 709 441 767 Patres
455 708 648 782 antiquissimi
669 709 812 785 lustinus,
837 710 975 781 Irenaus,
998 711 1205 781 Tertullianus,
1221 726 1290 773 uon·

95 807 147 867 nisi
161 807 219 866 duo
234 816 462 867 commemorant
475 816 661 867 sacramenta.

130 903 306 991 Renp5Pro
327 905 479 964 occasione
500 915 594 982 patres
615 916 841 966 commemorant
861 915 1047 975 sacramenta,
1062 925 1115 966 nec
1139 926 1290 970 numerum

96 1003 243 1072 deliniunt,
258 1002 312 1061 sed
337 1003 423 1061 variis
435 1003 466 1062 in
488 1003 560 1062 locis
585 1003 698 1081 singula
722 1003 843 1063 tradunt.
884 1003 930 1062 Ad
953 1004 1061 1064 Justiui
1087 1023 1208 1082 scopum
1229 1026 1289 1068 non

95 1098 363 1178 pertinebat'omuia
377 1098 531 1156 christiana
544 1099 671 1157 instituta
685 1099 827 1169 evolvere,
842 1100 998 1160 calumnias
1019 1102 1096 1160 enim
1111 1101 1290 1164 ethnicorum

93 1196 126 1256 de
152 1195 279 1256 infandis
304 1195 461 1254 sceleribus
484 1196 705 1255 christianorum
727 1197 796 1256 satia
820 1197 933 1266 refellit,
947 1197 1124 1257 ostendendo
1145 1199 1290 1271 quomodo

94 1292 279 1365 initiarentur,
291 1304 320 1353 et
332 1293 400 1368 quid
414 1281 545 1354 in'sacris
559 1296 746 1354 conventibus
758 1297 849 1365 tieret,
860 1297 1005 1373 mysteriis
1017 1297 1122 1356 divinis
1133 1297 1292 1358 celebratis.

95 1394 274 1472 baptismum
300 1393 407 1452 idcirco
429 1403 460 1451 et
479 1392 681 1452 cucharistiam
702 1396 845 1471 exposuit.
888 1394 1015 1454 Irenaeus
1039 1397 1142 1473 pariter
1154 1415 1192 1455 ex
1211 1415 1292 1456 occa·

95 1492 173 1553 sione
187 1509 222 1549 ea
236 1490 385 1568 explicuit,
402 1491 452 1548 sed
475 1500 504 1548 et
517 1490 552 1549 de
573 1491 740 1568 poenitentia
753 1491 864 1550 locutus
886 1501 941 1562 est,
955 1492 1135 1552 confessione
1155 1505 1287 1571 peccato·

97 1609 155 1650 rum
168 1589 347 1649 occultorum
362 1589 449 1657 etiam
470 1594 716 1650 commemorns!
756 1590 951 1650 Tertullianus
975 1592 1110 1669 pleraque
1125 1593 1286 1652 recensuit:
1335 1634 1346 1645 -

96 1687 202 1747 “Caro
217 1687 344 1747 abluitur
356 1695 388 1745 ut
402 1686 497 1745 anima
515 1686 702 1754 emaculetur,
716 1705 783 1744 caro
797 1688 912 1765 ungitur
925 1698 957 1746 ut
969 1689 1064 1747 anima
1086 1699 1289 1759 consecretur;
1351 1736 1354 1743 .

98 1804 159 1845 caro
173 1785 304 1863 signatur
317 1795 349 1842 ut
362 1784 457 1843 anima
477 1785 628 1852 muniatur,
642 1801 710 1843 caro
731 1795 832 1843 manus
853 1785 1036 1862 impositione
1051 1785 1242 1856 adumbratur,
1258 1797 1290 1846 nt

97 1882 185 1942 anima
200 1881 310 1959 Spiritu
325 1880 518 1949 illuminetur3
540 1898 606 1938 caro
628 1897 747 1958 corpore
771 1879 882 1939 Christi
895 1890 924 1939 et
945 1883 1083 1960 sanguine
1105 1884 1236 1954 vescitur,
1258 1893 1290 1943 ut

98 1979 188 2038 anima
203 1977 238 2036 de
253 1977 319 2036 Deo
332 1975 529 2054 saginetur.''¹
1278 1996 1281 2000 ’

135 2080 181 2137 14.
208 2074 276 2155 ouj.
286 2078 321 2135 ,4.
344 2074 474 2152 cyrillus
490 2063 784 2152 Hierosolymitanus,
806 2084 836 2135 et
848 2076 1028 2144 Ambrosius,
1043 2077 1088 2136 vel
1102 2076 1176 2136 alius
1190 2088 1291 2155 perun-¹

97 2175 186 2248 tiquus
201 2183 301 2231 auctor
320 2170 356 2230 de
370 2171 557 2230 sacramentis
571 2189 609 2230 ex
630 2172 760 2249 professo
774 2182 901 2250 egerunt,
917 2182 946 2230 et
959 2181 1053 2232 tamen
1074 2172 1210 2250 pleraque
1224 2191 1288 2246 qua

96 2266 175 2333 bodie
189 2271 369 2331 celebrantur
383 2272 634 2348 pretermiserunt,
650 2270 765 2329 nonnisi
779 2271 922 2348 baptismo
933 2279 962 2330 et
973 2271 1146 2330 eucharistia
1163 2289 1288 2331 comme·

97 2370 217 2439 moratis,
227 2369 382 2428 chrismate
393 2376 487 2427 autem
500 2377 644 2442 tamquam
653 2368 788 2445 baptismi
798 2369 852 2428 ritu
864 2367 988 2443 quodam
1000 2369 1134 2429 indicato.
1158 2365 1293 2446 Scriptor·

97 2465 138 2527 bic
147 2486 183 2526 se
197 2467 297 2527 omnia
311 2485 376 2540 quas
391 2464 426 2525 ad
441 2473 618 2524 sacramenta
638 2465 781 2543 pertinent
801 2467 972 2544 exposuisse
987 2467 1152 2544 profiteturt
1175 2467 1289 2546 “Ergo

97 2565 228 2643 accepisti
242 2563 278 2623 de
292 2564 488 2631 sacramentis,
503 2562 671 2639 plenissime
684 2563 845 2641 cognovisti
858 2562 1004 2624 omnia.”⁸

129 2660 220 2740 Resp.
242 2660 393 2722 Edocebat
406 2669 524 2733 uterque
539 2658 759 2719 catechumenos
774 2659 810 2718 de
830 2661 1015 2720 sacramentis
1034 2661 1115 2720 brevi
1128 2659 1286 2738 suscipien-
1351 2648 1358 2657 ⁵

96 2758 144 2829 dis,
156 2760 204 2821 die
217 2760 329 2818 scilicet
341 2744 446 2817 eodem
460 2766 668 2818 consueverant
681 2758 733 2816 tria
746 2758 795 2816 illa
807 2758 971 2819 ministrari.
1012 2757 1168 2818 chrismati
1188 2769 1286 2819 autem

98 2860 196 2938 pariter
218 2878 251 2919 ac
265 2852 409 2936 baptismo
423 2866 452 2916 et
471 2856 649 2914 eucharistie
670 2857 840 2914 sacramenti
859 2857 997 2915 rationem
1020 2857 1116 2914 inesse
1136 2859 1289 2935 perspicuo

99 2956 218 3017 tradunt.
260 2955 307 3014 De
329 2956 365 3014 iis
379 2955 506 3028 loquitur
525 2954 647 3029 scriptor
667 2951 715 3010 ille
736 2953 880 3012 Ambrosii
897 2954 950 3012 sub
966 2953 1081 3013 nomine
1094 2953 1197 3024 latens,
1218 2955 1287 3014 dum

99 3042 162 3115 didit
175 3073 208 3114 se
234 3053 403 3131 plenissime
428 3053 526 3110 omnia
545 3049 712 3118 tradidisse3
734 3068 788 3108 nec
806 3051 884 3109 euim
897 3050 980 3129 jnltra
1003 3051 1183 3128 propositum
1204 3051 1289 3109 verba

96 3153 152 3230 ejus
165 3149 349 3211 extendenda
362 3159 438 3207 sunt.

135 3254 182 3311 lb.
207 3247 275 3330 obj.
292 3253 322 3307 bt
344 3246 521 3324 Augustinus
536 3245 592 3317 duo
607 3253 714 3304 batum
726 3253 931 3305 commemorat
943 3251 1136 3304 sacramenta:
1159 3253 1179 3281 ¹⁸
1192 3243 1289 3303 Pauca

96 3366 142 3426 pro
155 3344 437 3418 multia-eademque
451 3342 526 3401 factu
547 3342 692 3411 facillima,
707 3352 735 3402 et
755 3343 900 3402 intellectu
918 3342 1132 3420 augustissima,
1147 3350 1176 3400 et
1189 3341 1285 3400 obser·

99 3445 207 3506 rabone
220 3441 384 3504 carbasinus
397 3441 460 3518 ipse
483 3439 637 3509 Dominus,
659 3449 688 3498 et
707 3440 874 3518 Apostolioa
893 3438 1006 3500 tradidit
1026 3438 1186 3517 disciplina,
1201 3439 1288 3498 sicuti

98 3551 139 3600 est
150 3527 286 3620 baptismi
300 3522 519 3606 sacramentum,
532 3545 560 3594 et
573 3536 725 3595 celebratio
739 3537 866 3614 corporis
881 3545 909 3594 et
922 3537 1068 3616 sanguinis
1083 3535 1250 3596 Domini.'’⁴

116 3635 220 3716 ’Πομ
240 3635 314 3695 llaec
329 3633 417 3692 veluti
440 3632 574 3710 exempla
587 3632 673 3690 refert
692 3633 881 3709 Augustinus,
896 3633 966 3706 quin
981 3633 1036 3691 alia
1056 3630 1199 3700 excludat,
1216 3650 1282 3692 nam

100 3733 164 3793 atta
189 3733 321 3812 agnoscit
336 3729 462 3790 chrisma
483 3729 513 3788 in
538 3748 641 3807 genere
656 3729 866 3806 signaculorum
888 3747 952 3787 esse
976 3737 1199 3797 sacrosanctum,
1213 3729 1289 3787 sicut

99 3842 138 3891 eat
155 3833 218 3910 ipse
240 3829 420 3908 baptismnat
448 3836 477 3886 et
505 3827 635 3886 ordinem
658 3836 741 3887 vocat
763 3836 983 3896 sacramentum,
1007 3845 1160 3886 eumcum
1182 3826 1289 3903 baptis·

99 3947 142 3989 mo
166 3929 327 3990 conferens.
378 3927 459 3986 Dicit
486 3927 592 3986 etiam:
626 3927 781 4004 “Respice
806 3924 841 3983 ad
866 3943 985 3985 munera
1013 3926 1105 4005 ipsius
1134 3923 1287 3983 Ecclesia.

102 4025 202 4088 Mnuos
215 4035 461 4088 sacramentorum
475 4024 506 4082 in
526 4025 680 4103 baptismo,
695 4026 725 4084 in
745 4022 925 4094 eucharistia,
940 4024 971 4083 in
990 4023 1102 4083 ceteris
1115 4021 1220 4080 sanctis
1242 4039 1287 4079 sa·

101 4125 294 4187 crementiam

324 4319 366 4385 (1)
385 4317 415 4368 L.
425 4317 443 4368 i.
454 4316 508 4368 adr.
519 4316 577 4368 ber.
588 4317 643 4368 cii.
653 4323 679 4368 et
689 4317 705 4368 l.
717 4317 750 4368 tit
762 4332 784 4368 c.
795 4315 827 4367 ir.

325 4406 367 4472 (2)
387 4403 417 4453 L.
429 4403 459 4454 de
471 4421 550 4455 resur.
560 4403 647 4455 carnis.

325 4492 368 4557 (3)
387 4490 426 4540 De
437 4489 492 4540 Soc.
504 4491 520 4540 l.
533 4491 564 4541 vi.
576 4505 629 4556 cap.
641 4489 666 4539 ii.
676 4506 702 4540 n.
715 4492 740 4540 5.

324 4577 366 4642 (4)
386 4576 425 4626 Dc
434 4576 497 4626 doct.
509 4575 600 4626 Christ.
611 4576 627 4626 l.
638 4575 673 4626 iii.
687 4591 709 4626 c.
721 4575 754 4626 ix.

329 4663 372 4730 (5)
392 4662 479 4712 Enarr.
490 4661 508 4713 i.
518 4661 546 4712 iu
562 4661 604 4712 Ps.
616 4661 666 4712 ciii.
