2798 5092
141 346 200 402 666
403 341 460 403 DE
483 342 745 404 SANCTORUM
767 342 1073 404 INVODATIONE.

61 522 65 528 ·
140 503 190 561 tis:
205 499 348 575 siquidem
359 502 448 562 oratio
460 512 556 561 nostra
565 521 624 562 non
636 511 692 561 tam
704 501 866 580 deprecatio
878 511 931 571 est,
945 521 1029 576 quam
1041 511 1224 579 peccatorum
1236 502 1268 561 iu
1278 520 1336 561 me·

141 600 263 661 moriam
275 603 427 668 revocatio,
438 601 544 660 idcirco
559 619 613 659 uos
625 599 659 658 ad
672 619 827 660 conservos
843 601 970 660 Domino
984 601 1103 660 dilectos
1118 601 1334 679 confugimus.”

182 702 231 757 59.
254 698 286 757 S.
301 700 481 767 Autonoeius,
504 698 714 758 “Obsecrandi
735 710 802 758 sunt
816 701 918 778 Angeli
940 719 991 776 pro
1013 701 1108 769 uobis,
1124 701 1174 775 qui
1195 701 1281 759 nobis
1302 700 1336 758 ad

141 795 306 876 praesidium
321 797 378 856 dati
392 808 468 856 sunt.
511 798 655 875 Martyres
669 797 847 866 obsecrandi,
863 816 985 871 quorum
1000 797 1130 856 videmur
1144 799 1229 857 nobis
1247 798 1337 872 quod·

61 884 66 955 f
142 895 206 955 dam
222 896 348 973 corporis
364 896 483 974 pignore
498 897 686 973 patrocinium
701 895 854 954 vindicare.
885 896 1012 954 Possunt
1026 914 1078 973 pro
1093 897 1220 974 peccatis
1236 914 1338 974 rogare

142 991 256 1058 nostris,
272 991 321 1064 qui
332 992 447 1069 proprio
459 992 608 1068 sanguiue,
620 992 733 1050 etiamsi
748 1010 805 1064 qua
815 991 974 1051 habuerunt
985 1003 1111 1069 peccata,
1124 993 1255 1053 laverunt
1268 1015 1276 1052 :
1292 994 1339 1052 isti

142 1089 219 1148 enim
235 1099 302 1148 sunt
313 1088 369 1148 Dei
380 1102 530 1167 martyres,
546 1091 635 1148 nostri
650 1090 798 1167 praesules,
809 1091 1002 1168 speculatores
1016 1093 1080 1150 vitre
1090 1102 1263 1166 actuumque
1275 1113 1341 1153 nos·

142 1195 260 1245 morum.
293 1187 362 1245 Non
377 1188 577 1245 erubescamus
591 1205 642 1245 eos
658 1187 862 1247 intercessores
876 1199 979 1247 nostrae
995 1189 1166 1249 infirmitatis
1182 1190 1338 1252 adbibere:

73 1330 78 1349 ,
142 1281 209 1356 quia
222 1283 279 1359 ipsi
292 1282 484 1342 infirmitatem
499 1283 627 1359 corporis
642 1283 726 1340 etiam
741 1283 806 1341 cum
819 1284 965 1343 vincerent
979 1284 1223 1361 cognoverunt.”¹

183 1384 231 1439 66.
254 1380 286 1438 S.
303 1380 505 1440 Hmaouvuus
520 1377 708 1458 Vigilantiam
719 1380 860 1450 refellens,
874 1381 1047 1460 respondet:
1071 1391 1091 1419 ‘⁶
1105 1382 1187 1441 Dicis
1200 1384 1230 1441 in
1243 1382 1343 1444 libello

140 1484 199 1544 tuo,
222 1476 299 1549 quod
323 1478 393 1536 dum
418 1477 551 1545 vivimus,
573 1485 672 1536 mutuo
692 1496 744 1555 pro
767 1479 850 1537 nobis
874 1497 953 1537 orare
978 1497 1152 1556 possumus:
1178 1491 1335 1557 postquam

55 1568 59 1601 ³
142 1585 236 1633 autem
251 1576 355 1635 mortui
369 1575 517 1642 fuerimus,
533 1576 637 1635 nullius
652 1577 690 1634 sit
709 1595 761 1653 pro
777 1577 833 1635 alio
847 1576 1025 1636 exaudienda
1039 1579 1147 1637 oratio:
1171 1580 1336 1656 praesertim

48 1730 53 1753 ¹
142 1691 208 1731 cum
223 1683 361 1750 martyres
377 1675 512 1734 ultionem
527 1677 571 1734 sui
586 1675 733 1753 sanguinis
745 1677 936 1744 obsecrantes,
946 1677 1099 1753 impetrare
1112 1695 1170 1735 non
1183 1679 1338 1751 quiverint.

45 1764 52 1827 i
144 1766 177 1826 st
201 1769 333 1846 Apostoli
356 1781 385 1829 et
409 1784 547 1849 martyres
563 1771 656 1830 adhuc
680 1773 711 1830 in
731 1791 850 1849 corpore
872 1772 1019 1831 constituti
1041 1782 1165 1849 possunt
1185 1791 1269 1832 orare
1289 1792 1342 1852 pro

142 1867 263 1934 ceteris,
279 1868 392 1940 quando
417 1887 470 1946 pro
493 1888 525 1927 ee
545 1869 637 1927 adhuc
659 1868 763 1927 debent
783 1887 848 1928 esse
874 1868 1003 1928 soliciti:
1025 1879 1131 1944 quanto
1157 1870 1250 1948 magis
1276 1865 1343 1948 pos't

143 1983 274 2034 coronas,
291 1968 423 2027 victorias
438 1977 466 2026 et
480 1968 664 2047 triumphosl
707 1968 790 2027 Unus
807 1967 897 2027 homo
913 1968 1036 2046 Moyses
1050 1969 1195 2027 sexcentis
1212 1970 1340 2029 millibus

144 2074 314 2124 armatomm
331 2066 464 2143 impetrat
476 2087 492 2124 a
506 2066 571 2125 Deo
586 2068 720 2134 veniam:
741 2076 770 2124 et
784 2065 950 2143 Stephanus
964 2066 1090 2125 imitator
1103 2064 1224 2125 Domini
1239 2067 1301 2136 sui,
1314 2077 1342 2125 et

145 2163 256 2242 primus
271 2175 378 2240 martyr
392 2165 422 2223 in
437 2164 555 2224 Christo
569 2184 622 2242 pro
642 2165 872 2242 persecutoribus
887 2165 999 2224 veniam
1014 2165 1198 2243 deprecatur:
1215 2175 1245 2224 et
1260 2176 1336 2242 post·

144 2279 231 2334 quam
247 2282 313 2322 cum
328 2263 446 2322 Christo
460 2282 524 2321 esse
539 2263 686 2342 coeperint,
701 2264 797 2322 minus
812 2264 968 2323 valebuntl
991 2305 999 2323 .
1021 2303 1030 2321 .
1053 2304 1062 2321 .
1084 2264 1218 2337 Denique
1241 2264 1341 2345 Sancti

144 2378 203 2419 uon
218 2362 396 2439 appellantur
410 2363 523 2431 mortui,
540 2362 591 2421 sed
603 2361 780 2422 viventes.”⁹

143 2463 157 2516 t·
184 2462 234 2517 61.
256 2460 288 2517 S.
303 2460 493 2518 Accusamus
508 2460 543 2518 de
559 2460 707 2537 Cypriane
722 2463 782 2520 ait:
805 2464 826 2500 “
839 2460 967 2540 Adjuvet
981 2462 1076 2536 itaqua
1091 2480 1144 2520 nos
1159 2462 1190 2520 in
1206 2462 1344 2522 orationi·

144 2555 198 2614 bus
213 2556 273 2614 suis
288 2557 318 2614 in
332 2557 415 2614 istius
429 2558 522 2615 carnis
536 2559 714 2627 mortalitate,
730 2573 873 2634 tamquam
888 2559 1045 2637 caliginosa
1058 2559 1144 2628 nu'be,
1159 2559 1337 2629 laborantes,

145 2661 177 2710 ut
189 2651 312 2713 donante
327 2653 465 2724 Domino,
480 2665 618 2729 quantum
633 2675 798 2733 possumus,
812 2657 888 2716 bona
899 2658 962 2735 ejus
977 2646 1170 2715 imitemur.‘'⁸

94 2766 97 2771 ·
184 2754 233 2809 62.
267 2751 442 2812 Goucmrmr
474 2752 760 2815 canescentem:
794 2756 978 2815 “Flavianus
1017 2765 1084 2833 post
1113 2767 1238 2817 mortem
1256 2757 1343 2816 vivit:

145 2849 260 2928 Martyr
273 2871 324 2929 pro
346 2853 429 2911 nobis
444 2852 553 2912 oret.”⁴
1095 2872 1097 2877 ⁴
1306 2838 1311 2843 ⁴

473 3094 479 3104 ,
539 3050 740 3092 carcamusas
760 3050 945 3092 sonvuusna.
1017 3028 1019 3033 ’

185 3192 234 3247 63.
260 3187 327 3269 otj.
344 3193 371 3247 1.
392 3188 539 3248 Invocatio
562 3201 605 3248 est
629 3189 696 3248 fidei
718 3191 848 3264 quedam
873 3189 1025 3268 professio,
1046 3188 1169 3264 ideoque
1191 3189 1227 3250 ad
1249 3191 1344 3250 solum

145 3285 240 3345 Deum
255 3287 401 3364 dirigenda
416 3297 469 3355 eet,
486 3287 571 3364 juxta
595 3286 664 3346 illud
688 3289 841 3367 Apostoli:
865 3287 1050 3355 “Quomodo
1071 3306 1140 3365 ergo
1164 3288 1342 3348 invocabunt

145 3383 175 3442 in
191 3405 277 3460 quem
292 3405 349 3444 non
365 3384 545 3444 crediderunt
553 3384 603 3443 i''⁵

185 3480 275 3560 Resp.
297 3481 494 3550 Invocatiode
509 3502 566 3556 qna
588 3483 713 3557 loquitur
732 3484 888 3561 Apostolus
911 3481 956 3543 est
969 3501 1003 3541 ea
1023 3501 1080 3558 qua
1094 3482 1159 3556 quis
1181 3484 1342 3553 Dominum

145 3596 315 3655 agnoscens,
328 3578 448 3637 salutem
462 3579 497 3637 ab
512 3597 546 3638 eo
557 3580 646 3658 petit:
670 3580 781 3641 “Idem
794 3581 937 3640 Dominus
949 3581 1089 3649 omnium,
1100 3579 1182 3637 dives
1197 3581 1227 3638 in
1239 3599 1341 3640 omnes

145 3675 196 3750 qui
211 3676 344 3737 invocant
358 3676 449 3736 illum.
491 3677 594 3737 Omnis
609 3681 685 3739 enim
706 3680 880 3754 quicumque
895 3679 1069 3738 invocaverit
1082 3696 1190 3737 nomen
1210 3678 1343 3747 Domini,

144 3771 243 3832 salvus
258 3773 358 3831 erit.”⁰
398 3774 497 3853 Longe
513 3776 624 3835 diversa
639 3788 682 3836 est
703 3778 773 3836 ratio
787 3776 977 3837 invocationis
1000 3776 1181 3844 Sanctorum,
1197 3794 1273 3850 quos
1288 3776 1345 3836 Dei

181 4046 224 4113 (1·)
244 4042 274 4093 L.
287 4043 317 4092 de
328 4042 410 4094 viduis
423 4059 451 4094 c.
469 4046 493 4095 9.
517 4044 582 4096 Vide
609 4043 776 4113 etiamep.22
788 4045 819 4096 ad
837 4045 1006 4097 Mareellinam
1028 4059 1134 4094 summm
1152 4043 1184 4094 de
1203 4044 1346 4097 inventione

146 4147 274 4198 corporum
285 4132 331 4184 SS.
344 4132 455 4182 Gervasii
464 4139 489 4183 et
500 4133 614 4183 Protesii.

182 4219 225 4284 (2)
245 4218 276 4268 L.
287 4225 372 4269 contra
383 4217 557 4281 Vigilantiam.

181 4304 224 4368 (³)
243 4302 274 4352 L.
286 4304 336 4354 viii.
347 4304 378 4354 de
387 4304 516 4369 baptismo,
527 4311 612 4353 eontra
624 4302 766 4355 Donatistae
777 4320 798 4355 c.
809 4304 826 4354 i.
838 4311 855 4354 t
867 4304 902 4354 ix.
913 4319 952 4368 op.
963 4304 1030 4365 Aug.
1040 4301 1078 4352 ed.
1089 4301 1154 4351 Ven.

181 4390 224 4456 (4)
242 4389 323 4441 Cone.
334 4390 421 4442 Chalc.
437 4393 493 4442 Act.
504 4390 530 4441 ii.
546 4390 605 4440 Alia
615 4391 687 4456 plura
698 4391 754 4442 vide
762 4391 826 4459 apud
838 4390 954 4441 Natalem
966 4389 1135 4440 Alexandrum
1145 4387 1203 4442 hist.
1211 4390 1282 4444 Eccl.
1289 4391 1350 4444 Sec.

146 4489 170 4523 v.
179 4474 238 4524 diss.
249 4490 290 4523 xx.
304 4491 345 4539 qu.
356 4477 382 4526 ii.
393 4484 430 4528 art
441 4477 466 4526 ii.
478 4491 547 4543 prop.
558 4475 585 4525 ii.

184 4562 227 4627 (5)
247 4561 318 4610 Rom.
328 4578 353 4610 x.
367 4564 406 4613 14.

182 4647 224 4714 (6)
244 4645 337 4695 Ibidem
351 4644 389 4696 12.
