<?xml version="1.0" encoding="UTF-8"?>
<!DOCTYPE html PUBLIC "-//W3C//DTD XHTML 1.0 Transitional//EN"
    "http://www.w3.org/TR/xhtml1/DTD/xhtml1-transitional.dtd">
<html xmlns="http://www.w3.org/1999/xhtml" xml:lang="en" lang="en">
 <head>
  <title>
</title>
<meta http-equiv="Content-Type" content="text/html;charset=utf-8" />
  <meta name='ocr-system' content='tesseract 3.04.00' />
  <meta name='ocr-capabilities' content='ocr_page ocr_carea ocr_par ocr_line ocrx_word'/>
</head>
<body>
  <div class='ocr_page' id='page_1' title='image "./theologidogmati02kenrgoog_0067.png"; bbox 0 0 2798 5092; ppageno 0'>
   <div class='ocr_carea' id='block_1_1' title="bbox 90 334 1056 401">
    <p class='ocr_par' dir='ltr' id='par_1_1' title="bbox 90 334 1056 401">
     <span class='ocr_line' id='line_1_1' title="bbox 90 334 1056 401; baseline -0.006 0"><span class='ocrx_word' id='word_1_1' title='bbox 90 343 129 401; x_wconf 76' lang='grc'>64</span> <span class='ocrx_word' id='word_1_2' title='bbox 328 337 385 399; x_wconf 77' lang='grc' dir='ltr'>ΒΕ</span> <span class='ocrx_word' id='word_1_3' title='bbox 406 334 663 396; x_wconf 72' lang='lat' dir='ltr'>strumentus</span> <span class='ocrx_word' id='word_1_4' title='bbox 683 335 1056 398; x_wconf 80' lang='lat' dir='ltr'><strong>ORDINATIONIBUS.</strong></span> 
     </span>
    </p>
   </div>
   <div class='ocr_carea' id='block_1_2' title="bbox 83 494 1290 2030">
    <p class='ocr_par' dir='ltr' id='par_1_2' title="bbox 91 494 1290 671">
     <span class='ocr_line' id='line_1_2' title="bbox 95 494 1290 574; baseline -0.003 -16"><span class='ocrx_word' id='word_1_5' title='bbox 95 512 137 558; x_wconf 87' lang='lat' dir='ltr'>ter</span> <span class='ocrx_word' id='word_1_6' title='bbox 149 497 267 557; x_wconf 87' lang='lat' dir='ltr'>nonnisi</span> <span class='ocrx_word' id='word_1_7' title='bbox 281 496 396 556; x_wconf 81' lang='lat' dir='ltr'>veritate</span> <span class='ocrx_word' id='word_1_8' title='bbox 410 495 561 554; x_wconf 80' lang='lat' dir='ltr'>manifesto</span> <span class='ocrx_word' id='word_1_9' title='bbox 574 494 717 555; x_wconf 77' lang='lat' dir='ltr'>censenda</span> <span class='ocrx_word' id='word_1_10' title='bbox 737 507 781 554; x_wconf 83' lang='lat' dir='ltr'>est</span> <span class='ocrx_word' id='word_1_11' title='bbox 796 496 969 574; x_wconf 80' lang='lat' dir='ltr'>Anglioanss</span> <span class='ocrx_word' id='word_1_12' title='bbox 991 514 1107 574; x_wconf 89' lang='lat' dir='ltr'>prorsus</span> <span class='ocrx_word' id='word_1_13' title='bbox 1129 495 1290 574; x_wconf 75' lang='lat' dir='ltr'>respuisse,</span> 
     </span>
     <span class='ocr_line' id='line_1_3' title="bbox 91 597 518 671; baseline -0.009 -13"><span class='ocrx_word' id='word_1_14' title='bbox 91 610 236 671; x_wconf 80' lang='lat' dir='ltr'>tamquam</span> <span class='ocrx_word' id='word_1_15' title='bbox 252 597 357 656; x_wconf 89' lang='lat' dir='ltr'>nullius</span> <span class='ocrx_word' id='word_1_16' title='bbox 371 597 518 655; x_wconf 81' lang='lat' dir='ltr'><strong>momenti.</strong></span> 
     </span>
    </p>

    <p class='ocr_par' dir='ltr' id='par_1_3' title="bbox 83 691 1289 2030">
     <span class='ocr_line' id='line_1_4' title="bbox 135 691 1288 771; baseline 0 -19"><span class='ocrx_word' id='word_1_17' title='bbox 135 698 203 752; x_wconf 79' lang='lat'>118.</span> <span class='ocrx_word' id='word_1_18' title='bbox 226 693 283 752; x_wconf 88' lang='lat' dir='ltr'>His</span> <span class='ocrx_word' id='word_1_19' title='bbox 298 692 332 751; x_wconf 86' lang='lat' dir='ltr'>de</span> <span class='ocrx_word' id='word_1_20' title='bbox 346 691 454 752; x_wconf 84' lang='lat' dir='ltr'>ordinis</span> <span class='ocrx_word' id='word_1_21' title='bbox 469 692 642 770; x_wconf 80' lang='lat' dir='ltr'>episcopalis</span> <span class='ocrx_word' id='word_1_22' title='bbox 656 701 795 770; x_wconf 76' lang='lat' dir='ltr'><strong>potestate</strong></span> <span class='ocrx_word' id='word_1_23' title='bbox 809 692 884 770; x_wconf 81' lang='lat' dir='ltr'>apud</span> <span class='ocrx_word' id='word_1_24' title='bbox 899 693 1083 771; x_wconf 81' lang='lat' dir='ltr'>Anglioanos‚</span> <span class='ocrx_word' id='word_1_25' title='bbox 1098 693 1234 768; x_wconf 83' lang='lat' dir='ltr'>quaedsm</span> <span class='ocrx_word' id='word_1_26' title='bbox 1253 692 1288 753; x_wconf 86' lang='lat' dir='ltr'>de</span> 
     </span>
     <span class='ocr_line' id='line_1_5' title="bbox 88 785 1288 869; baseline 0 -20"><span class='ocrx_word' id='word_1_27' title='bbox 88 790 288 869; x_wconf 84' lang='lat' dir='ltr'>jurisdictione</span> <span class='ocrx_word' id='word_1_28' title='bbox 304 785 463 866; x_wconf 79' lang='lat' dir='ltr'>adjicienda</span> <span class='ocrx_word' id='word_1_29' title='bbox 486 788 632 847; x_wconf 84' lang='lat' dir='ltr'>duximus.</span> <span class='ocrx_word' id='word_1_30' title='bbox 674 788 840 849; x_wconf 85' lang='lat' dir='ltr'>Jurisdiotio</span> <span class='ocrx_word' id='word_1_31' title='bbox 853 802 898 849; x_wconf 82' lang='lat' dir='ltr'>est</span> <span class='ocrx_word' id='word_1_32' title='bbox 911 800 1037 868; x_wconf 80' lang='lat' dir='ltr'>potestus</span> <span class='ocrx_word' id='word_1_33' title='bbox 1052 791 1215 869; x_wconf 80' lang='lat' dir='ltr'>regiminis,</span> <span class='ocrx_word' id='word_1_34' title='bbox 1231 809 1288 865; x_wconf 83' lang='lat' dir='ltr'>qus</span> 
     </span>
     <span class='ocr_line' id='line_1_6' title="bbox 92 886 1288 966; baseline 0 -20"><span class='ocrx_word' id='word_1_35' title='bbox 92 887 223 966; x_wconf 77' lang='lat' dir='ltr'>episcopi</span> <span class='ocrx_word' id='word_1_36' title='bbox 237 886 416 946; x_wconf 84' lang='lat' dir='ltr'>concreditos</span> <span class='ocrx_word' id='word_1_37' title='bbox 430 886 485 944; x_wconf 90' lang='lat' dir='ltr'>sibi</span> <span class='ocrx_word' id='word_1_38' title='bbox 500 904 600 965; x_wconf 79' lang='lat' dir='ltr'><strong>greges</strong></span> <span class='ocrx_word' id='word_1_39' title='bbox 615 898 727 962; x_wconf 82' lang='lat' dir='ltr'>regunt.</span> <span class='ocrx_word' id='word_1_40' title='bbox 748 886 827 945; x_wconf 82' lang='lat' dir='ltr'>Inter</span> <span class='ocrx_word' id='word_1_41' title='bbox 840 887 991 965; x_wconf 86' lang='lat' dir='ltr'>theologos</span> <span class='ocrx_word' id='word_1_42' title='bbox 1004 886 1179 965; x_wconf 77' lang='lat' dir='ltr'>disceptatur</span> <span class='ocrx_word' id='word_1_43' title='bbox 1192 898 1288 946; x_wconf 92' lang='lat' dir='ltr'>utrum</span> 
     </span>
     <span class='ocr_line' id='line_1_7' title="bbox 92 981 1288 1061; baseline 0.001 -18"><span class='ocrx_word' id='word_1_44' title='bbox 92 983 255 1044; x_wconf 79' lang='lat' dir='ltr'>immediate</span> <span class='ocrx_word' id='word_1_45' title='bbox 270 983 421 1061; x_wconf 83' lang='lat' dir='ltr'>proflusta</span> <span class='ocrx_word' id='word_1_46' title='bbox 436 983 566 1049; x_wconf 83' lang='lat' dir='ltr'>Christo,</span> <span class='ocrx_word' id='word_1_47' title='bbox 578 982 624 1040; x_wconf 86' lang='lat' dir='ltr'>vsl</span> <span class='ocrx_word' id='word_1_48' title='bbox 638 981 733 1040; x_wconf 79' lang='lat' dir='ltr'>modio</span> <span class='ocrx_word' id='word_1_49' title='bbox 748 983 895 1060; x_wconf 79' lang='lat' dir='ltr'>pontifice,</span> <span class='ocrx_word' id='word_1_50' title='bbox 907 983 1044 1042; x_wconf 89' lang='lat' dir='ltr'>omnibus</span> <span class='ocrx_word' id='word_1_51' title='bbox 1059 984 1213 1044; x_wconf 84' lang='lat' dir='ltr'>iatsutibus</span> <span class='ocrx_word' id='word_1_52' title='bbox 1223 1002 1288 1044; x_wconf 82' lang='lat' dir='ltr'>eam</span> 
     </span>
     <span class='ocr_line' id='line_1_8' title="bbox 93 1078 1288 1156; baseline 0.001 -17"><span class='ocrx_word' id='word_1_53' title='bbox 93 1098 132 1139; x_wconf 84' lang='lat' dir='ltr'>ex</span> <span class='ocrx_word' id='word_1_54' title='bbox 145 1080 256 1139; x_wconf 78' lang='lat' dir='ltr'>Christi</span> <span class='ocrx_word' id='word_1_55' title='bbox 278 1080 342 1156; x_wconf 85' lang='lat' dir='ltr'>lege</span> <span class='ocrx_word' id='word_1_56' title='bbox 364 1080 520 1156; x_wconf 74' lang='lat' dir='ltr'>pontificis·</span> <span class='ocrx_word' id='word_1_57' title='bbox 542 1078 703 1137; x_wconf 79' lang='lat' dir='ltr'>auctoritati</span> <span class='ocrx_word' id='word_1_58' title='bbox 724 1079 881 1156; x_wconf 79' lang='lat' dir='ltr'>subjacere.</span> <span class='ocrx_word' id='word_1_59' title='bbox 924 1079 1046 1140; x_wconf 76' lang='lat' dir='ltr'>Constat</span> <span class='ocrx_word' id='word_1_60' title='bbox 1060 1090 1153 1139; x_wconf 77' lang='lat' dir='ltr'>sutem</span> <span class='ocrx_word' id='word_1_61' title='bbox 1169 1098 1288 1140; x_wconf 77' lang='lat' dir='ltr'>omnem</span> 
     </span>
     <span class='ocr_line' id='line_1_9' title="bbox 83 1174 1287 1256; baseline 0.002 -21"><span class='ocrx_word' id='word_1_62' title='bbox 83 1188 260 1256; x_wconf 76' lang='lat' dir='ltr'>potestatum</span> <span class='ocrx_word' id='word_1_63' title='bbox 272 1196 382 1235; x_wconf 82' lang='lat' dir='ltr'>sacrum</span> <span class='ocrx_word' id='word_1_64' title='bbox 396 1197 413 1234; x_wconf 87' lang='lat' dir='ltr'>s</span> <span class='ocrx_word' id='word_1_65' title='bbox 427 1175 546 1234; x_wconf 80' lang='lat' dir='ltr'>Christo</span> <span class='ocrx_word' id='word_1_66' title='bbox 565 1175 696 1243; x_wconf 79' lang='lat' dir='ltr'>derivari,</span> <span class='ocrx_word' id='word_1_67' title='bbox 712 1174 783 1234; x_wconf 87' lang='lat' dir='ltr'>adso</span> <span class='ocrx_word' id='word_1_68' title='bbox 796 1188 828 1233; x_wconf 91' lang='lat' dir='ltr'>ut</span> <span class='ocrx_word' id='word_1_69' title='bbox 844 1176 922 1235; x_wconf 83' lang='lat' dir='ltr'>nulla</span> <span class='ocrx_word' id='word_1_70' title='bbox 943 1178 982 1235; x_wconf 90' lang='lat' dir='ltr'>sit</span> <span class='ocrx_word' id='word_1_71' title='bbox 995 1196 1060 1251; x_wconf 81' lang='lat' dir='ltr'>quae</span> <span class='ocrx_word' id='word_1_72' title='bbox 1075 1197 1092 1235; x_wconf 83' lang='lat' dir='ltr'>s</span> <span class='ocrx_word' id='word_1_73' title='bbox 1104 1177 1287 1256; x_wconf 78' lang='lat' dir='ltr'>principibus</span> 
     </span>
     <span class='ocr_line' id='line_1_10' title="bbox 92 1271 1288 1351; baseline 0 -19"><span class='ocrx_word' id='word_1_74' title='bbox 92 1273 223 1333; x_wconf 78' lang='lat' dir='ltr'>civilibus</span> <span class='ocrx_word' id='word_1_75' title='bbox 238 1272 284 1330; x_wconf 83' lang='lat' dir='ltr'>voi</span> <span class='ocrx_word' id='word_1_76' title='bbox 297 1292 314 1330; x_wconf 86' lang='lat' dir='ltr'>a</span> <span class='ocrx_word' id='word_1_77' title='bbox 328 1271 436 1351; x_wconf 88' lang='lat' dir='ltr'>populo</span> <span class='ocrx_word' id='word_1_78' title='bbox 450 1271 601 1330; x_wconf 84' lang='lat' dir='ltr'>derivetur.</span> <span class='ocrx_word' id='word_1_79' title='bbox 633 1271 699 1330; x_wconf 82' lang='lat' dir='ltr'>Jam</span> <span class='ocrx_word' id='word_1_80' title='bbox 714 1289 781 1329; x_wconf 86' lang='lat' dir='ltr'>vero</span> <span class='ocrx_word' id='word_1_81' title='bbox 795 1282 853 1330; x_wconf 86' lang='lat' dir='ltr'>tota</span> <span class='ocrx_word' id='word_1_82' title='bbox 866 1273 1083 1346; x_wconf 83' lang='lat' dir='ltr'>qualiscumque</span> <span class='ocrx_word' id='word_1_83' title='bbox 1098 1273 1136 1330; x_wconf 88' lang='lat' dir='ltr'>sit</span> <span class='ocrx_word' id='word_1_84' title='bbox 1149 1273 1288 1350; x_wconf 80' lang='lat' dir='ltr'>Anglioa·</span> 
     </span>
     <span class='ocr_line' id='line_1_11' title="bbox 91 1367 1285 1448; baseline 0 -18"><span class='ocrx_word' id='word_1_85' title='bbox 91 1389 193 1430; x_wconf 89' lang='lat' dir='ltr'>norum</span> <span class='ocrx_word' id='word_1_86' title='bbox 208 1371 408 1448; x_wconf 85' lang='lat' dir='ltr'>episcoporum</span> <span class='ocrx_word' id='word_1_87' title='bbox 426 1367 621 1446; x_wconf 83' lang='lat' dir='ltr'>jurisdictios</span> <span class='ocrx_word' id='word_1_88' title='bbox 641 1387 708 1446; x_wconf 79' lang='lat' dir='ltr'>rege</span> <span class='ocrx_word' id='word_1_89' title='bbox 731 1387 783 1427; x_wconf 83' lang='lat' dir='ltr'>ssu</span> <span class='ocrx_word' id='word_1_90' title='bbox 804 1369 902 1446; x_wconf 78' lang='lat' dir='ltr'>regina</span> <span class='ocrx_word' id='word_1_91' title='bbox 915 1369 1041 1428; x_wconf 76' lang='lat' dir='ltr'>derivata</span> <span class='ocrx_word' id='word_1_92' title='bbox 1062 1369 1234 1447; x_wconf 74' lang='lat' dir='ltr'>prodicatur</span> <span class='ocrx_word' id='word_1_93' title='bbox 1255 1373 1285 1430; x_wconf 90' lang='lat' dir='ltr'>in</span> 
     </span>
     <span class='ocr_line' id='line_1_12' title="bbox 91 1465 1289 1545; baseline 0.001 -19"><span class='ocrx_word' id='word_1_94' title='bbox 91 1467 222 1545; x_wconf 83' lang='lat' dir='ltr'>plurimis</span> <span class='ocrx_word' id='word_1_95' title='bbox 243 1467 354 1544; x_wconf 85' lang='lat' dir='ltr'>legibus</span> <span class='ocrx_word' id='word_1_96' title='bbox 375 1477 403 1523; x_wconf 82' lang='lat' dir='ltr'>st</span> <span class='ocrx_word' id='word_1_97' title='bbox 416 1465 528 1532; x_wconf 85' lang='lat' dir='ltr'>edictis,</span> <span class='ocrx_word' id='word_1_98' title='bbox 543 1467 699 1542; x_wconf 83' lang='lat' dir='ltr'>praesortim</span> <span class='ocrx_word' id='word_1_99' title='bbox 720 1482 785 1538; x_wconf 78' lang='lat' dir='ltr'>qum</span> <span class='ocrx_word' id='word_1_100' title='bbox 806 1466 838 1524; x_wconf 92' lang='lat' dir='ltr'>in</span> <span class='ocrx_word' id='word_1_101' title='bbox 860 1466 1024 1525; x_wconf 81' lang='lat' dir='ltr'>schismatis</span> <span class='ocrx_word' id='word_1_102' title='bbox 1045 1465 1212 1544; x_wconf 84' lang='lat' dir='ltr'>primordiis</span> <span class='ocrx_word' id='word_1_103' title='bbox 1232 1466 1289 1529; x_wconf 75' lang='lat' dir='ltr'>luta</span> 
     </span>
     <span class='ocr_line' id='line_1_13' title="bbox 91 1562 1286 1643; baseline 0.002 -19"><span class='ocrx_word' id='word_1_104' title='bbox 91 1574 168 1633; x_wconf 92' lang='lat' dir='ltr'>sunt,</span> <span class='ocrx_word' id='word_1_105' title='bbox 184 1565 265 1641; x_wconf 84' lang='lat' dir='ltr'>cujus</span> <span class='ocrx_word' id='word_1_106' title='bbox 279 1566 321 1622; x_wconf 90' lang='lat' dir='ltr'>rei</span> <span class='ocrx_word' id='word_1_107' title='bbox 335 1563 441 1622; x_wconf 83' lang='lat' dir='ltr'>indicis</span> <span class='ocrx_word' id='word_1_108' title='bbox 453 1562 639 1623; x_wconf 79' lang='lat' dir='ltr'>ordinationis</span> <span class='ocrx_word' id='word_1_109' title='bbox 650 1563 720 1621; x_wconf 90' lang='lat' dir='ltr'>ritus</span> <span class='ocrx_word' id='word_1_110' title='bbox 736 1562 828 1621; x_wconf 83' lang='lat' dir='ltr'>adhuc</span> <span class='ocrx_word' id='word_1_111' title='bbox 843 1564 959 1640; x_wconf 84' lang='lat' dir='ltr'>praebet.</span> <span class='ocrx_word' id='word_1_112' title='bbox 981 1564 1061 1643; x_wconf 84' lang='lat' dir='ltr'>Ergo</span> <span class='ocrx_word' id='word_1_113' title='bbox 1074 1566 1155 1624; x_wconf 90' lang='lat' dir='ltr'>omni</span> <span class='ocrx_word' id='word_1_114' title='bbox 1168 1584 1286 1642; x_wconf 88' lang='lat' dir='ltr'>prorsus</span> 
     </span>
     <span class='ocr_line' id='line_1_14' title="bbox 88 1658 1288 1738; baseline 0.005 -20"><span class='ocrx_word' id='word_1_115' title='bbox 88 1662 154 1738; x_wconf 87' lang='lat' dir='ltr'>jure</span> <span class='ocrx_word' id='word_1_116' title='bbox 168 1660 308 1738; x_wconf 89' lang='lat' dir='ltr'>spirituali</span> <span class='ocrx_word' id='word_1_117' title='bbox 322 1668 426 1727; x_wconf 81' lang='lat' dir='ltr'>carent,</span> <span class='ocrx_word' id='word_1_118' title='bbox 441 1658 549 1737; x_wconf 85' lang='lat' dir='ltr'>quippe</span> <span class='ocrx_word' id='word_1_119' title='bbox 563 1660 614 1733; x_wconf 89' lang='lat' dir='ltr'>qui</span> <span class='ocrx_word' id='word_1_120' title='bbox 627 1658 704 1717; x_wconf 86' lang='lat' dir='ltr'>hsud</span> <span class='ocrx_word' id='word_1_121' title='bbox 717 1679 734 1716; x_wconf 81' lang='lat' dir='ltr'><strong>a</strong></span> <span class='ocrx_word' id='word_1_122' title='bbox 748 1659 857 1736; x_wconf 88' lang='lat' dir='ltr'>Spiritu</span> <span class='ocrx_word' id='word_1_123' title='bbox 876 1661 983 1721; x_wconf 78' lang='lat' dir='ltr'>Sancto</span> <span class='ocrx_word' id='word_1_124' title='bbox 996 1660 1032 1719; x_wconf 80' lang='lat' dir='ltr'>ad</span> <span class='ocrx_word' id='word_1_125' title='bbox 1051 1660 1208 1738; x_wconf 80' lang='lat' dir='ltr'>regendum</span> <span class='ocrx_word' id='word_1_126' title='bbox 1230 1663 1288 1723; x_wconf 80' lang='lat' dir='ltr'>Ee·</span> 
     </span>
     <span class='ocr_line' id='line_1_15' title="bbox 93 1754 1289 1835; baseline 0.004 -19"><span class='ocrx_word' id='word_1_127' title='bbox 93 1757 211 1816; x_wconf 79' lang='lat' dir='ltr'>clerium</span> <span class='ocrx_word' id='word_1_128' title='bbox 225 1756 312 1834; x_wconf 89' lang='lat' dir='ltr'>positi</span> <span class='ocrx_word' id='word_1_129' title='bbox 325 1765 401 1824; x_wconf 90' lang='lat' dir='ltr'>suut,</span> <span class='ocrx_word' id='word_1_130' title='bbox 415 1756 467 1817; x_wconf 80' lang='lat' dir='ltr'>ssd</span> <span class='ocrx_word' id='word_1_131' title='bbox 480 1776 497 1814; x_wconf 83' lang='lat' dir='ltr'>u</span> <span class='ocrx_word' id='word_1_132' title='bbox 511 1765 649 1834; x_wconf 72' lang='lat' dir='ltr'>potestate</span> <span class='ocrx_word' id='word_1_133' title='bbox 662 1756 739 1814; x_wconf 81' lang='lat' dir='ltr'>civili</span> <span class='ocrx_word' id='word_1_134' title='bbox 755 1757 783 1814; x_wconf 91' lang='lat' dir='ltr'>in</span> <span class='ocrx_word' id='word_1_135' title='bbox 795 1754 879 1815; x_wconf 78' lang='lat' dir='ltr'>sedus</span> <span class='ocrx_word' id='word_1_136' title='bbox 890 1756 1070 1835; x_wconf 86' lang='lat' dir='ltr'>opisoopsles</span> <span class='ocrx_word' id='word_1_137' title='bbox 1083 1759 1197 1819; x_wconf 82' lang='lat' dir='ltr'>intrusi.</span> <span class='ocrx_word' id='word_1_138' title='bbox 1221 1759 1289 1821; x_wconf 85' lang='lat' dir='ltr'>Hoo</span> 
     </span>
     <span class='ocr_line' id='line_1_16' title="bbox 94 1850 1289 1936; baseline 0.008 -26"><span class='ocrx_word' id='word_1_139' title='bbox 94 1850 163 1911; x_wconf 84' lang='lat' dir='ltr'>vitio</span> <span class='ocrx_word' id='word_1_140' title='bbox 183 1852 321 1921; x_wconf 80' lang='lat' dir='ltr'>laborant,</span> <span class='ocrx_word' id='word_1_141' title='bbox 343 1852 415 1913; x_wconf 81' lang='lat' dir='ltr'>adeo</span> <span class='ocrx_word' id='word_1_142' title='bbox 433 1852 678 1920; x_wconf 72' lang='lat' dir='ltr'>mosomenses,</span> <span class='ocrx_word' id='word_1_143' title='bbox 699 1854 891 1913; x_wconf 79' lang='lat' dir='ltr'>successionis</span> <span class='ocrx_word' id='word_1_144' title='bbox 915 1855 1078 1931; x_wconf 80' lang='lat' dir='ltr'>apostoliooe</span> <span class='ocrx_word' id='word_1_145' title='bbox 1097 1855 1164 1934; x_wconf 85' lang='lat' dir='ltr'>jura</span> <span class='ocrx_word' id='word_1_146' title='bbox 1186 1858 1289 1936; x_wconf 83' lang='lat' dir='ltr'>prrsdi·</span> 
     </span>
     <span class='ocr_line' id='line_1_17' title="bbox 93 1948 1103 2030; baseline 0.003 -20"><span class='ocrx_word' id='word_1_147' title='bbox 93 1965 201 2020; x_wconf 75' lang='lat' dir='ltr'>cauus,</span> <span class='ocrx_word' id='word_1_148' title='bbox 213 1949 291 2010; x_wconf 77' lang='lat' dir='ltr'>houd</span> <span class='ocrx_word' id='word_1_149' title='bbox 304 1969 363 2010; x_wconf 80' lang='lat' dir='ltr'>suae</span> <span class='ocrx_word' id='word_1_150' title='bbox 377 1959 473 2019; x_wconf 76' lang='lat' dir='ltr'>secto,</span> <span class='ocrx_word' id='word_1_151' title='bbox 488 1948 539 2008; x_wconf 83' lang='lat' dir='ltr'>ssd</span> <span class='ocrx_word' id='word_1_152' title='bbox 554 1949 694 2010; x_wconf 79' lang='lat' dir='ltr'>Ecclesiae</span> <span class='ocrx_word' id='word_1_153' title='bbox 709 1949 867 2010; x_wconf 72' lang='lat' dir='ltr'>Catholicis</span> <span class='ocrx_word' id='word_1_154' title='bbox 880 1961 965 2030; x_wconf 75' lang='lat' dir='ltr'>agant</span> <span class='ocrx_word' id='word_1_155' title='bbox 977 1969 1103 2012; x_wconf 75' lang='lat' dir='ltr'>oausam.</span> 
     </span>
    </p>
   </div>
   <div class='ocr_carea' id='block_1_3' title="bbox 0 0 1408 5092">
    <p class='ocr_par' dir='ltr' id='par_1_4' title="bbox 0 0 1408 5092">
     <span class='ocr_line' id='line_1_18' title="bbox 0 0 1408 5092; baseline 0 0"><span class='ocrx_word' id='word_1_156' title='bbox 0 0 1408 5092; x_wconf 95' lang='lat' dir='ltr'> </span> 
     </span>
    </p>
   </div>
  </div>
 </body>
</html>
