2798 5092
109 343 148 399 88
473 342 529 401 DE
551 340 685 402 SACRO
707 340 943 401 COELIBATU.

109 501 157 559 bet
170 501 255 567 retati,
271 509 299 558 et
312 500 483 573 quibuslibet
496 519 590 560 rerum
613 500 753 577 adjunctis
775 501 935 559 conveniat.
977 500 1113 560 Profecto
1127 499 1225 559 nullas
1239 518 1309 560 enu·

110 610 308 658 meratcausas
322 608 423 674 praeter
436 599 608 657 matrimonii
625 599 806 666 tentationes,
817 597 1024 667 solicitudines‚
1034 611 1063 657 ct
1076 618 1176 667 onera,
1190 617 1258 675 qure
1267 598 1311 659 illi

109 695 221 754 muneri
242 695 389 762 inhaerent,
404 695 507 767 quibus
527 695 643 753 liberam
667 694 755 751 animi
776 694 969 752 conditionem
990 713 1089 753 eorum
1111 695 1163 769 qui
1177 693 1309 755 abdicate

109 793 251 869 voluptate
266 792 330 850 Deo
344 804 454 860 vacant,
469 792 601 869 opponit.
644 791 729 858 Quod
751 810 809 849 vox
830 792 878 849 illo
896 790 991 863 ἂοαγκη
1012 789 1169 865 aliquando
1189 791 1310 853 denotet

109 891 261 949 maximam
283 909 376 948 rerum
401 889 616 955 desolationem,
640 907 697 946 non
718 900 814 964 potest
833 889 945 947 obstare
966 889 1037 963 quin
1057 888 1105 948 hic
1130 889 1309 967 intelligatur

107 986 189 1044 obvia
203 986 410 1063 significatione
424 984 460 1043 dc
474 986 608 1061 praesenti
623 987 804 1051 necessitate,
819 1004 856 1043 ex
870 986 947 1043 curis
968 986 1152 1045 matrimonio
1172 985 1308 1056 adnexis,

107 1104 170 1158 quse
184 1085 295 1143 obstant
310 1103 346 1142 ne
360 1084 445 1141 breve
461 1085 524 1140 vitre
539 1084 661 1160 spatium
678 1092 766 1141 totum
783 1083 962 1160 impendatur
977 1083 1076 1142 salutis
1088 1084 1242 1161 operibus.

147 1187 213 1240 184.
238 1181 304 1259 ooj.
319 1189 349 1241 2.
372 1181 527 1258 Apostolus
548 1199 605 1239 non
627 1179 753 1253 loquitur
773 1179 809 1237 dc
835 1181 936 1239 merito
956 1199 1051 1240 coram
1074 1179 1150 1249 Deo,
1165 1181 1219 1241 sed
1235 1191 1256 1221 “
1268 1181 1305 1243 ds

106 1281 254 1356 temporali
269 1282 353 1346 bono,
368 1277 531 1346 commodo,
547 1290 575 1336 et
589 1277 684 1351 quiete
699 1278 728 1335 io
743 1277 795 1335 hac
811 1277 900 1336 vita.”
942 1277 985 1336 Ita
999 1276 1168 1337 Lutherus.¹

144 1377 234 1455 Reap.
257 1377 390 1436 Proiecto
404 1376 541 1435 edocebat
551 1375 707 1452 Apostolus
723 1374 822 1432 fideles
834 1375 869 1433 de
883 1375 980 1434 divina
990 1376 1146 1444 voluntate,
1158 1375 1305 1455 Spiritum

104 1475 182 1534 enim
197 1474 253 1533 Dei
268 1494 299 1533 se
321 1476 425 1534 babere
445 1493 504 1533 nou
525 1487 630 1532 temere
656 1473 738 1531 dixit.
780 1472 982 1549 Virginitatem
1002 1471 1141 1550 prodesse
1167 1472 1254 1533 docet
1274 1483 1307 1533 ut

106 1574 185 1649 uirgo
200 1573 238 1629 sit
251 1582 348 1630 sancta
361 1590 480 1649 corpore
501 1582 530 1628 et
549 1571 661 1648 spiritu,
677 1580 705 1627 et
732 1571 879 1629 hominem
907 1571 1058 1647 innuptum
1073 1570 1221 1631 solicitum
1238 1590 1304 1632 esse

104 1687 199 1726 rerum
214 1667 428 1726 Dominicamm
444 1666 588 1740 quomodo
604 1666 713 1742 placeat
724 1664 799 1723 Deo.
843 1665 916 1725 Hrcc
929 1666 1037 1744 majora
1050 1676 1119 1725 suut
1131 1685 1220 1741 quam
1237 1685 1302 1741 quae

105 1763 141 1821 de
155 1763 218 1821 sola
231 1764 318 1822 animi
333 1764 429 1837 quiete
445 1763 582 1841 explicari
597 1763 717 1842 possint.

148 1866 216 1920 185.
242 1845 309 1939 Obj'.
324 1868 353 1921 3.
376 1862 447 1928 Quae
462 1862 497 1920 de
512 1862 668 1940 virginibus
683 1862 713 1919 in
727 1861 905 1940 Apocalypsi
926 1862 1069 1931 dicuutur,
1092 1863 1127 1922 de
1148 1864 1303 1924 animabus

103 1959 262 2020 idololatris
271 1961 346 2020 haud
358 1961 505 2020 maculatis
518 1960 703 2038 intelligenda
715 1971 792 2027 sunt,
807 1961 1004 2021 fornicatiouis
1015 1962 1093 2021 euim
1105 1962 1161 2021 sub
1174 1963 1303 2043 imagine

104 2056 263 2116 idololatria
277 2057 351 2134 apud
366 2056 520 2134 prophetas
534 2057 684 2115 consuevit
697 2057 851 2134 designari.

139 2153 228 2232 Reop.
251 2154 320 2212 Non
334 2155 451 2211 interest
464 2154 673 2211 utrumanimas
686 2152 845 2210 idololatria
858 2152 922 2212 labe
935 2154 1091 2225 immunes,
1105 2156 1152 2215 rel
1167 2156 1298 2236 virgines

102 2251 312 2328 intelligamus;
334 2260 445 2309 constat
463 2249 562 2309 saltem
585 2268 648 2308 eam
672 2249 799 2307 adhiberi
820 2250 1053 2327 imaginemque
1067 2253 1109 2312 rei
1130 2256 1297 2326 conveniet,

101 2348 224 2421 ideoque
239 2349 379 2424 virginum
396 2348 545 2425 puritatem
560 2359 588 2406 et
604 2348 720 2424 premia
734 2347 814 2405 valde
826 2349 1031 2410 commendari.

144 2451 211 2504 186.
237 2445 303 2523 obj.
319 2449 348 2503 4.
370 2446 520 2521 singulare
535 2444 598 2503 rite
619 2464 709 2522 genus
725 2466 781 2519 quo
796 2447 884 2506 homo
898 2468 914 2506 a
927 2448 1073 2508 consortio
1084 2451 1188 2510 marito
1202 2471 1237 2512 se
1251 2454 1302 2513 ab·

99 2545 195 2611 stinet,
224 2554 330 2601 naturae
345 2551 492 2620 repugnat.
514 2541 636 2616 ideoque
657 2544 764 2602 tristem
787 2545 853 2603 lacit
876 2545 1024 2605 homiuem
1047 2556 1077 2605 et
1095 2560 1258 2621 austerum,
1272 2560 1304 2613 et

101 2645 217 2701 morbos
232 2643 413 2719 plurimaque
434 2640 618 2700 incommoda
636 2661 735 2701 secum
757 2643 851 2713 trahit,
866 2654 897 2703 ut
910 2643 946 2703 de
961 2646 1096 2722 peccetis,
1108 2665 1235 2721 quorum
1254 2660 1302 2711 est

101 2760 196 2808 causa,
211 2741 357 2798 sileamus.

138 2838 226 2916 Rerp.
250 2838 367 2896 Naturae
382 2856 440 2896 non
463 2847 654 2915 repugnarunt
672 2847 791 2912 uterque
811 2839 950 2908 loannes,
973 2840 1092 2910 Paulus,
1107 2853 1136 2900 et
1150 2851 1193 2902 tot
1213 2862 1299 2905 sauc-

99 2937 203 2994 tissimi
217 2937 270 2994 viri
285 2937 333 3008 qui
348 2935 509 2994 coelibatum
526 2935 694 3004 coluemnt;
716 2936 766 2993 sed
784 2937 985 3013 cupiditatibus
1000 2939 1174 3009 restiterunt,
1189 2943 1300 3003 mentis

97 3033 240 3090 exercitiis
255 3052 318 3105 qua
333 3032 490 3100 bominem,
504 3032 689 3091 christianum
706 3034 873 3109 praesertim,
888 3031 1000 3101 decent,
1013 3046 1156 3095 secantes.
1180 3037 1300 3105 Quanto

99 3149 180 3190 mens
195 3150 314 3208 corpore
330 3140 453 3208 praestat,
469 3149 503 3187 ea
527 3131 638 3205 potiora
660 3129 790 3188 habenda
813 3141 880 3189 sunt
894 3130 999 3197 officia,
1015 3142 1043 3191 et
1059 3135 1151 3212 magis
1165 3153 1300 3214 congrua

98 3242 217 3296 naturae,
233 3247 297 3301 qure
313 3228 400 3285 homo
415 3227 493 3292 facit.
510 3227 618 3283 ratione
634 3237 662 3283 et
682 3228 768 3285 animi
791 3228 939 3286 affectibus
953 3239 1045 3288 utens.
1087 3229 1204 3289 Hilares
1220 3252 1302 3293 max·

97 3324 153 3383 imc
167 3333 234 3381 sunt
248 3337 275 3381 et
290 3322 405 3398 benigni
430 3321 545 3398 plurimi
567 3323 701 3380 castitatis
723 3323 856 3390 cultores,
879 3324 973 3398 iisque
988 3326 1095 3385 riribns
1110 3327 1246 3388 fruuntur
1265 3341 1297 3390 et

96 3421 265 3488 valetudine,
281 3439 339 3492 qua
358 3429 455 3477 carent
474 3427 627 3477 sectatores
644 3419 805 3495 voluptatis.
848 3421 932 3488 Quod
947 3422 983 3481 de
998 3424 1122 3501 peccatis
1143 3427 1296 3498 asseritur,

95 3530 171 3575 caret
184 3518 378 3584 fundamento,
394 3535 460 3574 nam
482 3517 629 3575 cmlibatus
652 3537 737 3590 quem
752 3517 930 3577 vindicamus
951 3520 999 3580 ille
1014 3532 1058 3580 est
1072 3523 1122 3597 qui
1136 3543 1245 3603 corpus
1268 3535 1300 3588 et

94 3615 217 3671 animam
233 3615 430 3690 amplectitur:
453 3633 540 3686 aquo
556 3615 620 3687 quis
637 3628 753 3690 peccato
767 3615 882 3676 decidit.

137 3716 203 3770 187.
229 3709 295 3789 obj.
312 3716 340 3769 5.
363 3711 521 3769 Coelibatus
532 3713 683 3788 perlectos,
696 3715 788 3787 qualis
801 3736 818 3773 a
829 3717 988 3777 catholicis
1003 3717 1177 3796 depingitur,
1189 3720 1298 3781 nullibi

91 3809 249 3886 reperitur:
272 3826 340 3886 ergo
354 3818 411 3866 tota
426 3810 547 3882 quaestio
560 3810 595 3867 do
612 3829 689 3869 mera
709 3812 825 3870 notione
840 3823 894 3882 est,
909 3815 950 3873 rei
964 3815 1080 3873 veritate
1095 3835 1154 3875 non
1170 3834 1297 3897 respou-

93 3908 188 3967 dente.

130 4006 220 4084 Resp.
242 4005 312 4064 Non
328 4023 406 4063 mera
419 4015 463 4063 est
478 4007 566 4073 notio,
589 4009 721 4080 quamvis
736 4009 813 4067 enim
828 4029 862 4067 ea
884 4011 922 4068 sit
946 4009 1097 4069 bominum
1112 4012 1244 4073 conditio
1263 4025 1297 4075 ut

92 4102 174 4161 facile
193 4103 286 4163 labem
301 4103 450 4161 contrahat
463 4104 594 4177 quisquis
610 4106 734 4163 maxima
751 4125 809 4164 non
823 4125 893 4165 usus
914 4107 999 4165 luerit
1013 4107 1171 4182 vigilantia,
1186 4111 1294 4173 humili

89 4198 182 4256 effusa
196 4221 279 4277 prece
291 4221 298 4269 ς
315 4212 408 4259 temen
426 4200 480 4258 Dei
495 4199 636 4277 adjutorio
650 4205 744 4280 gravis
759 4203 854 4262 omnis
868 4204 954 4280 culpa
966 4205 1072 4279 poterit
1085 4206 1197 4266 evitari.
1231 4210 1295 4271 Ex·

90 4295 186 4369 empla
200 4317 319 4357 numero
335 4299 445 4356 infinito
459 4298 623 4375 suppeditat
637 4300 779 4359 Ecclesiae
799 4301 927 4369 historia,
943 4311 971 4359 et
985 4303 1070 4362 etiam
1086 4303 1228 4368 hodierna
1241 4329 1294 4372 ex·

89 4391 238 4469 periretis,
254 4407 338 4472 prout
350 4405 461 4455 constat
476 4396 551 4453 veris
565 4414 660 4454 rerum
676 4398 907 4457 aestimatoribus.

551 4553 593 4618 (l)
612 4553 643 4602 lu
654 4552 830 4617 Epithalamio.
