2798 5092
476 335 532 396 oe
554 333 841 395 omesuouus.
1172 301 1246 392 ‘no

44 497 108 555 vim
122 496 188 573 ejus
202 493 343 554 contineri
354 467 478 560 donent,
495 494 627 566 quamvis
647 492 789 552 dubitetur
808 501 901 551 utrum
922 504 1041 568 uterque
1054 495 1093 553 sit
1117 512 1248 554 necessa·

45 595 119 652 rius.
162 593 213 650 Sic
228 593 259 651 in
273 591 489 650 confirmatione
503 589 678 667 disceptatur
692 589 727 648 de
741 588 904 648 chrismatis
919 592 1088 651 necessitate
1101 613 1109 659 ς
1130 593 1160 652 in
1174 591 1249 652 ordi·

48 692 168 750 natione
182 690 219 748 dc
234 689 487 748 instrumentorum
501 689 700 764 porrection03
722 706 775 745 nec
790 697 884 747 tamen
898 686 1006 746 dubitat
1026 691 1129 763 aliquis
1144 702 1251 750 utrum·

51 807 110 862 que
124 797 334 847 sacramentum
358 785 468 864 perfici,
493 787 549 843 ritu
574 784 714 842 Ecclesiae
737 796 862 861 peracto.
904 784 1047 844 Ceterum
1075 786 1192 847 dubium
1212 808 1251 848 ex

48 887 159 945 rituum
181 882 363 944 multitudiue
377 901 436 942 non
460 893 505 941 est
527 891 631 948 ortum,
647 881 698 938 scd
719 899 757 939 ex
776 881 856 940 brevi
877 880 1010 940 narrandi
1034 885 1143 941 ratione
1164 867 1251 959 quam

50 994 169 1044 secutus
184 995 230 1042 est
243 1000 325 1040 sacer
336 982 457 1058 scriptor
469 1001 477 1048 ;
499 990 577 1038 etex
589 989 836 1038 monumentorum
851 980 1033 1054 antiquorum
1047 979 1170 1039 defectu.

93 1084 143 1139 79.
168 1077 238 1158 ooj.
253 1083 282 1137 3.
305 1077 493 1136 Cercmoniae
517 1078 547 1134 in
571 1076 755 1134 sacramentis
779 1075 913 1134 adhibitas
934 1076 1111 1152 judaismum
1125 1080 1255 1155 sapiunt,

51 1176 152 1253 potius
176 1193 265 1248 quam
287 1173 430 1251 simplicia
452 1171 561 1231 Christi
585 1172 723 1231 instituta.
765 1172 893 1232 Plurima
917 1175 947 1233 in
968 1174 1109 1251 baptismo
1123 1175 1196 1234 liunt
1215 1177 1251 1236 ad

53 1273 146 1331 instar
158 1272 231 1330 ritus
245 1290 304 1345 quo
318 1270 457 1349 proselyti
471 1269 694 1346 excipiebantur.

95 1367 187 1446 Κεφ.
204 1368 289 1426 Nihil
298 1367 446 1446 judaicum
461 1367 491 1424 in
505 1366 683 1425 ceremoniis
707 1366 763 1424 his.
774 1366 898 1443 reperire
912 1378 966 1436 cst,
981 1386 1070 1441 quum
1091 1369 1253 1429 christianis

54 1467 206 1544 mysteriis
218 1466 384 1534 innitantur,
399 1474 428 1522 et
440 1464 536 1524 officia
548 1464 695 1523 insinuent
707 1464 870 1524 christiana.
911 1465 1056 1539 Equidem
1071 1469 1102 1525 in
1117 1467 1180 1545 lege
1195 1487 1255 1528 mo·

55 1565 134 1622 saica
144 1565 218 1622 ritus
232 1563 346 1622 fuerunt
360 1563 410 1636 qui
423 1562 601 1635 aliquatenus
615 1571 683 1619 sunt
696 1561 800 1619 nostris
826 1561 938 1631 affines,
953 1562 1004 1621 sed
1019 1565 1044 1622 si
1058 1566 1145 1623 simul
1160 1566 1256 1625 conle-

54 1673 163 1730 rantur‚
176 1661 285 1738 patebit
297 1659 462 1718 discrimen.
504 1658 585 1718 idem
600 1657 753 1718 dicendum
769 1659 804 1717 de
818 1660 919 1718 ritibus
935 1662 1037 1734 quibus
1053 1664 1192 1741 proselyti
1207 1685 1257 1725 ex·

53 1761 113 1838 cipi
126 1760 267 1818 solebant.
309 1757 395 1825 Quod
409 1757 444 1816 de
458 1757 639 1834 simplicitate
659 1758 856 1816 institutorum
879 1758 989 1818 Christi
1003 1761 1115 1832 dicitur,
1141 1783 1158 1821 e
1185 1784 1259 1842 pre·

53 1857 166 1936 judicio
181 1856 290 1934 vulgari
305 1856 458 1923 derivatur,
472 1865 501 1913 et
515 1856 622 1928 absque
637 1854 739 1912 tabulis
761 1857 896 1913 asseritur
909 1875 917 1923 ;
939 1860 1090 1936 nonenim
1105 1860 1176 1919 adeo
1190 1863 1259 1921 sirn-

60 1955 150 2032 plicia
160 1953 275 2012 luerunt
288 1962 320 2010 ut
333 1950 552 2010 excluderentur
564 1950 753 2017 castimonie,
770 1951 811 2008 uti
826 1961 902 2026 patet
915 1970 953 2010 ex
965 1956 1142 2015 vetutissimo
1157 1976 1211 2015 usu
1223 1960 1258 2018 ab

58 2050 209 2128 Apostolis
223 2048 361 2117 derivato,
376 2049 426 2122 qui
439 2057 515 2106 certe
529 2048 642 2105 suemnt
663 2046 764 2122 optimi
786 2045 895 2105 Christi
911 2048 1063 2107 voluntaris
1078 2051 1257 2128 interpretes.

100 2153 150 2207 80.
175 2147 245 2227 obj.
259 2152 289 2205 4.
312 2146 409 2205 Gratis
434 2144 593 2204 resemutur
614 2145 792 2203 ceremoniis
815 2158 1056 2206 sacrameutorum
1086 2148 1122 2207 ad
1146 2161 1258 2210 etatem

59 2244 273 2330 Apostolicam.

100 2341 192 2418 Resp.
209 2340 405 2399 Tertullianus
419 2339 473 2396 sub
494 2338 581 2396 finem
603 2336 702 2396 saeculi
715 2337 834 2396 secundi
848 2349 877 2396 et
890 2340 1002 2398 initium
1020 2343 1104 2411 tertii,
1120 2344 1259 2421 plurimas

62 2439 310 2507 commemoravit,
326 2437 413 2496 veluti
427 2436 462 2495 ab
476 2436 624 2512 Apostolis
640 2435 788 2495 traditione
800 2436 951 2506 derivatas,
962 2450 990 2498 et
1003 2444 1149 2501 communi
1159 2442 1261 2503 Eccle-

61 2539 172 2597 siarum
200 2554 253 2594 usu
276 2534 401 2593 firmatas
415 2537 438 2602 3²
458 2532 535 2608 quod
549 2533 677 2610 prolecto
691 2533 887 2593 testimonium
899 2536 1048 2610 antiquum
1062 2549 1106 2596 est
1119 2549 1149 2598 et
1162 2542 1260 2618 magni

62 2636 217 2698 momenti.
259 2633 324 2693 Alia
349 2617 520 2691 adduximus
542 2631 752 2709 quamplurima
779 2631 848 2691 dum
878 2632 913 2691 de
931 2634 1052 2712 singulis
1077 2634 1263 2698 sacramentis

62 2750 226 2812 ageremus.

104 2835 156 2890 st.
180 2827 248 2907 obj.
265 2831 293 2886 5.
315 2826 419 2885 Risum
434 2834 551 2884 movent
570 2834 598 2882 et
612 2825 787 2901 impietatem
802 2835 959 2902 provocant
972 2827 1265 2905 pleraquccaercmo·

64 2929 121 2988 nie
135 2927 167 2986 in
182 2925 423 2985 sacramentorum
438 2921 671 2981 adminstratione
682 2920 835 3004 adhibitis:
859 2941 875 2979 v
890 2943 898 2980 ι
920 2942 960 3001 g:
983 2924 1202 2999 insufflationes,
1217 2951 1266 2990 au·

64 3029 141 3087 rium
157 3025 326 3097 nariumque
340 3021 429 3080 saliva
442 3030 598 3089 contactus,
614 3019 682 3077 salis
696 3004 726 3078 in
741 3038 778 3077 os
789 3020 932 3079 immissio
946 3034 999 3080 etc.

105 3125 196 3204 Κεφ.
219 3123 278 3190 Qui
299 3122 395 3180 animo
418 3123 491 3178 benc
515 3126 648 3197 parantur
661 3119 731 3177 ritus
756 3137 858 3204 omncs
873 3120 903 3206 in
922 3123 1107 3180 sacramentis
1122 3122 1265 3186 adhibitos

67 3231 233 3283 reverenter
256 3217 493 3294 contemplantur,
518 3232 567 3272 eas
589 3213 752 3298 recolentes
776 3213 887 3273 Christi
913 3214 1031 3275 Domini
1047 3236 1092 3275 res
1109 3231 1204 3296 gestas
1220 3221 1267 3279 vel

66 3323 144 3380 dicta
159 3329 222 3396 quar
237 3317 274 3374 iis
294 3323 562 3374 commemorantur.
605 3311 682 3370 luter
702 3312 883 3389 probationes
905 3311 1077 3372 adduximus
1093 3316 1229 3376 miracula
1249 3337 1267 3377 a

69 3419 313 3496 Christopatrata
328 3430 391 3488 que
405 3414 436 3471 in
451 3411 617 3471 memoriam
629 3421 798 3489 revocantur
810 3413 920 3470 aurium
935 3422 1010 3470 tactu
1024 3413 1122 3482 saliva,
1137 3417 1266 3476 et'insul-

70 3515 197 3574 flatiouis
207 3513 384 3590 exemplum.
406 3510 456 3568 Sal
470 3508 617 3585 sapientie
632 3517 660 3565 et
674 3509 832 3584 incorrupti
842 3508 929 3566 animi
940 3509 1103 3586 symbolum
1115 3525 1268 3592 usurpatur

71 3612 112 3675 ad
124 3614 239 3692 gratiam
252 3609 445 3688 evangelicam
458 3603 684 3684 significandam,
699 3623 755 3679 qua
768 3604 910 3663 efficimur
920 3615 940 3643 “
953 3607 995 3664 sal
1009 3608 1120 3668 terrae.’'

117 3711 341 3771 Haec'breviter:
358 3726 421 3782 qua
434 3705 628 3763 desiderantur
637 3722 674 3761 ex
682 3703 855 3781 specialibus
864 3703 900 3763 de
911 3708 1096 3766 sacramentis
1107 3711 1268 3771 tractatibus

76 3812 172 3890 colligi
186 3819 315 3888 possunt.
357 3805 423 3864 Jam
444 3803 479 3862 de
504 3803 580 3861 cultu
604 3803 738 3860 universo
758 3795 893 3878 religioso
907 3803 1049 3880 agendum
1063 3816 1116 3874 est,
1132 3816 1163 3865 ut
1176 3817 1270 3884 pateat

78 3907 236 3967 Ecclesiam
253 3901 433 3963 Catholicam
449 3917 553 3977 purum
567 3909 595 3955 et
609 3897 749 3974 integrum
765 3898 829 3957 Deo
844 3897 963 3970 deferre,
979 3903 1029 3976 qui
1044 3902 1162 3982 proinde
1178 3904 1270 3964 illisit

83 4014 182 4082 gratus,
197 4002 356 4065 colentibus
371 4009 464 4060 autem
480 3995 604 4057 maxime
618 3995 706 4055 utilis.

478 4159 521 4224 (1)
541 4155 570 4206 L.
581 4156 611 4206 de
622 4170 712 4205 corona
722 4154 815 4206 militis.
