2812 5092
999 200 1075 263 0,..οἎ
1121 222 1261 263 ·.'a*'·'.

1026 250 1254 329 ·⁶···*··'··†ai'3.
1354 266 1373 291 ·‘

1041 64 1054 123 t'
1213 66 1244 111 -”“·

1007 144 1027 167 ,0,
1041 144 1053 161 0-
1191 156 1213 171 Ι,
1231 152 1234 157 .

1020 162 1044 231 :r
1113 194 1116 199 -
1137 228 1141 239 ,
1163 152 1345 247 n

337 350 396 413 ure
416 352 616 415 00000000
633 350 961 413 000000000000000.
988 302 1018 361 ¹
1038 290 1255 449 0000)Ὶᾶ
1277 330 1281 337 -
1376 300 1401 357 r

64 516 70 523 “
94 512 161 567 101.
183 507 314 567 Plurima
327 529 344 568 a
357 511 478 570 summis
492 512 675 589 pontificibus
688 521 791 570 statuta
803 522 880 580 sunt,
895 519 926 569 ut
938 520 1049 569 0010000
1066 494 1107 583 illi
1122 500 1246 568 canoniea
1294 522 1313 579 ξι

51 617 148 666 sancte
162 607 270 665 servari
284 619 443 686 pergerent.
483 608 646 684 Aliquando
658 610 775 684 quidem
787 609 906 686 speciali
920 609 1097 688 indulgentia
1109 609 1248 686 permise-

49 713 117 765 runt
135 706 249 781 nuptias
274 707 439 784 hujusmodi
463 707 535 776 fieri,
550 708 762 767 conditionibus
786 707 957 782 quibusdam
972 708 1123 785 appositis,
1140 692 1245 780 unibus
1346 692 1354 705 ⁸

52 801 141 878 prolis
157 801 305 860 catholicae
319 802 480 862 educationi
494 805 638 880 praecipue
661 804 870 863 consulebatur.
911 803 1016 863 Sedet
1029 822 1130 862 omnes
1144 802 1247 861 intelli·
1277 834 1292 863 0

51 909 119 978 gant
132 918 219 974 quam
232 901 324 960 aliena
337 903 374 960 eit
388 901 521 961 Ecclesia
533 904 568 961 ab
582 903 746 981 hujusmodi
755 903 906 962 connubiis
921 902 991 961 adeo
1008 904 1102 980 plenis
1117 901 1246 979 periculi,

52 1005 82 1054 01
94 1016 113 1054 a
125 998 271 1056 sanctitate
285 1000 452 1057 sacramenti
468 1000 696 1067 abhorrentibus,
713 1000 807 1058 solent
816 1000 917 1077 jubere
934 1009 954 1036 ‘⁸
967 1019 1002 1059 ne
1013 1016 1147 1072 umquam
1160 999 1249 1056 mixta
1264 1052 1275 1077 0

52 1091 117 1151 boec
130 1112 205 1153 conn
244 1096 272 1153 ia
284 1096 357 1154 intra
373 1097 447 1155 sacri
461 1097 560 1174 templi
575 1098 710 1155 ambitum
735 1097 835 1173 perfici
856 1098 931 1154 sinat
953 1095 1154 1175 (0000110000)
1170 1105 1200 1152 et
1219 1104 1250 1151 ut

37 1190 90 1248 .ab
116 1095 305 1355 1000οΞ010
330 1195 563 1252 contrahentibus
583 1193 750 1252 sacerdotali
770 1193 980 1260 benedictione,
1001 1205 1029 1251 et
1054 1212 1071 1250 a
1097 1190 1249 1250 recitandis

53 1286 186 1363 precibus
238 1276 377 1348 'Romano
386 1289 493 1348 Rituali
509 1291 680 1366 praescriptis
692 1309 744 1366 pro
758 1289 947 1348 celebratione
959 1289 1120 1365 nuptiarum
1132 1287 1251 1345 omuino

55 1385 228 1444 abstineat.''
245 1432 248 1437 ,
266 1386 439 1446 Permittunt
460 1388 570 1446 scilicet
595 1388 622 1445 ei
643 1388 815 1446 “materiali
841 1397 949 1445 tantum
973 1387 1123 1464 praesentia
1138 1385 1249 1450 adesse,

15 1530 22 1535 .
55 1484 174 1561 perinde
189 1504 222 1543 ac
236 1486 262 1544 01
275 1487 360 1545 00100
385 1495 480 1564 ageret
493 1498 586 1564 partes
601 1487 692 1555 testie,
707 1487 840 1553 utrium,
856 1487 1008 1560 qualificati
1022 1486 1083 1543 eive
1098 1486 1252 1543 auctoriza-

55 1579 169 1649 101110.”1
209 1581 399 1659 Disciplinam
414 1584 488 1643 hauc
502 1583 659 1641 novissime
671 1583 825 1641 vindicavit
839 1582 1083 1659 Archiepiscopui
1090 1564 1252 1640 110100100-

55 1672 108 1748 010,
121 1697 209 1753 00000
225 1689 253 1737 01
277 1689 391 1738 0000100
413 1690 457 1739 001
479 1680 721 1758 Archiepiscopus
743 1680 960 1747 Posnaniensis,
975 1689 1094 1752 uterque
1117 1678 1252 1736 aemmnis
1297 1742 1309 1767 ,

56 1784 86 1834 et
98 1776 188 1850 exilio
205 1776 357 1853 gloriosus,
373 1777 564 1836 Borussorum
579 1778 648 1854 regi,
670 1786 750 1836 extra
763 1777 856 1835 civilis
871 1779 1018 1853 potestatis
1034 1777 1138 1834 limites
1153 1795 1253 1835 excur-

57 1873 143 1941 renti,
158 1874 266 1933 fortiter
280 1887 308 1934 el
320 1876 459 1944 modeste,
473 1888 556 1953 prout
568 1877 707 1934 Ecclesiae
719 1877 856 1952 praesules
871 1876 961 1943 decet,
977 1895 1149 1952 repugnans.
1191 1876 1254 1934 Uti·

56 1989 126 2030 nam
141 1979 171 2029 et
182 1974 265 2031 nobie
279 1973 429 2049 contigerit
443 1982 540 2031 sancta
553 1991 666 2030 0000000
686 1973 761 2048 jura,
777 1982 807 2029 et
820 1972 947 2030 fidelium
962 1973 1056 2038 saluti,
1072 1991 1134 2044 quae
1150 1973 1254 2030 infaus-

57 2066 96 2125 tis
112 2069 263 2126 connubiis
284 2069 367 2126 toties
391 2068 575 2145 periclitatur,
589 2066 758 2125 consulere!
779 2067 890 2165 gerru
914 2086 971 2140 quo
986 2066 1049 2125 loco
1071 2068 1223 2124 habeamur
1238 2086 1255 2123 a

57 2166 187 2224 sectariis
202 2167 300 2241 liquet,
316 2185 406 2240 quum
420 2185 473 2225 nos
488 2166 574 2223 veluti
586 2163 749 2224 idololatras
770 2162 926 2233 traducant,
944 2185 960 2222 a
974 2183 1094 2238 quorum
1112 2165 1256 2222 consortio

60 2260 271 2321 abhorrendum
285 2264 348 2321 sit.8
1256 2274 1259 2279 “

104 2360 170 2416 100.
203 2356 252 2416 Vis
279 2357 399 2436 impedit
419 2359 488 2432 quin
519 2359 610 2416 valeat
631 2343 857 2426 matrimonium,
887 2358 1000 2436 quoties
1023 2367 1097 2415 tanta
1124 2368 1168 2415 001
1192 2375 1256 2428 quta

58 2472 177 2532 gravem
191 2455 292 2515 incutit
306 2457 461 2514 timorem.⁸
502 2456 601 2515 Puella
616 2446 702 2514 minis
717 2466 764 2512 aut
785 2456 968 2532 improperiis
991 2456 1077 2532 patris
1101 2455 1136 2513 ad
1150 2474 1257 2513 connu-

58 2552 139 2611 bium
163 2550 270 2621 adacte,
286 2554 399 2612 vinculo
412 2554 539 2631 conjugii
553 2573 611 2612 non
624 2553 736 2630 ligatur,
752 2553 808 2610 nisi
822 2551 969 2629 deinceps,
985 2571 1108 2611 noscens
1132 2554 1255 2629 priorem

64 2636 239 2709 consensum
253 2650 328 2710 haud
350 2650 455 2719 valere,
476 2651 761 2710 111000000000001101.4
801 2650 859 2716 Qui
884 2669 920 2707 ex
945 2661 1022 2707 metu
1043 2671 1079 2708 ne
1101 2651 1255 2728 propinqui

62 2746 168 2805 01110110
183 2747 284 2826 puellae
298 2749 469 2807 ulciscantur
494 2749 638 2826 injuriam,
660 2767 721 2805 earn
747 2747 834 2813 ducit,
849 2748 912 2823 ejus
928 2750 1045 2804 maritus
1059 2766 1126 2804 0000
1141 2766 1258 2805 000000·

61 2844 117 2903 dus
131 2855 186 2915 est,
209 2845 265 2903 0101
284 2864 361 2904 mors
376 2846 421 2904 001
435 2846 634 2922 gravissimum
651 2845 827 2921 supplicium
842 2854 921 2900 extra
931 2845 1049 2920 justitiae
1071 2845 1198 2902 ordinem
1218 2845 1261 2900 in·

62 2952 201 3002 tentatum
216 2946 243 3003 ei
257 2944 341 3002 suerit
355 2942 390 3001 ad
404 2942 630 3016 extorquendum
643 2945 842 3000 consensum.⁵
882 2941 923 2998 Ut
934 2941 1055 2999 libertati
1067 2941 1259 2998 matrimonio·

63 3058 126 3098 rum
141 3039 301 3099 consuleret
316 3039 445 3116 synodus
460 3038 639 3106 Tridentina,
650 3039 739 3096 vetuit
750 3037 873 3095 dominis
890 3037 1093 3112 temporalibus
1108 3057 1141 3094 00
1158 3038 1260 3112 magis·

63 3136 192 3205 tratibus,
207 3137 395 3210 omnibusque
420 3137 505 3193 “sub
520 3136 706 3194 anathematis
727 3154 811 3211 prena
832 3152 916 3207 quam
938 3135 1003 3210 ipso
1017 3133 1090 3191 sacto
1106 3135 1258 3199 incurrant,

65 3252 103 3293 000
118 3235 221 3307 000010
236 3235 322 3292 modo
337 3234 442 3292 directe
458 3234 503 3291 001
518 3233 664 3299 indirecte,
680 3231 903 3300 subditos'suos,
921 3231 966 3289 001
981 3249 1178 3305 quoscumque
1189 3231 1260 3288 alius

65 3340 179 3409 cogant,
194 3332 347 3405 quominus
364 3332 451 3389 libere
466 3331 647 3404 matrimonia
662 3328 875 3388 contrahant.”⁰

108 3434 176 3489 103.
200 3429 279 3489 Ordo
293 3427 373 3488 sacer
397 3441 548 3506 susceptus
569 3427 690 3505 impedit
713 3447 750 3486 ne
771 3428 863 3486 valeat
881 3425 1093 3485 matrimonium
1107 3436 1207 3500 postea
1221 3437 1261 3483 at·

63 3537 213 3596 tentatum,
228 3527 367 3587 Ecclesiae
382 3527 490 3587 irritum
505 3525 575 3584 illud
588 3525 769 3593 decernente,
785 3526 826 3582 uti
833 3526 896 3601 jam
911 3522 1060 3581 vidimus.⁷

102 3709 116 3774 (
120 3710 145 3770 1)
164 3704 436 3756 viderenturne:
455 3702 527 3753 “Etsi
538 3701 694 3752 fraternitatis
706 3699 729 3761 ;''
742 3701 773 3750 ad
784 3700 900 3765 Archiep.
912 3699 1026 3762 Mognut
1038 3714 1104 3748 anno
1118 3701 1191 3748 1803.

100 3794 142 3859 (2)
162 3798 176 3822 ‘⁴
186 3791 255 3841 Such
266 3807 293 3840 00
303 3790 395 3855 profess
406 3789 447 3839 the
458 3788 576 3838 reformed
587 3787 690 3850 religion
709 3786 797 3836 should
817 3793 861 3836 not
879 3801 959 3850 marry
971 3784 1032 3835 with
1044 3784 1148 3846 infidele,
1160 3784 1273 3849 Papiste,

66 3898 94 3933 00
104 3881 175 3931 011000
185 3876 321 3929 idolaters.”
358 3875 524 3941 Presbyterian
532 3875 671 3925 confession
682 3873 710 3924 of
723 3874 791 3934 101110,
803 3873 843 3923 010.
854 3872 922 3922 xxiv.
933 3888 958 3921 u.
970 3874 994 3920 3.

101 3969 146 4035 (3)
166 3968 214 4019 “A
222 3967 339 4029 marriage
347 3963 464 4031 procured
471 3965 503 4027 by
512 3963 576 4012 10000
587 3978 614 4010 00
625 3960 702 4021 fraud,
711 3961 733 4010 is
744 3962 794 4010 also
806 3960 862 4009 void
874 3960 903 4008 ab
914 3957 996 4018 initio,
1008 3958 1056 4008 and
1068 3974 1124 4022 may
1136 3959 1166 4006 he
1175 3956 1265 4007 treated

67 4073 96 4107 00
104 4056 160 4106 null
170 4057 202 4120 by
214 4070 286 4125 every
297 4060 368 4103 court
378 4052 406 4101 in
417 4050 498 4100 which
509 4049 541 4098 its
552 4048 652 4112 validity
665 4063 721 4111 may
734 4048 763 4095 be
772 4045 928 4109 incidentally
940 4044 1024 4094 drawn
1033 4044 1059 4094 in
1072 4043 1191 4108 question.
1209 4042 1265 4090 The

66 4143 134 4195 basis
153 4141 181 4192 of
193 4128 242 4191 the
252 4139 368 4200 marriage
387 4144 496 4187 coutract
514 4135 536 4184 is
553 4141 662 4194 consent,
673 4133 722 4183 aud
739 4133 781 4182 the
797 4130 934 4194 ingredieut
950 4130 979 4179 of
991 4129 1062 4179 fraud
1073 4144 1100 4177 or
1110 4129 1194 4177 duress
1205 4128 1226 4176 is
1238 4143 1266 4176 as

67 4231 127 4284 10101
137 4229 165 4280 in
176 4227 225 4281 this
236 4243 263 4276 00
273 4227 301 4275 in
312 4240 361 4289 any
372 4225 441 4274 other
460 4229 576 4280 contract,
593 4222 630 4270 for
646 4221 687 4269 1100
706 4220 756 4268 1000
773 4226 855 4269 essent
863 4218 891 4267 of
904 4216 946 4266 1100
957 4215 1025 4265 mind
1036 4210 1061 4265 to
1072 4214 1114 4265 the
1125 4220 1233 4263 contract
1243 4213 1265 4262 is

67 4313 204 4377 maan?
236 4310 324 4362 Kent'e
341 4308 541 4367 Commentaries‚
550 4322 575 4372 p.
586 4307 617 4356 iv.
629 4305 687 4355 Leo.
698 4304 766 4354 xxvi.

107 4402 152 4468 (4)
171 4398 233 4464 Gap.
244 4395 329 4448 Adia.
339 4394 418 4446 0010
428 4393 597 4459 sponsalibus.

106 4490 150 4555 (t)
169 4488 198 4538 G.
213 4481 490 4546 10010000,(108000001.

104 4575 146 4639 (0)
165 4571 231 4621 Sese.
243 4569 310 4618 xxiv.
321 4583 374 4631 cap.
384 4566 419 4615 ir.
428 4566 460 4615 de
470 4564 513 4613 ref.

107 4658 153 4725 (t)
171 4655 253 4706 Traot.
265 4651 440 4711 leoninae.
457 4648 500 4698 xii.
512 4647 551 4698 De
562 4646 637 4697 Sacro
649 4645 778 4696 Goelibatu.
