2798 5092
135 349 176 406 7⁰
571 344 630 406 DE
650 344 896 406 RELIGIOSIS.

179 503 235 563 132
257 503 373 563 Saeculo
387 503 539 563 undecimo
554 505 684 564 canonici
705 505 849 582 regulares
870 504 994 564 instituti
1009 514 1085 574 sunt,
1101 504 1197 564 clerici
1222 503 1335 565 scilicet

138 601 279 659 Ecclesiis
294 601 464 675 quibusdam
478 601 592 671 addicti,
608 604 692 662 certis
708 604 871 662 communis
886 603 950 660 vitae
962 603 1067 680 regulis
1082 622 1148 660 sese
1162 602 1335 680 obligarunt.

138 697 250 756 Seculo
265 697 378 757 decimo
393 700 474 758 tertio
489 700 604 759 ineunte
620 700 652 757 S.
668 698 840 758 Dominicus
862 698 991 757 ordinem
1013 698 1234 757 Praedicatorum
1256 700 1338 757 insti·

138 796 201 864 tuit,
216 807 248 854 ut
270 797 415 875 episcopis
430 811 526 857 esseut
548 799 667 867 auxilio,
683 798 841 875 praesertim
863 809 961 856 contra
981 797 1113 855 heresim
1134 797 1338 874 Albigensium

139 906 206 952 tunc
220 905 406 972 grassantem.
427 895 508 955 ldem
523 897 575 954 sub
589 905 703 973 tempus
718 896 750 953 S.
764 896 934 954 Franciscus
948 894 1125 953 Assisiensis
1139 894 1271 953 Fratrum
1286 896 1341 953 mi·

139 1008 239 1049 norum
268 991 397 1051 ordinem
422 992 553 1059 instituit,
579 983 774 1070 paupertatem
801 991 912 1051 Christi
935 990 1066 1050 imitandi
1097 1010 1192 1063 causa.
1237 992 1340 1051 Plures

139 1086 253 1149 ordines
269 1090 403 1148 militares
418 1091 570 1149 occasione
591 1090 730 1149 bellorum
745 1108 829 1149 cruce
851 1090 1026 1167 signatorum
1041 1089 1161 1148 instituti
1176 1101 1254 1160 sunt,
1270 1101 1341 1150 tem·

139 1183 219 1260 plarii
234 1185 352 1253 scilicet,
368 1187 478 1260 equites
495 1186 766 1262 Hierosolymitani,
781 1186 900 1259 aliique.

181 1287 247 1341 133.
270 1285 426 1362 Regulares
442 1303 543 1343 omnes
564 1286 733 1353 castitatem,
758 1294 961 1361 paupertatem,
976 1292 1005 1341 et
1026 1283 1218 1342 obedientiam
1233 1295 1342 1343 vovent

139 1396 170 1436 se
192 1390 362 1447 servaturos,
379 1381 456 1454 quod
479 1394 577 1440 votum
602 1381 734 1439 emittunt
757 1392 822 1457 post
843 1398 950 1438 annum
972 1392 1086 1439 sextum
1109 1378 1254 1438 decimum
1277 1400 1339 1459 suae

134 1462 240 1546 etatis,
262 1490 290 1535 et
304 1478 418 1555 expleto
437 1460 499 1555 jain
513 1497 588 1536 anno
603 1478 798 1556 probationis:
813 1495 898 1535 secus
913 1476 971 1535 vim
987 1495 1044 1535 non
1057 1477 1175 1535 obtinet.
1217 1476 1339 1538 Initum

140 1590 256 1648 quoque
270 1587 315 1634 est
329 1586 436 1644 votum,
450 1589 524 1634 metu
537 1576 583 1634 vel
597 1577 625 1634 vi
640 1576 743 1634 sactum
756 1581 778 1643 ;1
794 1585 823 1634 et
833 1574 1033 1634 declarandum
1045 1586 1090 1633 est
1102 1574 1209 1634 nullius
1223 1575 1342 1646 valoris,

140 1673 167 1731 si
179 1675 252 1732 intra
266 1676 495 1749 quinquennium
511 1674 674 1734 reclamatio
688 1675 762 1732 fiat.l
1093 1722 1106 1751 s

184 1776 250 1831 134.
274 1758 512 1832 Sinctimoniales
527 1775 557 1832 in
569 1774 700 1832 coenobia
713 1780 908 1832 convenemot
921 1791 956 1832 eo
977 1772 1035 1831 sere
1056 1782 1185 1850 tempore
1206 1792 1266 1847 quo
1280 1793 1344 1834 mo-

140 1871 236 1931 nachi.
277 1872 387 1932 Eadem
403 1873 535 1932 emittunt
549 1883 633 1932 vota:
649 1871 700 1932 sed
715 1872 772 1950 legi
784 1871 922 1931 clausurae
935 1871 1048 1931 arctiori
1063 1870 1272 1950 aubjiciuntur':
1289 1892 1345 1934 uec

141 1969 219 2030 enim
235 1969 270 2029 iis
293 1970 360 2028 licet
373 1980 455 2029 extra
474 1981 556 2049 septa
571 1970 736 2029 monasterii
758 1968 857 2047 egredi
871 1969 928 2027 nisi
949 1968 1118 2047 gravissima
1131 1978 1232 2046 urgeat
1245 1989 1344 2039 causa,

135 2063 169 2127 'v.
185 2087 222 2147 g:
250 2068 425 2138 incendium,
449 2069 538 2147 lepra,
560 2067 713 2146 epidemia.
755 2067 875 2126 Nemini
900 2066 968 2126 licet
990 2065 1102 2144 ingredi
1124 2068 1343 2138 monasterium,

141 2165 197 2226 uisi
210 2165 324 2226 licentia
338 2165 469 2243 episcopi
485 2177 514 2224 et
527 2164 695 2242 superioris,
712 2164 748 2221 ob
762 2182 863 2241 graves
878 2181 989 2233 causas,
1004 2164 1164 2240 impetrata.
1206 2158 1342 2224 Excom·

142 2263 344 2322 medicationis
359 2281 479 2322 censura
491 2262 595 2342 ligatur
608 2262 659 2335 qui
679 2279 763 2318 secus
784 2258 980 2338 ingrediatur.⁸
1020 2258 1181 2337 Episcopo,
1197 2264 1345 2335 tamquam

139 2358 227 2418 Sedis
243 2359 417 2437 Apostolicae
432 2358 572 2436 delegato,
588 2356 771 2417 demandatur
786 2357 923 2416 clausurae
937 2356 1077 2425 custodia,
1093 2357 1143 2432 qui
1157 2357 1239 2433 punit
1254 2358 1342 2420 etiam

143 2466 293 2533 exemptos
319 2474 382 2514 eam
409 2454 574 2513 violantes.⁴
614 2454 685 2529 Quo
711 2455 739 2512 in
765 2453 811 2512 his
838 2454 1000 2531 regionibus
1027 2453 1206 2530 reperiuntur
1230 2453 1346 2532 piarum

142 2550 323 2610 loemiuarum
339 2553 585 2630 congregationes,
600 2553 718 2609 nomine
733 2569 863 2608 sororum
875 2550 1030 2619 charitatis,
1040 2549 1275 2621 sanctimoniales
1286 2570 1347 2623 non

142 2662 218 2714 aaut.
234 2651 302 2725 quia
319 2660 386 2708 vota
400 2661 537 2728 perpetua
559 2668 616 2709 non
642 2650 784 2708 emittunt.
827 2647 1028 2708 Carmelitanae
1054 2658 1149 2706 autem
1173 2659 1203 2706 et
1222 2648 1347 2708 Sorores

142 2746 335 2813 Visitatioois,
352 2745 436 2804 sumt
453 2744 547 2804 cordis
563 2746 647 2814 Jesu,
663 2757 691 2803 et
706 2738 852 2803 Ursulinm
867 2743 1130 2803 sanctimonialibus
1146 2728 1346 2805 accensentur.

137 2844 141 2853 '
184 2847 252 2902 135.
273 2844 401 2902 Fuerunt
415 2845 492 2903 olim·
500 2845 529 2902 in
544 2843 678 2902 Ecclesia
692 2839 879 2906 diaconissa,
895 2841 1022 2899 foeminae
1043 2839 1154 2898 scillcet
1174 2840 1348 2918 plerumque

143 2943 330 3020 provectioris
345 2942 434 3001 aetetis
447 2961 510 3017 qum
525 2942 656 3020 plurimis
673 2939 786 3018 pietatis
797 2940 931 3016 operibus
944 2921 1089 2998 vacaba‘nt.
1112 2938 1347 3000 catechumenas

140 3040 310 3121 edocebant,
326 3040 473 3100 adstabant
486 3041 554 3099 dum
576 3040 700 3099 soeminae
721 3037 943 3115 baptizarentur,
959 3037 1110 3095 visitabant
1130 3049 1263 3114 egrotos,
1285 3059 1349 3098 mu·

143 3138 229 3199 lieres
242 3138 405 3198 Ecclesiam
421 3137 613 3216 ingredientes
628 3136 818 3212 excipiebant,
833 3145 861 3193 et
875 3133 930 3192 alia
951 3132 1064 3212 pietatis
1079 3151 1197 3191 munera
1217 3134 1347 3198 obibant.

138 3236 214 3309 ,Ritu
237 3237 373 3310 quodam,
388 3235 439 3308 qui
461 3244 556 3292 tamen
580 3234 749 3291 sacramenti
771 3252 828 3292 non
851 3232 974 3290 habebat
996 3229 1146 3300 rationem,
1161 3229 1192 3290 in
1214 3230 1348 3291 ordinem

144 3335 224 3394 illum
249 3334 451 3398 evehebantur,
468 3331 652 3408 impositione
667 3330 777 3389 scilicet
790 3348 936 3389 manuum.
978 3326 1035 3386 Sed
1055 3328 1117 3406 jam
1132 3326 1218 3388 desiit
1237 3345 1348 3391 nomen

146 3432 316 3492 etofficium
331 3431 361 3489 in
376 3440 435 3489 tota
448 3429 591 3488 Ecclesia.
1152 3426 1156 3431 '

181 3608 224 3674 (l)
244 3606 306 3672 Cap.
317 3607 334 3657 i.
345 3606 422 3657 dehis
432 3621 488 3670 quae
500 3605 532 3656 ri.

180 3695 223 3761 (2)
244 3693 323 3744 conc.
334 3694 403 3745 Trid.
428 3693 494 3743 Sese.
506 3707 565 3742 xxv.
586 3690 650 3757 Gap.
660 3691 713 3742 xix.
730 3690 761 3741 da
773 3689 861 3752 Regni.
887 3689 951 3740 Vide
962 3688 1037 3740 etiam
1048 3687 1144 3739 constit
1155 3687 1288 3742 Benedicti
1299 3690 1350 3742 xie.

146 3779 176 3831 Si
183 3779 283 3835 duma.

182 3872 225 3936 (3)
246 3867 325 3918 Cone.
336 3866 406 3917 Trid.
420 3866 488 3916 Sese.
499 3881 558 3914 xxv.
569 3879 623 3929 cap.
634 3880 656 3913 v.
668 3864 699 3914 de
710 3863 798 3927 Regni

181 3958 224 4024 (4)
244 3955 345 4017 Gregor.
356 3969 397 4005 xv.
409 3952 491 4004 (lonc.
502 3949 674 4005 Imcrutodllt‘.
