<?xml version="1.0" encoding="UTF-8"?>
<!DOCTYPE html PUBLIC "-//W3C//DTD XHTML 1.0 Transitional//EN"
    "http://www.w3.org/TR/xhtml1/DTD/xhtml1-transitional.dtd">
<html xmlns="http://www.w3.org/1999/xhtml" xml:lang="en" lang="en">
 <head>
  <title>
</title>
<meta http-equiv="Content-Type" content="text/html;charset=utf-8" />
  <meta name='ocr-system' content='tesseract 3.04.00' />
  <meta name='ocr-capabilities' content='ocr_page ocr_carea ocr_par ocr_line ocrx_word'/>
</head>
<body>
  <div class='ocr_page' id='page_1' title='image "./theologidogmati02kenrgoog_0106.png"; bbox 0 0 2798 5092; ppageno 0'>
   <div class='ocr_carea' id='block_1_1' title="bbox 376 321 1296 384">
    <p class='ocr_par' dir='ltr' id='par_1_1' title="bbox 376 321 1296 384">
     <span class='ocr_line' id='line_1_1' title="bbox 376 321 1296 384; baseline -0.004 -1"><span class='ocrx_word' id='word_1_1' title='bbox 376 323 434 383; x_wconf 84' lang='lat' dir='ltr'><strong>DE</strong></span> <span class='ocrx_word' id='word_1_2' title='bbox 456 322 716 384; x_wconf 80' lang='lat' dir='ltr'>HONESTATE</span> <span class='ocrx_word' id='word_1_3' title='bbox 740 321 1015 382; x_wconf 82' lang='lat' dir='ltr'><strong>MATRlMONll.</strong></span> <span class='ocrx_word' id='word_1_4' title='bbox 1239 323 1296 381; x_wconf 79' lang='lat' dir='ltr'><strong>tot</strong></span> 
     </span>
    </p>
   </div>
   <div class='ocr_carea' id='block_1_2' title="bbox 47 479 1300 1636">
    <p class='ocr_par' dir='ltr' id='par_1_2' title="bbox 47 479 1300 1636">
     <span class='ocr_line' id='line_1_2' title="bbox 95 479 1297 559; baseline -0.002 -19"><span class='ocrx_word' id='word_1_5' title='bbox 95 493 118 540; x_wconf 86' lang='lat' dir='ltr'><strong>ct</strong></span> <span class='ocrx_word' id='word_1_6' title='bbox 129 481 320 541; x_wconf 76' lang='lat' dir='ltr'><strong>dormientem</strong></span> <span class='ocrx_word' id='word_1_7' title='bbox 336 502 401 541; x_wconf 92' lang='lat' dir='ltr'><strong>cum</strong></span> <span class='ocrx_word' id='word_1_8' title='bbox 416 483 479 541; x_wconf 88' lang='lat' dir='ltr'><strong>viro</strong></span> <span class='ocrx_word' id='word_1_9' title='bbox 494 502 547 541; x_wconf 86' lang='lat' dir='ltr'><strong>suo</strong></span> <span class='ocrx_word' id='word_1_10' title='bbox 568 482 684 541; x_wconf 89' lang='lat' dir='ltr'><strong>fidelem</strong></span> <span class='ocrx_word' id='word_1_11' title='bbox 705 501 738 539; x_wconf 90' lang='lat' dir='ltr'><strong>ac</strong></span> <span class='ocrx_word' id='word_1_12' title='bbox 764 481 927 559; x_wconf 81' lang='lat' dir='ltr'>religiosam</span> <span class='ocrx_word' id='word_1_13' title='bbox 943 481 1107 548; x_wconf 81' lang='lat' dir='ltr'><strong>detestatur,</strong></span> <span class='ocrx_word' id='word_1_14' title='bbox 1131 490 1179 538; x_wconf 90' lang='lat' dir='ltr'><strong>aut</strong></span> <span class='ocrx_word' id='word_1_15' title='bbox 1199 479 1297 557; x_wconf 89' lang='lat' dir='ltr'><strong>culpa·</strong></span> 
     </span>
     <span class='ocr_line' id='line_1_3' title="bbox 95 580 1297 658; baseline -0.001 -20"><span class='ocrx_word' id='word_1_16' title='bbox 95 582 170 639; x_wconf 90' lang='lat' dir='ltr'><strong>bilem</strong></span> <span class='ocrx_word' id='word_1_17' title='bbox 193 584 329 649; x_wconf 80' lang='lat' dir='ltr'><strong>aestimat,</strong></span> <span class='ocrx_word' id='word_1_18' title='bbox 347 583 423 639; x_wconf 87' lang='lat' dir='ltr'><strong>velut</strong></span> <span class='ocrx_word' id='word_1_19' title='bbox 437 601 500 654; x_wconf 82' lang='lat' dir='ltr'><strong>quae</strong></span> <span class='ocrx_word' id='word_1_20' title='bbox 518 583 545 639; x_wconf 89' lang='lat' dir='ltr'><strong>in</strong></span> <span class='ocrx_word' id='word_1_21' title='bbox 572 600 692 658; x_wconf 86' lang='lat' dir='ltr'><strong>regnum</strong></span> <span class='ocrx_word' id='word_1_22' title='bbox 718 580 772 638; x_wconf 91' lang='lat' dir='ltr'><strong>Dei</strong></span> <span class='ocrx_word' id='word_1_23' title='bbox 798 581 913 638; x_wconf 82' lang='lat' dir='ltr'><strong>introire</strong></span> <span class='ocrx_word' id='word_1_24' title='bbox 939 600 997 638; x_wconf 91' lang='lat' dir='ltr'><strong>non</strong></span> <span class='ocrx_word' id='word_1_25' title='bbox 1015 585 1118 657; x_wconf 81' lang='lat' dir='ltr'><strong>possit,</strong></span> <span class='ocrx_word' id='word_1_26' title='bbox 1139 580 1297 638; x_wconf 85' lang='lat' dir='ltr'><strong>anathema</strong></span> 
     </span>
     <span class='ocr_line' id='line_1_4' title="bbox 95 679 1294 757; baseline -0.001 -20"><span class='ocrx_word' id='word_1_27' title='bbox 95 679 156 738; x_wconf 85' lang='lat' dir='ltr'><strong>sit.”</strong></span> <span class='ocrx_word' id='word_1_28' title='bbox 199 681 265 737; x_wconf 87' lang='lat' dir='ltr'><strong>“Si</strong></span> <span class='ocrx_word' id='word_1_29' title='bbox 293 682 358 754; x_wconf 91' lang='lat' dir='ltr'><strong>quis</strong></span> <span class='ocrx_word' id='word_1_30' title='bbox 383 680 427 738; x_wconf 88' lang='lat' dir='ltr'><strong>vel</strong></span> <span class='ocrx_word' id='word_1_31' title='bbox 451 680 652 757; x_wconf 85' lang='lat' dir='ltr'><strong>virginitatem,</strong></span> <span class='ocrx_word' id='word_1_32' title='bbox 669 679 712 737; x_wconf 88' lang='lat' dir='ltr'><strong>vel</strong></span> <span class='ocrx_word' id='word_1_33' title='bbox 737 680 941 737; x_wconf 76' lang='lat' dir='ltr'><strong>continentiam</strong></span> <span class='ocrx_word' id='word_1_34' title='bbox 964 679 1123 756; x_wconf 81' lang='lat' dir='ltr'><strong>professus,</strong></span> <span class='ocrx_word' id='word_1_35' title='bbox 1149 690 1294 751; x_wconf 88' lang='lat' dir='ltr'><strong>tamquam</strong></span> 
     </span>
     <span class='ocr_line' id='line_1_5' title="bbox 95 775 1294 854; baseline -0.004 -18"><span class='ocrx_word' id='word_1_36' title='bbox 95 779 294 836; x_wconf 78' lang='lat' dir='ltr'><strong>abominabiles</strong></span> <span class='ocrx_word' id='word_1_37' title='bbox 309 779 423 854; x_wconf 83' lang='lat' dir='ltr'><strong>nuptias</strong></span> <span class='ocrx_word' id='word_1_38' title='bbox 435 776 556 854; x_wconf 88' lang='lat' dir='ltr'><strong>judicat,</strong></span> <span class='ocrx_word' id='word_1_39' title='bbox 571 789 600 834; x_wconf 90' lang='lat' dir='ltr'><strong>et</strong></span> <span class='ocrx_word' id='word_1_40' title='bbox 614 796 671 834; x_wconf 91' lang='lat' dir='ltr'><strong>non</strong></span> <span class='ocrx_word' id='word_1_41' title='bbox 688 788 803 853; x_wconf 86' lang='lat' dir='ltr'><strong>propter</strong></span> <span class='ocrx_word' id='word_1_42' title='bbox 824 777 879 834; x_wconf 85' lang='lat' dir='ltr'><strong>lroc</strong></span> <span class='ocrx_word' id='word_1_43' title='bbox 894 777 998 843; x_wconf 86' lang='lat' dir='ltr'><strong>solum,</strong></span> <span class='ocrx_word' id='word_1_44' title='bbox 1016 775 1092 848; x_wconf 89' lang='lat' dir='ltr'><strong>quod</strong></span> <span class='ocrx_word' id='word_1_45' title='bbox 1111 775 1294 834; x_wconf 71' lang='lat' dir='ltr'><strong>continentie]</strong></span> 
     </span>
     <span class='ocr_line' id='line_1_6' title="bbox 96 872 1296 952; baseline -0.002 -20"><span class='ocrx_word' id='word_1_46' title='bbox 96 888 119 932; x_wconf 88' lang='lat' dir='ltr'><strong>et</strong></span> <span class='ocrx_word' id='word_1_47' title='bbox 139 876 309 952; x_wconf 82' lang='lat' dir='ltr'><strong>virginit-rtis</strong></span> <span class='ocrx_word' id='word_1_48' title='bbox 332 878 436 933; x_wconf 93' lang='lat' dir='ltr'><strong>bonum</strong></span> <span class='ocrx_word' id='word_1_49' title='bbox 453 876 500 942; x_wconf 85' lang='lat' dir='ltr'><strong>sit,</strong></span> <span class='ocrx_word' id='word_1_50' title='bbox 516 889 706 947; x_wconf 87' lang='lat' dir='ltr'><strong>sanctumque</strong></span> <span class='ocrx_word' id='word_1_51' title='bbox 722 873 903 951; x_wconf 81' lang='lat' dir='ltr'><strong>propositum</strong></span> <span class='ocrx_word' id='word_1_52' title='bbox 918 894 926 941; x_wconf 77' lang='lat'>3</span> <span class='ocrx_word' id='word_1_53' title='bbox 949 875 1100 932; x_wconf 87' lang='lat' dir='ltr'><strong>anathema</strong></span> <span class='ocrx_word' id='word_1_54' title='bbox 1114 873 1184 932; x_wconf 90' lang='lat' dir='ltr'><strong>sit.”</strong></span> <span class='ocrx_word' id='word_1_55' title='bbox 1228 884 1248 910; x_wconf 80' lang='lat'><strong>⁶⁸</strong></span> <span class='ocrx_word' id='word_1_56' title='bbox 1262 872 1296 930; x_wconf 82' lang='lat' dir='ltr'><strong>si</strong></span> 
     </span>
     <span class='ocr_line' id='line_1_7' title="bbox 83 971 1296 1050; baseline -0.002 -19"><span class='ocrx_word' id='word_1_57' title='bbox 83 983 144 1047; x_wconf 74' lang='lat' dir='ltr'><strong>&#39;qua</strong></span> <span class='ocrx_word' id='word_1_58' title='bbox 159 976 262 1032; x_wconf 87' lang='lat' dir='ltr'><strong>mulier</strong></span> <span class='ocrx_word' id='word_1_59' title='bbox 284 976 376 1032; x_wconf 90' lang='lat' dir='ltr'><strong>virum</strong></span> <span class='ocrx_word' id='word_1_60' title='bbox 399 975 546 1050; x_wconf 88' lang='lat' dir='ltr'><strong>proprium</strong></span> <span class='ocrx_word' id='word_1_61' title='bbox 567 973 744 1046; x_wconf 86' lang='lat' dir='ltr'><strong>relinquens,</strong></span> <span class='ocrx_word' id='word_1_62' title='bbox 760 971 906 1030; x_wconf 77' lang='lat' dir='ltr'><strong>discedere</strong></span> <span class='ocrx_word' id='word_1_63' title='bbox 929 973 1059 1040; x_wconf 87' lang='lat' dir='ltr'><strong>voluerit,</strong></span> <span class='ocrx_word' id='word_1_64' title='bbox 1075 973 1190 1049; x_wconf 87' lang='lat' dir='ltr'><strong>nuptias</strong></span> <span class='ocrx_word' id='word_1_65' title='bbox 1212 991 1296 1030; x_wconf 84' lang='lat' dir='ltr'><strong>exse·</strong></span> 
     </span>
     <span class='ocr_line' id='line_1_8' title="bbox 97 1068 1298 1144; baseline -0.002 -14"><span class='ocrx_word' id='word_1_66' title='bbox 97 1091 180 1139; x_wconf 85' lang='lat' dir='ltr'><strong>crans,</strong></span> <span class='ocrx_word' id='word_1_67' title='bbox 197 1073 351 1130; x_wconf 77' lang='lat' dir='ltr'><strong>anatliema</strong></span> <span class='ocrx_word' id='word_1_68' title='bbox 372 1071 456 1128; x_wconf 83' lang='lat' dir='ltr'><strong>sit.”¹</strong></span> <span class='ocrx_word' id='word_1_69' title='bbox 497 1071 670 1129; x_wconf 78' lang='lat' dir='ltr'><strong>&#39;l&#39;oletanum</strong></span> <span class='ocrx_word' id='word_1_70' title='bbox 696 1070 721 1128; x_wconf 87' lang='grc' dir='ltr'><strong>Ι.</strong></span> <span class='ocrx_word' id='word_1_71' title='bbox 751 1088 825 1128; x_wconf 89' lang='lat' dir='ltr'><strong>anno</strong></span> <span class='ocrx_word' id='word_1_72' title='bbox 848 1074 917 1128; x_wconf 84' lang='lat'><strong>400.</strong></span> <span class='ocrx_word' id='word_1_73' title='bbox 961 1068 1298 1144; x_wconf 63' lang='lat' dir='ltr'><strong>“Siquisdixeriavel</strong></span> 
     </span>
     <span class='ocr_line' id='line_1_9' title="bbox 97 1155 1300 1246; baseline -0.002 -20"><span class='ocrx_word' id='word_1_74' title='bbox 97 1169 249 1237; x_wconf 81' lang='lat' dir='ltr'><strong>crediderit,</strong></span> <span class='ocrx_word' id='word_1_75' title='bbox 265 1170 402 1246; x_wconf 84' lang='lat' dir='ltr'><strong>conjugia</strong></span> <span class='ocrx_word' id='word_1_76' title='bbox 416 1171 577 1236; x_wconf 86' lang='lat' dir='ltr'><strong>bominum,</strong></span> <span class='ocrx_word' id='word_1_77' title='bbox 592 1188 656 1242; x_wconf 82' lang='lat' dir='ltr'><strong>quae</strong></span> <span class='ocrx_word' id='word_1_78' title='bbox 671 1167 829 1226; x_wconf 87' lang='lat' dir='ltr'><strong>secundum</strong></span> <span class='ocrx_word' id='word_1_79' title='bbox 845 1169 938 1246; x_wconf 85' lang='lat' dir='ltr'><strong>legem</strong></span> <span class='ocrx_word' id='word_1_80' title='bbox 955 1155 1080 1226; x_wconf 84' lang='lat' dir='ltr'><strong>divinam</strong></span> <span class='ocrx_word' id='word_1_81' title='bbox 1100 1168 1177 1226; x_wconf 87' lang='lat' dir='ltr'><strong>licita</strong></span> <span class='ocrx_word' id='word_1_82' title='bbox 1193 1168 1300 1225; x_wconf 86' lang='lat' dir='ltr'><strong>haben·</strong></span> 
     </span>
     <span class='ocr_line' id='line_1_10' title="bbox 100 1230 1299 1337; baseline -0.003 -13"><span class='ocrx_word' id='word_1_83' title='bbox 100 1277 145 1334; x_wconf 90' lang='lat' dir='ltr'><strong>tur,</strong></span> <span class='ocrx_word' id='word_1_84' title='bbox 160 1267 337 1325; x_wconf 77' lang='lat' dir='ltr'><strong>execrabilia</strong></span> <span class='ocrx_word' id='word_1_85' title='bbox 351 1281 427 1333; x_wconf 78' lang='lat' dir='ltr'><strong>esse,</strong></span> <span class='ocrx_word' id='word_1_86' title='bbox 441 1252 691 1325; x_wconf 61' lang='lat' dir='ltr'><strong>anathemasitss’t&#39;</strong></span> <span class='ocrx_word' id='word_1_87' title='bbox 725 1266 900 1324; x_wconf 87' lang='lat' dir='ltr'><strong>Bracarense</strong></span> <span class='ocrx_word' id='word_1_88' title='bbox 916 1266 938 1323; x_wconf 93' lang='lat' dir='ltr'><strong>l.</strong></span> <span class='ocrx_word' id='word_1_89' title='bbox 955 1285 1030 1323; x_wconf 87' lang='lat' dir='ltr'><strong>anno</strong></span> <span class='ocrx_word' id='word_1_90' title='bbox 1045 1230 1177 1323; x_wconf 39' lang='lat'><strong>561&amp;</strong></span> <span class='ocrx_word' id='word_1_91' title='bbox 1189 1266 1220 1322; x_wconf 86' lang='lat' dir='ltr'><strong>Si</strong></span> <span class='ocrx_word' id='word_1_92' title='bbox 1233 1264 1299 1337; x_wconf 87' lang='lat' dir='ltr'><strong>quis</strong></span> 
     </span>
     <span class='ocr_line' id='line_1_11' title="bbox 100 1344 1300 1442; baseline 0.001 -22"><span class='ocrx_word' id='word_1_93' title='bbox 100 1365 222 1441; x_wconf 84' lang='lat' dir='ltr'><strong>conjugia</strong></span> <span class='ocrx_word' id='word_1_94' title='bbox 239 1365 366 1422; x_wconf 87' lang='lat' dir='ltr'><strong>bumana</strong></span> <span class='ocrx_word' id='word_1_95' title='bbox 381 1366 504 1427; x_wconf 85' lang='lat' dir='ltr'><strong>damnat,</strong></span> <span class='ocrx_word' id='word_1_96' title='bbox 518 1380 546 1422; x_wconf 88' lang='lat' dir='ltr'><strong>et</strong></span> <span class='ocrx_word' id='word_1_97' title='bbox 560 1365 785 1442; x_wconf 74' lang='lat' dir='ltr'><strong>procreationem</strong></span> <span class='ocrx_word' id='word_1_98' title='bbox 802 1367 979 1422; x_wconf 87' lang='lat' dir='ltr'><strong>nascentium</strong></span> <span class='ocrx_word' id='word_1_99' title='bbox 996 1344 1197 1440; x_wconf 74' lang='lat' dir='ltr'><strong>perhorrescil.</strong></span> <span class='ocrx_word' id='word_1_100' title='bbox 1214 1364 1300 1421; x_wconf 82' lang='lat' dir='ltr'><strong>sicuti</strong></span> 
     </span>
     <span class='ocr_line' id='line_1_12' title="bbox 47 1460 1299 1530; baseline -0.003 -9"><span class='ocrx_word' id='word_1_101' title='bbox 47 1523 49 1527; x_wconf 69' lang='grc'>,</span> <span class='ocrx_word' id='word_1_102' title='bbox 104 1462 272 1521; x_wconf 68' lang='lat' dir='ltr'><strong>Manichacus</strong></span> <span class='ocrx_word' id='word_1_103' title='bbox 287 1477 316 1518; x_wconf 88' lang='lat' dir='ltr'><strong>et</strong></span> <span class='ocrx_word' id='word_1_104' title='bbox 331 1461 529 1528; x_wconf 85' lang='lat' dir='ltr'><strong>Priscillianus</strong></span> <span class='ocrx_word' id='word_1_105' title='bbox 544 1462 689 1530; x_wconf 86' lang='lat' dir='ltr'><strong>dixerunt,</strong></span> <span class='ocrx_word' id='word_1_106' title='bbox 712 1463 862 1520; x_wconf 89' lang='lat' dir='ltr'><strong>anathema</strong></span> <span class='ocrx_word' id='word_1_107' title='bbox 875 1462 960 1519; x_wconf 67' lang='grc' dir='ltr'><strong>εἰι.”8</strong></span> <span class='ocrx_word' id='word_1_108' title='bbox 1002 1463 1118 1520; x_wconf 84' lang='lat' dir='ltr'><strong>Patrum</strong></span> <span class='ocrx_word' id='word_1_109' title='bbox 1135 1460 1299 1519; x_wconf 88' lang='lat' dir='ltr'><strong>testimonia</strong></span> 
     </span>
     <span class='ocr_line' id='line_1_13' title="bbox 103 1559 595 1636; baseline 0.002 -20"><span class='ocrx_word' id='word_1_110' title='bbox 103 1560 194 1618; x_wconf 85' lang='lat' dir='ltr'><strong>relerra</strong></span> <span class='ocrx_word' id='word_1_111' title='bbox 210 1578 457 1636; x_wconf 86' lang='lat' dir='ltr'><strong>supervacaneum</strong></span> <span class='ocrx_word' id='word_1_112' title='bbox 474 1559 595 1618; x_wconf 86' lang='lat' dir='ltr'><strong>ridetur.</strong></span> 
     </span>
    </p>
   </div>
   <div class='ocr_carea' id='block_1_3' title="bbox 490 1736 900 1778">
    <p class='ocr_par' dir='ltr' id='par_1_3' title="bbox 490 1736 900 1778">
     <span class='ocr_line' id='line_1_14' title="bbox 490 1736 900 1778; baseline 0.005 -2"><span class='ocrx_word' id='word_1_113' title='bbox 490 1737 690 1777; x_wconf 73' lang='lat' dir='ltr'><strong>uumerlon&#39;lts</strong></span> <span class='ocrx_word' id='word_1_114' title='bbox 713 1736 900 1778; x_wconf 78' lang='lat' dir='ltr'><strong>soLvuuTuu.</strong></span> 
     </span>
    </p>
   </div>
   <div class='ocr_carea' id='block_1_4' title="bbox 106 1876 1309 4018">
    <p class='ocr_par' dir='ltr' id='par_1_4' title="bbox 106 1876 1301 2257">
     <span class='ocr_line' id='line_1_15' title="bbox 137 1876 1299 1956; baseline 0.003 -21"><span class='ocrx_word' id='word_1_115' title='bbox 137 1882 162 1935; x_wconf 82' lang='lat'><strong>6.</strong></span> <span class='ocrx_word' id='word_1_116' title='bbox 188 1876 254 1956; x_wconf 69' lang='lat' dir='ltr'><strong>(iij.</strong></span> <span class='ocrx_word' id='word_1_117' title='bbox 275 1882 300 1934; x_wconf 93' lang='lat' dir='ltr'><strong>l.</strong></span> <span class='ocrx_word' id='word_1_118' title='bbox 323 1876 480 1953; x_wconf 79' lang='lat' dir='ltr'><strong>Apostolus</strong></span> <span class='ocrx_word' id='word_1_119' title='bbox 503 1879 561 1936; x_wconf 83' lang='lat' dir='ltr'><strong>ait:</strong></span> <span class='ocrx_word' id='word_1_120' title='bbox 592 1876 737 1934; x_wconf 83' lang='lat' dir='ltr'><strong>“Bonum</strong></span> <span class='ocrx_word' id='word_1_121' title='bbox 763 1889 806 1934; x_wconf 83' lang='lat' dir='ltr'><strong>cst</strong></span> <span class='ocrx_word' id='word_1_122' title='bbox 836 1878 944 1935; x_wconf 91' lang='lat' dir='ltr'><strong>homiui</strong></span> <span class='ocrx_word' id='word_1_123' title='bbox 972 1879 1121 1937; x_wconf 89' lang='lat' dir='ltr'><strong>mulierem</strong></span> <span class='ocrx_word' id='word_1_124' title='bbox 1152 1898 1210 1938; x_wconf 91' lang='lat' dir='ltr'><strong>non</strong></span> <span class='ocrx_word' id='word_1_125' title='bbox 1238 1890 1299 1938; x_wconf 87' lang='lat' dir='ltr'><strong>tau·</strong></span> 
     </span>
     <span class='ocr_line' id='line_1_16' title="bbox 106 1967 1300 2052; baseline 0.003 -21"><span class='ocrx_word' id='word_1_126' title='bbox 106 1974 208 2051; x_wconf 84' lang='lat' dir='ltr'><strong>gere.”⁴</strong></span> <span class='ocrx_word' id='word_1_127' title='bbox 250 1975 347 2042; x_wconf 83' lang='lat' dir='ltr'><strong>Quum</strong></span> <span class='ocrx_word' id='word_1_128' title='bbox 365 1967 458 2032; x_wconf 86' lang='lat' dir='ltr'><strong>autem</strong></span> <span class='ocrx_word' id='word_1_129' title='bbox 472 1974 642 2052; x_wconf 83' lang='lat' dir='ltr'><strong>conjugibus</strong></span> <span class='ocrx_word' id='word_1_130' title='bbox 656 1975 818 2050; x_wconf 74' lang='lat' dir='ltr'><strong>permittere</strong></span> <span class='ocrx_word' id='word_1_131' title='bbox 836 1975 962 2032; x_wconf 88' lang='lat' dir='ltr'><strong>videatur</strong></span> <span class='ocrx_word' id='word_1_132' title='bbox 976 1977 1069 2034; x_wconf 79' lang='lat' dir='ltr'><strong>carnis</strong></span> <span class='ocrx_word' id='word_1_133' title='bbox 1084 1978 1300 2046; x_wconf 81' lang='lat' dir='ltr'><strong>commercium,</strong></span> 
     </span>
     <span class='ocr_line' id='line_1_17' title="bbox 107 2070 1301 2150; baseline 0.004 -22"><span class='ocrx_word' id='word_1_134' title='bbox 107 2072 129 2129; x_wconf 91' lang='lat' dir='ltr'><strong>id</strong></span> <span class='ocrx_word' id='word_1_135' title='bbox 140 2092 169 2129; x_wconf 82' lang='lat' dir='ltr'><strong>oe</strong></span> <span class='ocrx_word' id='word_1_136' title='bbox 185 2075 332 2150; x_wconf 84' lang='lat' dir='ltr'><strong>profitetur</strong></span> <span class='ocrx_word' id='word_1_137' title='bbox 347 2073 439 2130; x_wconf 84' lang='lat' dir='ltr'><strong>facere</strong></span> <span class='ocrx_word' id='word_1_138' title='bbox 462 2084 482 2108; x_wconf 79' lang='lat'><strong>⁶·</strong></span> <span class='ocrx_word' id='word_1_139' title='bbox 494 2070 651 2130; x_wconf 87' lang='lat' dir='ltr'><strong>secundum</strong></span> <span class='ocrx_word' id='word_1_140' title='bbox 665 2071 915 2148; x_wconf 59' lang='grc' dir='ltr'><strong>ἰηιΙιιΙρςιιιιιίιιιιι;”ὁ</strong></span> <span class='ocrx_word' id='word_1_141' title='bbox 936 2073 1046 2130; x_wconf 85' lang='lat' dir='ltr'><strong>scilicet</strong></span> <span class='ocrx_word' id='word_1_142' title='bbox 1059 2093 1123 2132; x_wconf 84' lang='lat' dir='ltr'><strong>cum</strong></span> <span class='ocrx_word' id='word_1_143' title='bbox 1138 2088 1236 2132; x_wconf 85' lang='lat' dir='ltr'><strong>nosset</strong></span> <span class='ocrx_word' id='word_1_144' title='bbox 1250 2092 1301 2133; x_wconf 75' lang='lat' dir='ltr'><strong>eos</strong></span> 
     </span>
     <span class='ocr_line' id='line_1_18' title="bbox 107 2168 1267 2257; baseline 0.002 -30"><span class='ocrx_word' id='word_1_145' title='bbox 107 2168 354 2257; x_wconf 28' lang='lat' dir='ltr'><strong>&#39;flagrarelibidina</strong></span> <span class='ocrx_word' id='word_1_146' title='bbox 371 2170 483 2227; x_wconf 85' lang='lat' dir='ltr'><strong>censuit</strong></span> <span class='ocrx_word' id='word_1_147' title='bbox 498 2188 583 2228; x_wconf 87' lang='lat' dir='ltr'><strong>unam</strong></span> <span class='ocrx_word' id='word_1_148' title='bbox 599 2188 656 2246; x_wconf 88' lang='lat' dir='ltr'><strong>prae</strong></span> <span class='ocrx_word' id='word_1_149' title='bbox 671 2168 800 2245; x_wconf 86' lang='lat' dir='ltr'><strong>pluribus</strong></span> <span class='ocrx_word' id='word_1_150' title='bbox 816 2189 934 2228; x_wconf 84' lang='lat' dir='ltr'><strong>uxorem</strong></span> <span class='ocrx_word' id='word_1_151' title='bbox 950 2171 1006 2228; x_wconf 86' lang='lat' dir='ltr'><strong>illis</strong></span> <span class='ocrx_word' id='word_1_152' title='bbox 1022 2172 1267 2247; x_wconf 63' lang='lat' dir='ltr'><strong>permittendam</strong></span> 
     </span>
    </p>

    <p class='ocr_par' dir='ltr' id='par_1_5' title="bbox 107 2266 1303 3031">
     <span class='ocr_line' id='line_1_19' title="bbox 141 2266 1299 2349; baseline 0.003 -23"><span class='ocrx_word' id='word_1_153' title='bbox 141 2267 223 2348; x_wconf 81' lang='lat' dir='ltr'><strong>Reap.</strong></span> <span class='ocrx_word' id='word_1_154' title='bbox 246 2266 404 2346; x_wconf 80' lang='lat' dir='ltr'><strong>Apostolus</strong></span> <span class='ocrx_word' id='word_1_155' title='bbox 420 2267 612 2345; x_wconf 78' lang='lat' dir='ltr'><strong>praestantiam</strong></span> <span class='ocrx_word' id='word_1_156' title='bbox 627 2266 747 2345; x_wconf 84' lang='lat' dir='ltr'><strong>virginei</strong></span> <span class='ocrx_word' id='word_1_157' title='bbox 769 2277 857 2325; x_wconf 86' lang='lat' dir='ltr'><strong>status</strong></span> <span class='ocrx_word' id='word_1_158' title='bbox 883 2269 1028 2345; x_wconf 77' lang='lat' dir='ltr'><strong>praedicat,</strong></span> <span class='ocrx_word' id='word_1_159' title='bbox 1054 2269 1105 2327; x_wconf 85' lang='lat' dir='ltr'><strong>sed</strong></span> <span class='ocrx_word' id='word_1_160' title='bbox 1131 2270 1299 2349; x_wconf 81' lang='lat' dir='ltr'><strong>conjugium</strong></span> 
     </span>
     <span class='ocr_line' id='line_1_20' title="bbox 109 2355 1303 2445; baseline 0.005 -21"><span class='ocrx_word' id='word_1_161' title='bbox 109 2355 203 2443; x_wconf 81' lang='lat' dir='ltr'><strong>probru,</strong></span> <span class='ocrx_word' id='word_1_162' title='bbox 219 2380 249 2426; x_wconf 90' lang='lat' dir='ltr'><strong>et</strong></span> <span class='ocrx_word' id='word_1_163' title='bbox 262 2371 325 2445; x_wconf 82' lang='lat' dir='ltr'><strong>ejus</strong></span> <span class='ocrx_word' id='word_1_164' title='bbox 350 2368 416 2444; x_wconf 87' lang='lat' dir='ltr'><strong>jura</strong></span> <span class='ocrx_word' id='word_1_165' title='bbox 430 2367 565 2433; x_wconf 88' lang='lat' dir='ltr'><strong>inculcat,</strong></span> <span class='ocrx_word' id='word_1_166' title='bbox 591 2365 663 2425; x_wconf 87' lang='lat' dir='ltr'><strong>adeo</strong></span> <span class='ocrx_word' id='word_1_167' title='bbox 689 2380 721 2425; x_wconf 90' lang='lat' dir='ltr'><strong>ut</strong></span> <span class='ocrx_word' id='word_1_168' title='bbox 745 2367 888 2445; x_wconf 83' lang='lat' dir='ltr'><strong>conjuges</strong></span> <span class='ocrx_word' id='word_1_169' title='bbox 912 2367 1013 2427; x_wconf 90' lang='lat' dir='ltr'><strong>doceat</strong></span> <span class='ocrx_word' id='word_1_170' title='bbox 1028 2370 1115 2427; x_wconf 84' lang='lat' dir='ltr'><strong>teneri</strong></span> <span class='ocrx_word' id='word_1_171' title='bbox 1140 2370 1173 2427; x_wconf 92' lang='lat' dir='ltr'><strong>ad</strong></span> <span class='ocrx_word' id='word_1_172' title='bbox 1189 2371 1246 2429; x_wconf 84' lang='lat' dir='ltr'><strong>sibi</strong></span> <span class='ocrx_word' id='word_1_173' title='bbox 1261 2371 1303 2430; x_wconf 90' lang='lat' dir='ltr'><strong>iu·</strong></span> 
     </span>
     <span class='ocr_line' id='line_1_21' title="bbox 109 2465 1302 2544; baseline 0.007 -23"><span class='ocrx_word' id='word_1_174' title='bbox 109 2467 187 2526; x_wconf 87' lang='lat' dir='ltr'><strong>ricem</strong></span> <span class='ocrx_word' id='word_1_175' title='bbox 211 2467 307 2525; x_wconf 88' lang='lat' dir='ltr'><strong>officia</strong></span> <span class='ocrx_word' id='word_1_176' title='bbox 329 2465 499 2544; x_wconf 86' lang='lat' dir='ltr'><strong>praestauda‚</strong></span> <span class='ocrx_word' id='word_1_177' title='bbox 526 2466 613 2525; x_wconf 88' lang='lat' dir='ltr'><strong>veluti</strong></span> <span class='ocrx_word' id='word_1_178' title='bbox 627 2467 725 2524; x_wconf 82' lang='lat' dir='ltr'><strong>stricta</strong></span> <span class='ocrx_word' id='word_1_179' title='bbox 750 2467 813 2544; x_wconf 84' lang='lat' dir='ltr'><strong>lege</strong></span> <span class='ocrx_word' id='word_1_180' title='bbox 835 2467 938 2525; x_wconf 77' lang='lat' dir='ltr'><strong>debita.</strong></span> <span class='ocrx_word' id='word_1_181' title='bbox 981 2468 1065 2535; x_wconf 85' lang='lat' dir='ltr'><strong>Quod</strong></span> <span class='ocrx_word' id='word_1_182' title='bbox 1090 2481 1184 2528; x_wconf 87' lang='lat' dir='ltr'><strong>autem</strong></span> <span class='ocrx_word' id='word_1_183' title='bbox 1210 2470 1302 2530; x_wconf 90' lang='lat' dir='ltr'><strong>indul·</strong></span> 
     </span>
     <span class='ocr_line' id='line_1_22' title="bbox 107 2561 1302 2643; baseline 0.004 -21"><span class='ocrx_word' id='word_1_184' title='bbox 107 2565 218 2641; x_wconf 80' lang='lat' dir='ltr'><strong>gentiam</strong></span> <span class='ocrx_word' id='word_1_185' title='bbox 236 2577 318 2622; x_wconf 88' lang='lat' dir='ltr'><strong>vocat</strong></span> <span class='ocrx_word' id='word_1_186' title='bbox 333 2565 406 2620; x_wconf 85' lang='lat' dir='ltr'><strong>banc</strong></span> <span class='ocrx_word' id='word_1_187' title='bbox 421 2581 485 2635; x_wconf 83' lang='lat' dir='ltr'><strong>quae</strong></span> <span class='ocrx_word' id='word_1_188' title='bbox 500 2562 583 2620; x_wconf 86' lang='lat' dir='ltr'><strong>tradit</strong></span> <span class='ocrx_word' id='word_1_189' title='bbox 598 2561 791 2640; x_wconf 83' lang='lat' dir='ltr'><strong>disciplinatu,</strong></span> <span class='ocrx_word' id='word_1_190' title='bbox 808 2565 926 2641; x_wconf 80' lang='lat' dir='ltr'><strong>respicit</strong></span> <span class='ocrx_word' id='word_1_191' title='bbox 940 2565 1067 2643; x_wconf 85' lang='lat' dir='ltr'><strong>conjugii</strong></span> <span class='ocrx_word' id='word_1_192' title='bbox 1082 2566 1209 2626; x_wconf 91' lang='lat' dir='ltr'><strong>officium</strong></span> <span class='ocrx_word' id='word_1_193' title='bbox 1224 2566 1302 2641; x_wconf 90' lang='lat' dir='ltr'><strong>quod</strong></span> 
     </span>
     <span class='ocr_line' id='line_1_23' title="bbox 109 2659 1302 2742; baseline 0.004 -24"><span class='ocrx_word' id='word_1_194' title='bbox 109 2680 154 2720; x_wconf 90' lang='lat' dir='ltr'><strong>non</strong></span> <span class='ocrx_word' id='word_1_195' title='bbox 169 2663 323 2738; x_wconf 83' lang='lat' dir='ltr'><strong>imperatur</strong></span> <span class='ocrx_word' id='word_1_196' title='bbox 339 2683 353 2717; x_wconf 88' lang='lat' dir='ltr'><strong>a</strong></span> <span class='ocrx_word' id='word_1_197' title='bbox 370 2660 444 2727; x_wconf 88' lang='lat' dir='ltr'><strong>Deo,</strong></span> <span class='ocrx_word' id='word_1_198' title='bbox 460 2659 511 2717; x_wconf 86' lang='lat' dir='ltr'><strong>sed</strong></span> <span class='ocrx_word' id='word_1_199' title='bbox 528 2660 614 2718; x_wconf 89' lang='lat' dir='ltr'><strong>veluti</strong></span> <span class='ocrx_word' id='word_1_200' title='bbox 636 2660 816 2737; x_wconf 77' lang='lat' dir='ltr'><strong>indulgetor3</strong></span> <span class='ocrx_word' id='word_1_201' title='bbox 839 2661 959 2720; x_wconf 87' lang='lat' dir='ltr'><strong>liberum</strong></span> <span class='ocrx_word' id='word_1_202' title='bbox 981 2664 1058 2722; x_wconf 90' lang='lat' dir='ltr'><strong>enim</strong></span> <span class='ocrx_word' id='word_1_203' title='bbox 1074 2678 1118 2720; x_wconf 84' lang='lat' dir='ltr'><strong>est</strong></span> <span class='ocrx_word' id='word_1_204' title='bbox 1132 2665 1302 2742; x_wconf 82' lang='lat' dir='ltr'><strong>conjugibus</strong></span> 
     </span>
     <span class='ocr_line' id='line_1_24' title="bbox 108 2759 1301 2841; baseline 0.004 -23"><span class='ocrx_word' id='word_1_205' title='bbox 108 2778 138 2819; x_wconf 80' lang='lat' dir='ltr'><strong>cx</strong></span> <span class='ocrx_word' id='word_1_206' title='bbox 150 2778 246 2820; x_wconf 85' lang='lat' dir='ltr'><strong>mutuo</strong></span> <span class='ocrx_word' id='word_1_207' title='bbox 262 2778 404 2830; x_wconf 6' lang='lat' dir='ltr'><strong>corradensu</strong></span> <span class='ocrx_word' id='word_1_208' title='bbox 420 2760 505 2816; x_wconf 87' lang='lat' dir='ltr'><strong>abeo</strong></span> <span class='ocrx_word' id='word_1_209' title='bbox 521 2759 673 2817; x_wconf 82' lang='lat' dir='ltr'><strong>abstinere.</strong></span> <span class='ocrx_word' id='word_1_210' title='bbox 717 2759 744 2817; x_wconf 93' lang='lat' dir='ltr'>N</span> <span class='ocrx_word' id='word_1_211' title='bbox 748 2779 785 2817; x_wconf 90' lang='lat' dir='ltr'><strong>ou</strong></span> <span class='ocrx_word' id='word_1_212' title='bbox 801 2761 887 2837; x_wconf 85' lang='lat' dir='ltr'><strong>igitur</strong></span> <span class='ocrx_word' id='word_1_213' title='bbox 908 2761 1069 2820; x_wconf 86' lang='lat' dir='ltr'><strong>censendus</strong></span> <span class='ocrx_word' id='word_1_214' title='bbox 1085 2778 1129 2820; x_wconf 85' lang='lat' dir='ltr'><strong>est</strong></span> <span class='ocrx_word' id='word_1_215' title='bbox 1143 2765 1301 2841; x_wconf 78' lang='lat' dir='ltr'><strong>Apostolus</strong></span> 
     </span>
     <span class='ocr_line' id='line_1_25' title="bbox 108 2855 1301 2936; baseline 0.005 -22"><span class='ocrx_word' id='word_1_216' title='bbox 108 2870 203 2917; x_wconf 87' lang='lat' dir='ltr'><strong>tautum</strong></span> <span class='ocrx_word' id='word_1_217' title='bbox 230 2858 349 2916; x_wconf 88' lang='lat' dir='ltr'><strong>tolerare</strong></span> <span class='ocrx_word' id='word_1_218' title='bbox 375 2855 460 2913; x_wconf 85' lang='lat' dir='ltr'><strong>unius</strong></span> <span class='ocrx_word' id='word_1_219' title='bbox 486 2856 619 2932; x_wconf 85' lang='lat' dir='ltr'><strong>conjugis</strong></span> <span class='ocrx_word' id='word_1_220' title='bbox 640 2857 808 2914; x_wconf 79' lang='lat' dir='ltr'><strong>societatem</strong></span> <span class='ocrx_word' id='word_1_221' title='bbox 830 2857 971 2926; x_wconf 86' lang='lat' dir='ltr'><strong>maritam,</strong></span> <span class='ocrx_word' id='word_1_222' title='bbox 995 2859 1046 2915; x_wconf 87' lang='lat' dir='ltr'><strong>sed</strong></span> <span class='ocrx_word' id='word_1_223' title='bbox 1067 2860 1200 2930; x_wconf 80' lang='lat' dir='ltr'><strong>sancirc3</strong></span> <span class='ocrx_word' id='word_1_224' title='bbox 1223 2860 1301 2936; x_wconf 92' lang='lat' dir='ltr'><strong>quod</strong></span> 
     </span>
     <span class='ocr_line' id='line_1_26' title="bbox 108 2952 829 3031; baseline -0.001 -19"><span class='ocrx_word' id='word_1_225' title='bbox 108 2956 194 3029; x_wconf 87' lang='lat' dir='ltr'><strong>utique</strong></span> <span class='ocrx_word' id='word_1_226' title='bbox 210 2974 268 3013; x_wconf 91' lang='lat' dir='ltr'><strong>non</strong></span> <span class='ocrx_word' id='word_1_227' title='bbox 283 2955 451 3031; x_wconf 85' lang='lat' dir='ltr'><strong>contigisset</strong></span> <span class='ocrx_word' id='word_1_228' title='bbox 464 2954 489 3010; x_wconf 89' lang='lat' dir='ltr'><strong>si</strong></span> <span class='ocrx_word' id='word_1_229' title='bbox 505 2954 540 3010; x_wconf 91' lang='lat' dir='ltr'><strong>de</strong></span> <span class='ocrx_word' id='word_1_230' title='bbox 555 2973 585 3011; x_wconf 89' lang='lat' dir='ltr'><strong>re</strong></span> <span class='ocrx_word' id='word_1_231' title='bbox 601 2952 674 3011; x_wconf 89' lang='lat' dir='ltr'><strong>mala</strong></span> <span class='ocrx_word' id='word_1_232' title='bbox 689 2969 829 3030; x_wconf 84' lang='lat' dir='ltr'><strong>ageretur.</strong></span> 
     </span>
    </p>

    <p class='ocr_par' dir='ltr' id='par_1_6' title="bbox 108 3037 1303 3232">
     <span class='ocr_line' id='line_1_27' title="bbox 139 3037 1303 3134; baseline 0 -20"><span class='ocrx_word' id='word_1_233' title='bbox 139 3061 166 3114; x_wconf 81' lang='lat'><strong>7.</strong></span> <span class='ocrx_word' id='word_1_234' title='bbox 192 3053 260 3134; x_wconf 78' lang='lat' dir='ltr'><strong>obj.</strong></span> <span class='ocrx_word' id='word_1_235' title='bbox 276 3059 305 3111; x_wconf 86' lang='lat'><strong>2.</strong></span> <span class='ocrx_word' id='word_1_236' title='bbox 329 3051 485 3129; x_wconf 81' lang='lat' dir='ltr'><strong>Apostolus</strong></span> <span class='ocrx_word' id='word_1_237' title='bbox 501 3052 623 3108; x_wconf 88' lang='lat' dir='ltr'><strong>minatur</strong></span> <span class='ocrx_word' id='word_1_238' title='bbox 637 3051 807 3129; x_wconf 84' lang='lat' dir='ltr'><strong>conjugibus</strong></span> <span class='ocrx_word' id='word_1_239' title='bbox 829 3052 921 3109; x_wconf 86' lang='lat' dir='ltr'><strong>carnis</strong></span> <span class='ocrx_word' id='word_1_240' title='bbox 937 3037 1088 3121; x_wconf 72' lang='lat' dir='ltr'><strong>acutulas,</strong></span> <span class='ocrx_word' id='word_1_241' title='bbox 1106 3054 1233 3113; x_wconf 82' lang='lat' dir='ltr'><strong>lrbuluus</strong></span> <span class='ocrx_word' id='word_1_242' title='bbox 1248 3056 1303 3115; x_wconf 81' lang='lat' dir='ltr'><strong>sci·</strong></span> 
     </span>
     <span class='ocr_line' id='line_1_28' title="bbox 108 3147 1228 3232; baseline -0.005 -21"><span class='ocrx_word' id='word_1_243' title='bbox 108 3153 165 3212; x_wconf 87' lang='lat' dir='ltr'><strong>licet</strong></span> <span class='ocrx_word' id='word_1_244' title='bbox 179 3156 270 3232; x_wconf 85' lang='lat' dir='ltr'><strong>ignes,</strong></span> <span class='ocrx_word' id='word_1_245' title='bbox 288 3168 317 3210; x_wconf 89' lang='lat' dir='ltr'><strong>ut</strong></span> <span class='ocrx_word' id='word_1_246' title='bbox 332 3150 382 3210; x_wconf 87' lang='lat' dir='ltr'><strong>cos</strong></span> <span class='ocrx_word' id='word_1_247' title='bbox 397 3172 414 3208; x_wconf 90' lang='lat' dir='ltr'><strong>a</strong></span> <span class='ocrx_word' id='word_1_248' title='bbox 429 3151 564 3227; x_wconf 83' lang='lat' dir='ltr'><strong>conjugio</strong></span> <span class='ocrx_word' id='word_1_249' title='bbox 577 3151 726 3208; x_wconf 90' lang='lat' dir='ltr'><strong>deterreat.</strong></span> <span class='ocrx_word' id='word_1_250' title='bbox 1225 3147 1228 3156; x_wconf 90' lang='lat'>&#39;</span> 
     </span>
    </p>

    <p class='ocr_par' dir='ltr' id='par_1_7' title="bbox 110 3247 1304 3615">
     <span class='ocr_line' id='line_1_29' title="bbox 139 3247 1300 3332; baseline -0.001 -23"><span class='ocrx_word' id='word_1_251' title='bbox 139 3249 225 3329; x_wconf 81' lang='lat' dir='ltr'><strong>Reap.</strong></span> <span class='ocrx_word' id='word_1_252' title='bbox 249 3250 352 3308; x_wconf 87' lang='lat' dir='ltr'><strong>Mouet</strong></span> <span class='ocrx_word' id='word_1_253' title='bbox 379 3248 495 3332; x_wconf 88' lang='lat' dir='ltr'><strong>quidem</strong></span> <span class='ocrx_word' id='word_1_254' title='bbox 524 3247 661 3324; x_wconf 81' lang='lat' dir='ltr'><strong>conjuges</strong></span> <span class='ocrx_word' id='word_1_255' title='bbox 689 3247 812 3323; x_wconf 89' lang='lat' dir='ltr'><strong>plurima</strong></span> <span class='ocrx_word' id='word_1_256' title='bbox 839 3266 937 3307; x_wconf 87' lang='lat' dir='ltr'><strong>seeum</strong></span> <span class='ocrx_word' id='word_1_257' title='bbox 967 3248 1076 3306; x_wconf 82' lang='lat' dir='ltr'><strong>trahere</strong></span> <span class='ocrx_word' id='word_1_258' title='bbox 1105 3248 1300 3321; x_wconf 90' lang='lat' dir='ltr'><strong>incommoda,</strong></span> 
     </span>
     <span class='ocr_line' id='line_1_30' title="bbox 110 3345 1304 3426; baseline -0.001 -18"><span class='ocrx_word' id='word_1_259' title='bbox 110 3368 195 3418; x_wconf 86' lang='lat' dir='ltr'><strong>onera,</strong></span> <span class='ocrx_word' id='word_1_260' title='bbox 216 3360 246 3408; x_wconf 87' lang='lat' dir='ltr'><strong>et</strong></span> <span class='ocrx_word' id='word_1_261' title='bbox 259 3348 386 3426; x_wconf 82' lang='lat' dir='ltr'><strong>pericula</strong></span> <span class='ocrx_word' id='word_1_262' title='bbox 401 3345 428 3404; x_wconf 92' lang='lat' dir='ltr'><strong>id</strong></span> <span class='ocrx_word' id='word_1_263' title='bbox 446 3347 508 3404; x_wconf 88' lang='lat' dir='ltr'><strong>vitae</strong></span> <span class='ocrx_word' id='word_1_264' title='bbox 524 3365 635 3422; x_wconf 83' lang='lat' dir='ltr'><strong>gemrs3</strong></span> <span class='ocrx_word' id='word_1_265' title='bbox 658 3346 709 3404; x_wconf 84' lang='lat' dir='ltr'><strong>sed</strong></span> <span class='ocrx_word' id='word_1_266' title='bbox 731 3345 804 3404; x_wconf 89' lang='lat' dir='ltr'><strong>nihil</strong></span> <span class='ocrx_word' id='word_1_267' title='bbox 826 3346 897 3404; x_wconf 87' lang='lat' dir='ltr'><strong>dicit</strong></span> <span class='ocrx_word' id='word_1_268' title='bbox 911 3349 986 3420; x_wconf 90' lang='lat' dir='ltr'><strong>quod</strong></span> <span class='ocrx_word' id='word_1_269' title='bbox 1009 3357 1157 3424; x_wconf 88' lang='lat' dir='ltr'><strong>peccatum</strong></span> <span class='ocrx_word' id='word_1_270' title='bbox 1173 3367 1304 3407; x_wconf 86' lang='lat' dir='ltr'><strong>necessa·</strong></span> 
     </span>
     <span class='ocr_line' id='line_1_31' title="bbox 111 3427 1304 3539; baseline 0.003 -36"><span class='ocrx_word' id='word_1_271' title='bbox 111 3449 144 3505; x_wconf 83' lang='lat' dir='ltr'><strong>rib</strong></span> <span class='ocrx_word' id='word_1_272' title='bbox 157 3449 184 3506; x_wconf 88' lang='lat' dir='ltr'><strong>ci</strong></span> <span class='ocrx_word' id='word_1_273' title='bbox 197 3447 336 3506; x_wconf 85' lang='lat' dir='ltr'><strong>inbaerere</strong></span> <span class='ocrx_word' id='word_1_274' title='bbox 352 3444 503 3522; x_wconf 85' lang='lat' dir='ltr'><strong>significet.</strong></span> <span class='ocrx_word' id='word_1_275' title='bbox 547 3427 616 3502; x_wconf 78' lang='lat' dir='ltr'><strong>Ndu</strong></span> <span class='ocrx_word' id='word_1_276' title='bbox 638 3455 731 3503; x_wconf 88' lang='lat' dir='ltr'><strong>autem</strong></span> <span class='ocrx_word' id='word_1_277' title='bbox 753 3443 914 3503; x_wconf 87' lang='lat' dir='ltr'><strong>damnanda</strong></span> <span class='ocrx_word' id='word_1_278' title='bbox 929 3459 972 3503; x_wconf 88' lang='lat' dir='ltr'><strong>est</strong></span> <span class='ocrx_word' id='word_1_279' title='bbox 988 3448 1053 3539; x_wconf 51' lang='lat' dir='ltr'><strong>vit&#39;ae</strong></span> <span class='ocrx_word' id='word_1_280' title='bbox 1068 3447 1149 3514; x_wconf 89' lang='lat' dir='ltr'><strong>ratio,</strong></span> <span class='ocrx_word' id='word_1_281' title='bbox 1165 3465 1231 3521; x_wconf 85' lang='lat' dir='ltr'><strong>quae</strong></span> <span class='ocrx_word' id='word_1_282' title='bbox 1253 3467 1304 3527; x_wconf 85' lang='lat' dir='ltr'><strong>per</strong></span> 
     </span>
     <span class='ocr_line' id='line_1_32' title="bbox 113 3540 964 3615; baseline -0.001 -13"><span class='ocrx_word' id='word_1_283' title='bbox 113 3563 138 3602; x_wconf 86' lang='lat' dir='ltr'><strong>se</strong></span> <span class='ocrx_word' id='word_1_284' title='bbox 152 3546 281 3610; x_wconf 83' lang='lat' dir='ltr'><strong>innocua,</strong></span> <span class='ocrx_word' id='word_1_285' title='bbox 298 3541 413 3615; x_wconf 88' lang='lat' dir='ltr'><strong>aliquod</strong></span> <span class='ocrx_word' id='word_1_286' title='bbox 430 3542 513 3599; x_wconf 87' lang='lat' dir='ltr'><strong>habet</strong></span> <span class='ocrx_word' id='word_1_287' title='bbox 527 3540 701 3599; x_wconf 84' lang='lat' dir='ltr'><strong>discriminis</strong></span> <span class='ocrx_word' id='word_1_288' title='bbox 717 3543 760 3598; x_wconf 91' lang='lat' dir='ltr'><strong>vel</strong></span> <span class='ocrx_word' id='word_1_289' title='bbox 778 3542 964 3602; x_wconf 88' lang='lat' dir='ltr'><strong>incommodi.</strong></span> 
     </span>
    </p>

    <p class='ocr_par' dir='ltr' id='par_1_8' title="bbox 113 3637 1308 3910">
     <span class='ocr_line' id='line_1_33' title="bbox 146 3637 1308 3724; baseline -0.002 -22"><span class='ocrx_word' id='word_1_290' title='bbox 146 3648 172 3702; x_wconf 83' lang='grc'><strong>8.</strong></span> <span class='ocrx_word' id='word_1_291' title='bbox 197 3642 263 3722; x_wconf 80' lang='lat' dir='ltr'><strong>obj.</strong></span> <span class='ocrx_word' id='word_1_292' title='bbox 280 3647 309 3699; x_wconf 86' lang='lat'><strong>3.</strong></span> <span class='ocrx_word' id='word_1_293' title='bbox 333 3652 352 3676; x_wconf 78' lang='lat'><strong>‘⁶</strong></span> <span class='ocrx_word' id='word_1_294' title='bbox 369 3640 425 3706; x_wconf 83' lang='lat' dir='ltr'><strong>Qui</strong></span> <span class='ocrx_word' id='word_1_295' title='bbox 441 3653 535 3696; x_wconf 85' lang='lat' dir='ltr'><strong>autem</strong></span> <span class='ocrx_word' id='word_1_296' title='bbox 551 3639 678 3697; x_wconf 87' lang='lat' dir='ltr'><strong>incarne</strong></span> <span class='ocrx_word' id='word_1_297' title='bbox 693 3649 768 3703; x_wconf 79' lang='lat' dir='ltr'><strong>suut,</strong></span> <span class='ocrx_word' id='word_1_298' title='bbox 786 3639 849 3696; x_wconf 81' lang='lat' dir='ltr'><strong>Deo</strong></span> <span class='ocrx_word' id='word_1_299' title='bbox 865 3637 975 3716; x_wconf 80' lang='lat' dir='ltr'><strong>placere</strong></span> <span class='ocrx_word' id='word_1_300' title='bbox 993 3648 1049 3700; x_wconf 85' lang='lat' dir='ltr'><strong>nuri</strong></span> <span class='ocrx_word' id='word_1_301' title='bbox 1066 3645 1229 3718; x_wconf 79' lang='lat' dir='ltr'><strong>posarrnt.⁷”</strong></span> <span class='ocrx_word' id='word_1_302' title='bbox 1251 3646 1308 3724; x_wconf 88' lang='lat' dir='ltr'><strong>Igi-</strong></span> 
     </span>
     <span class='ocr_line' id='line_1_34' title="bbox 114 3735 1307 3814; baseline 0.004 -18"><span class='ocrx_word' id='word_1_303' title='bbox 114 3754 151 3798; x_wconf 86' lang='lat' dir='ltr'><strong>tur</strong></span> <span class='ocrx_word' id='word_1_304' title='bbox 165 3736 337 3799; x_wconf 83' lang='lat' dir='ltr'><strong>matrimonii</strong></span> <span class='ocrx_word' id='word_1_305' title='bbox 356 3756 423 3794; x_wconf 70' lang='lat' dir='ltr'><strong>usus·</strong></span> <span class='ocrx_word' id='word_1_306' title='bbox 440 3747 546 3793; x_wconf 88' lang='lat' dir='ltr'><strong>tantum</strong></span> <span class='ocrx_word' id='word_1_307' title='bbox 566 3735 745 3802; x_wconf 84' lang='lat' dir='ltr'><strong>tolerabatur,</strong></span> <span class='ocrx_word' id='word_1_308' title='bbox 761 3739 851 3798; x_wconf 83' lang='lat' dir='ltr'><strong>donec</strong></span> <span class='ocrx_word' id='word_1_309' title='bbox 874 3755 992 3814; x_wconf 81' lang='lat' dir='ltr'><strong>possent</strong></span> <span class='ocrx_word' id='word_1_310' title='bbox 1008 3741 1102 3797; x_wconf 83' lang='lat' dir='ltr'><strong>induci</strong></span> <span class='ocrx_word' id='word_1_311' title='bbox 1119 3741 1250 3800; x_wconf 86' lang='lat' dir='ltr'><strong>lromines</strong></span> <span class='ocrx_word' id='word_1_312' title='bbox 1272 3744 1307 3800; x_wconf 92' lang='lat' dir='ltr'><strong>ad</strong></span> 
     </span>
     <span class='ocr_line' id='line_1_35' title="bbox 113 3835 569 3910; baseline -0.013 -14"><span class='ocrx_word' id='word_1_313' title='bbox 113 3859 214 3898; x_wconf 87' lang='lat' dir='ltr'><strong>crucem</strong></span> <span class='ocrx_word' id='word_1_314' title='bbox 228 3856 311 3896; x_wconf 83' lang='lat' dir='ltr'><strong>suum</strong></span> <span class='ocrx_word' id='word_1_315' title='bbox 328 3856 371 3891; x_wconf 85' lang='lat' dir='ltr'><strong>aru</strong></span> <span class='ocrx_word' id='word_1_316' title='bbox 378 3835 569 3910; x_wconf 80' lang='lat' dir='ltr'><strong>plectendam.</strong></span> 
     </span>
    </p>

    <p class='ocr_par' dir='ltr' id='par_1_9' title="bbox 144 3930 1309 4018">
     <span class='ocr_line' id='line_1_36' title="bbox 144 3930 1309 4018; baseline -0.002 -21"><span class='ocrx_word' id='word_1_317' title='bbox 144 3938 225 4018; x_wconf 73' lang='lat' dir='ltr'><strong>Hesp.</strong></span> <span class='ocrx_word' id='word_1_318' title='bbox 249 3938 273 3994; x_wconf 81' lang='lat' dir='ltr'><strong>li</strong></span> <span class='ocrx_word' id='word_1_319' title='bbox 290 3939 419 3992; x_wconf 88' lang='lat' dir='ltr'><strong>incarne</strong></span> <span class='ocrx_word' id='word_1_320' title='bbox 441 3933 635 4008; x_wconf 85' lang='lat' dir='ltr'><strong>intelliguntur</strong></span> <span class='ocrx_word' id='word_1_321' title='bbox 650 3949 725 3998; x_wconf 78' lang='lat' dir='ltr'><strong>esse,</strong></span> <span class='ocrx_word' id='word_1_322' title='bbox 741 3930 789 4002; x_wconf 90' lang='lat' dir='ltr'><strong>qui</strong></span> <span class='ocrx_word' id='word_1_323' title='bbox 811 3933 871 3987; x_wconf 85' lang='lat' dir='ltr'><strong>suis</strong></span> <span class='ocrx_word' id='word_1_324' title='bbox 893 3934 1097 4010; x_wconf 68' lang='lat' dir='ltr'><strong>cupiditatibus</strong></span> <span class='ocrx_word' id='word_1_325' title='bbox 1114 3954 1145 3991; x_wconf 85' lang='lat' dir='ltr'><strong>se</strong></span> <span class='ocrx_word' id='word_1_326' title='bbox 1169 3945 1241 3992; x_wconf 87' lang='lat' dir='ltr'><strong>totos</strong></span> <span class='ocrx_word' id='word_1_327' title='bbox 1258 3935 1309 3995; x_wconf 82' lang='lat' dir='ltr'><strong>tle·</strong></span> 
     </span>
    </p>
   </div>
   <div class='ocr_carea' id='block_1_5' title="bbox 265 4107 920 4679">
    <p class='ocr_par' dir='ltr' id='par_1_10' title="bbox 265 4107 920 4679">
     <span class='ocr_line' id='line_1_37' title="bbox 268 4107 527 4174; baseline -0.012 -15"><span class='ocrx_word' id='word_1_328' title='bbox 268 4115 308 4174; x_wconf 61' lang='lat' dir='ltr'><strong>(l)</strong></span> <span class='ocrx_word' id='word_1_329' title='bbox 327 4109 391 4157; x_wconf 84' lang='lat' dir='ltr'><strong>Gan.</strong></span> <span class='ocrx_word' id='word_1_330' title='bbox 403 4107 419 4156; x_wconf 91' lang='lat' dir='ltr'><strong>i.</strong></span> <span class='ocrx_word' id='word_1_331' title='bbox 431 4107 464 4156; x_wconf 83' lang='lat' dir='ltr'><strong>ix.</strong></span> <span class='ocrx_word' id='word_1_332' title='bbox 477 4107 527 4156; x_wconf 83' lang='lat' dir='ltr'><strong>xiv.</strong></span> 
     </span>
     <span class='ocr_line' id='line_1_38' title="bbox 265 4194 451 4260; baseline -0.016 -14"><span class='ocrx_word' id='word_1_333' title='bbox 265 4203 305 4260; x_wconf 61' lang='lat'><strong>(2)</strong></span> <span class='ocrx_word' id='word_1_334' title='bbox 326 4194 451 4243; x_wconf 72' lang='lat' dir='ltr'><strong>Camari</strong></span> 
     </span>
     <span class='ocr_line' id='line_1_39' title="bbox 267 4279 443 4342; baseline -0.023 -10"><span class='ocrx_word' id='word_1_335' title='bbox 267 4284 313 4342; x_wconf 85' lang='lat'><strong>(3)</strong></span> <span class='ocrx_word' id='word_1_336' title='bbox 335 4279 399 4328; x_wconf 76' lang='lat' dir='ltr'><strong>Gan.</strong></span> <span class='ocrx_word' id='word_1_337' title='bbox 410 4281 443 4328; x_wconf 84' lang='lat' dir='ltr'><strong>xi.</strong></span> 
     </span>
     <span class='ocr_line' id='line_1_40' title="bbox 431 4368 504 4418; baseline 0.014 -2"><span class='ocrx_word' id='word_1_338' title='bbox 431 4368 469 4418; x_wconf 86' lang='lat' dir='ltr'><strong>vii.</strong></span> <span class='ocrx_word' id='word_1_339' title='bbox 483 4371 504 4417; x_wconf 88' lang='lat' dir='ltr'><strong>l.</strong></span> 
     </span>
     <span class='ocr_line' id='line_1_41' title="bbox 423 4458 500 4506; baseline 0.013 -2"><span class='ocrx_word' id='word_1_340' title='bbox 423 4474 429 4504; x_wconf 90' lang='lat' dir='ltr'><strong>r</strong></span> <span class='ocrx_word' id='word_1_341' title='bbox 441 4472 465 4506; x_wconf 83' lang='lat' dir='ltr'><strong>v.</strong></span> <span class='ocrx_word' id='word_1_342' title='bbox 477 4458 500 4505; x_wconf 88' lang='lat'><strong>6.</strong></span> 
     </span>
     <span class='ocr_line' id='line_1_42' title="bbox 421 4533 920 4607; baseline -0.016 -16"><span class='ocrx_word' id='word_1_343' title='bbox 421 4559 477 4607; x_wconf 81' lang='lat' dir='ltr'><strong>rony</strong></span> <span class='ocrx_word' id='word_1_344' title='bbox 489 4542 518 4592; x_wconf 83' lang='lat' dir='ltr'><strong>ol</strong></span> <span class='ocrx_word' id='word_1_345' title='bbox 525 4536 627 4593; x_wconf 86' lang='lat' dir='ltr'><strong>Christ&#39;s</strong></span> <span class='ocrx_word' id='word_1_346' title='bbox 639 4535 729 4588; x_wconf 83' lang='lat' dir='ltr'><strong>second</strong></span> <span class='ocrx_word' id='word_1_347' title='bbox 741 4533 884 4602; x_wconf 76' lang='lat' dir='ltr'><strong>appearing,</strong></span> <span class='ocrx_word' id='word_1_348' title='bbox 895 4549 920 4601; x_wconf 91' lang='lat' dir='ltr'><strong>p.</strong></span> 
     </span>
     <span class='ocr_line' id='line_1_43' title="bbox 418 4630 503 4679; baseline 0.012 -3"><span class='ocrx_word' id='word_1_349' title='bbox 418 4630 467 4679; x_wconf 88' lang='lat' dir='ltr'><strong>viii.</strong></span> <span class='ocrx_word' id='word_1_350' title='bbox 479 4633 503 4678; x_wconf 81' lang='lat'><strong>8.</strong></span> 
     </span>
    </p>
   </div>
   <div class='ocr_carea' id='block_1_6' title="bbox 0 0 1423 5092">
    <p class='ocr_par' dir='ltr' id='par_1_11' title="bbox 0 0 1423 5092">
     <span class='ocr_line' id='line_1_44' title="bbox 0 0 1423 5092; baseline 0 0"><span class='ocrx_word' id='word_1_351' title='bbox 0 0 1423 5092; x_wconf 95' lang='lat' dir='ltr'><strong> </strong></span> 
     </span>
    </p>
   </div>
  </div>
 </body>
</html>
