2798 5092
419 332 498 423 ,nu
518 332 720 397 onornnn
742 332 959 395 nrursrno.

574 878 714 938 CAPUT
734 878 818 939 VIII.

401 1111 457 1164 DI}
493 1113 708 1166 ORDINUM
742 1114 990 1168 MINIS'I'RO.

442 1347 467 1420 §.
483 1345 507 1404 Ι.
529 1344 577 1405 Dr:
591 1364 736 1405 nrnrsrrro
751 1365 942 1406 necessario.

124 1530 169 1585 00.
191 1523 392 1602 Episcopum
409 1540 508 1580 ornnes
524 1521 637 1581 ordines
659 1520 787 1581 conferre
809 1543 894 1602 posse
915 1532 1044 1583 constat:
1067 1530 1211 1580 tonsuram
1225 1538 1292 1580 vero

93 1636 117 1683 et
138 1623 272 1682 miuores
301 1617 427 1687 ordines,
452 1618 511 1678 imo
536 1632 564 1677 et
588 1619 821 1679 subdiaconatum
846 1621 1005 1679 facultatem
1031 1616 1212 1696 impertiendi
1233 1616 1293 1676 dari

94 1736 173 1796 posse
190 1714 341 1774 sacerdoti
354 1733 370 1770 a
383 1714 502 1774 Summo
517 1714 658 1774 Pontifice
671 1715 819 1775 indubium
833 1729 887 1784 est,
899 1736 965 1776 nam
976 1715 1132 1774 Abbatibus
1145 1715 1294 1774 consuevit

93 1812 117 1872 id
131 1812 264 1872 concedi.
300 1810 403 1870 Utrum
419 1811 547 1888 pontifex
562 1823 661 1889 posset
674 1811 821 1890 Indulgere
834 1826 866 1871 ut
879 1813 1044 1872 diaconatus
1058 1813 1143 1872 etiarn
1158 1812 1291 1871 confera-

94 1922 132 1969 tur
155 1909 312 1985 quaesitunr
338 1920 390 1976 est,
405 1907 514 1967 indulto
539 1909 662 1982 quodam
687 1909 848 1968 Innocentii
870 1909 1136 1969 vulsmarus
1158 1910 1289 1988 allegato,

95 2025 147 2081 quo
164 2026 199 2065 ea
214 2006 300 2064 datur
314 2004 431 2064 facultas
447 2006 549 2064 Abbati
571 2005 768 2074 cisterciensi,
784 2005 860 2081 quod
874 2017 969 2064 umen
990 2006 1144 2084 genuinum
1161 2025 1225 2065 csse
1247 2006 1293 2065 vel

95 2105 234 2183 integrum
256 2104 354 2181 plures
381 2118 495 2182 negant.
537 2104 623 2181 Apud
646 2103 814 2181 Theologos
831 2105 891 2183 jam
915 2104 1036 2162 obtinuit
1060 2105 1290 2177 sententiaque

94 2213 173 2281 negat
187 2200 366 2260 sacerdotem
380 2219 466 2277 posse
482 2201 672 2279 diaconatum,
688 2205 778 2271 multo
792 2201 887 2261 minus
901 2201 1138 2278 presbyteratum,
1153 2200 1237 2259 etiam
1252 2217 1290 2258 ex

94 2299 234 2375 pontificis
249 2299 449 2367 concessione,
465 2299 614 2376 impertiri.
658 2298 703 2374 De
724 2297 781 2357 fide
796 2313 839 2356 est
852 2317 915 2357 eam
937 2317 1023 2372 quarn
1038 2297 1168 2376 episcopi
1183 2298 1289 2356 habeut

94 2395 243 2455 ordinandi
255 2406 424 2473 potestatem
440 2415 498 2455 non
514 2415 578 2454 esse
599 2397 656 2455 illis
672 2415 736 2454 curn
759 2396 934 2473 presbyteris
949 2414 1145 2464 communem,
1159 2396 1197 2454 ita
1210 2396 1288 2455 eninr

95 2493 143 2553 lert
156 2493 331 2552 TrIdentina
347 2492 493 2553 definitio:
517 2503 536 2530 “
550 2494 582 2553 si
598 2495 662 2568 quis
676 2493 789 2564 diaerit,
805 2494 958 2572 episcopos
981 2535 989 2554 .
1012 2535 1020 2552 .
1044 2534 1052 2553 .
1075 2535 1083 2552 .
1105 2512 1162 2553 non
1184 2495 1288 2553 habere

97 2601 263 2669 potestatem
287 2633 294 2648 .
318 2630 326 2649 .
351 2632 358 2649 .
378 2590 546 2660 ordinandI;
569 2590 690 2649 valeam
706 2610 790 2666 quarn
806 2591 919 2659 habeut,
933 2590 989 2650 illis
1011 2608 1078 2648 csse
1090 2609 1155 2649 cum
1170 2592 1292 2670 presby·

95 2688 157 2747 teris
171 2706 367 2756 communem,
384 2687 534 2747 anathema
548 2688 636 2748 sit.'’¹

133 2789 201 2844 100.
223 2786 310 2863 Apud
325 2787 500 2864 Anglicanos
515 2787 545 2846 iu
559 2787 692 2846 confesso
706 2799 750 2846 est
769 2787 862 2846 solum
885 2786 1054 2864 episcopum
1077 2804 1164 2863 posse
1178 2787 1289 2864 episco-

96 2893 199 2960 patum,
221 2883 464 2959 presbyteratum,
479 2895 507 2942 et
521 2883 711 2951 diaconatum,
727 2903 799 2957 quos
822 2896 878 2943 tres
901 2893 1060 2959 agnoscunt
1078 2881 1204 2950 ordines,
1220 2902 1287 2941 con-

96 2978 173 3040 ferre.
217 2979 431 3056 Presbyteriani
456 2981 539 3039 ritum
569 2980 755 3040 ordInationis
783 2999 800 3038 a
826 2979 956 3038 ministro
982 2980 1032 3052 qui
1060 2979 1145 3037 coetui
1170 2980 1286 3037 cuilibet

99 3088 205 3153 praeest,
222 3096 359 3136 unacum
374 3079 563 3155 presbyterio,
578 3078 654 3152 quod
669 3079 758 3136 tribus
772 3076 873 3136 saltem
887 3076 1024 3134 ministris
1039 3094 1104 3135 curn
1126 3077 1285 3135 senioribus

96 3173 171 3234 lalcis
185 3186 307 3243 constat,
323 3177 421 3252 perfici
437 3175 551 3244 docent,
566 3195 701 3234 manuum
717 3175 911 3252 impositione,
925 3173 1049 3231 dexteris
1063 3172 1199 3251 deinceps
1211 3173 1283 3231 datis

98 3271 123 3330 ib
147 3272 284 3331 consortii
309 3272 456 3331 indicium.
498 3273 646 3349 Baptista,
668 3273 717 3346 qui
742 3291 824 3331 suam
849 3291 866 3329 a
890 3271 1118 3348 Presbyteriauis
1143 3271 1283 3348 originem

99 3367 194 3443 ubique
218 3368 351 3446 produnt,
374 3390 390 3427 a
411 3369 589 3447 presbyterio
612 3388 714 3428 manus
736 3367 923 3448 imponendas
946 3368 1058 3427 docent.
1099 3367 1282 3426 Methodistaa

63 3464 64 3468 ’
98 3468 264 3546 episcopales
287 3467 320 3525 ad
345 3467 486 3526 Ioannem
510 3468 641 3546 Wesley,
658 3479 742 3526 sectae
764 3487 823 3526 suae
847 3477 1002 3534 auctorem,
1025 3466 1071 3524 sui
1094 3466 1278 3544 episcopatus

102 3564 382 3645 originemreserunt,
398 3583 463 3622 eum
479 3566 597 3633 scilicet,
612 3566 812 3642 presbyterum
827 3563 903 3631 licet,
913 3581 1027 3622 suarum
1042 3580 1176 3620 manuum
1193 3562 1284 3639 Impo-

100 3663 193 3724 sitione
217 3665 363 3723 Thomarn
380 3664 473 3732 Ooke,
489 3665 688 3742 presbyterum
705 3662 822 3721 alterurn
845 3661 973 3740 ejusdcm
995 3660 1136 3719 Ecclesiae
1150 3661 1283 3738 Anglica·

98 3778 142 3831 ne,
156 3763 185 3822 in
206 3763 371 3840 episcopale
386 3762 512 3821 officium
527 3779 694 3839 segregasse
715 3760 823 3827 dicunt,
838 3769 866 3817 et
880 3759 908 3817 in
924 3757 1063 3816 mandatis
1077 3757 1104 3815 ei
1125 3755 1283 3818 dedissent
1315 3791 1321 3801 ·

99 3855 272 3919 Franciscum
288 3859 403 3935 Asbury
419 3858 479 3936 pari
493 3858 601 3917 ratione
616 3858 651 3916 ad
666 3858 741 3917 idem
757 3854 861 3916 munus
876 3855 1019 3913 eveheret.

589 4052 774 4094 Pnorosmo.

130 4192 270 4272 Episcopi
284 4193 392 4253 labent
406 4201 585 4273 potestatem
597 4190 770 4261 ordinandi,
784 4208 850 4270 qua
868 4208 930 4250 non
944 4187 1061 4249 catillis
1075 4205 1142 4247 cum
1157 4189 1280 4270 presby-

99 4290 158 4349 teris
171 4290 349 4351 communis.

129 4386 274 4450 Probatur
288 4387 315 4447 I.
332 4407 368 4447 ea
386 4389 559 4469 Scriptoris.

132 4490 191 4547 101.
212 4487 346 4567 Apostoli
361 4488 487 4547 diaconis
502 4486 675 4565 imposuisse
690 4503 790 4543 manus
801 4485 951 4562 leguntur:
974 4477 1079 4538 Saulus
1093 4489 1123 4540 et
1135 4480 1279 4542 Barnabas

450 4663 491 4731 (1)
511 4662 576 4714 Sese.
586 4661 658 4712 xxiii.
668 4676 721 4712 cau
733 4659 774 4711 vii.
