2798 5092
100 365 140 422 40
500 360 557 421 DE
578 358 907 420 SUBDIACONATU

597 1033 737 1094 CAPUT
758 1032 796 1094 V.

139 1271 199 1324 na
230 1272 599 1325 suauiacouuru
627 1271 683 1323 nu
712 1234 970 1325 uruonrnus
998 1268 1267 1325 onurrvrnus.

140 1504 189 1558 05.
211 1499 438 1559 Subdiaconatus
454 1500 570 1578 majoris
592 1499 700 1560 ordinis
715 1499 792 1579 apud
805 1499 924 1558 Latinos
940 1500 1003 1576 jam
1016 1497 1102 1556 habet
1115 1496 1297 1574 dignitatem,

101 1613 138 1652 ex
151 1594 314 1665 undecimo,
329 1597 374 1655 val
389 1595 488 1656 saltem
517 1596 629 1656 decimo
645 1599 727 1656 tertio
742 1597 869 1656 saeculo:
891 1615 928 1654 ex
942 1613 1000 1670 quo
1011 1594 1120 1653 scilicet
1133 1592 1217 1651 licuit
1230 1591 1297 1649 sub·

99 1689 251 1750 diaconum
263 1692 293 1751 in
307 1693 476 1770 episcopum
491 1693 606 1770 eligere.
649 1692 784 1752 Decrevit
805 1692 940 1752 Urbanus
955 1692 994 1750 ll.
1010 1691 1039 1750 in
1054 1689 1177 1749 concilio
1203 1689 1298 1747 Bene-

99 1800 231 1860 ventano,
246 1810 321 1866 anuo
338 1796 410 1852 1091
424 1813 432 1862 ;
454 1792 591 1852 “Nullus
606 1793 740 1871 deinceps
756 1794 785 1852 iu
800 1792 970 1871 episcopum
984 1791 1113 1869 eligatur,
1125 1788 1182 1847 uisi
1198 1788 1249 1864 qui
1264 1789 1295 1847 iu

50 1880 54 1889 '
98 1885 187 1942 sacris
201 1885 347 1946 ordinibus
361 1887 494 1966 religiose
508 1888 608 1946 vivens
624 1888 755 1948 inventus
770 1899 823 1947 est.
866 1888 970 1946 Sacros
985 1897 1081 1945 autem
1095 1883 1211 1944 ordines
1224 1882 1296 1943 dici-

98 2001 163 2042 mus
177 1983 357 2047 diaconatum
378 2006 411 2046 ac
433 1987 671 2065 presbyteratum.
713 1987 778 2047 Hos
800 1984 916 2062 quidem
931 1986 1009 2045 solos
1032 1984 1177 2063 primitiva
1191 1982 1299 2060 legitur

97 2080 232 2142 Ecclesia
244 2081 397 2143 habuisse:
420 2085 566 2162 superbis
581 2085 673 2144 solum
689 2097 863 2163 preceptum
883 2083 1023 2144 habemus
1037 2079 1179 2159 Apostoli.
1222 2077 1297 2142 Sub-

97 2177 234 2238 diaconus
256 2179 335 2248 verb,
357 2180 407 2253 qui
432 2189 461 2237 et
480 2181 537 2257 ipsi
562 2181 696 2239 altaribus
719 2181 890 2247 ministrant,
916 2179 1126 2256 opportunitate
1150 2177 1295 2254 exigente,

98 2274 294 2344 concedimus,
308 2274 359 2333 sed
374 2277 529 2344 rarissime,
543 2276 570 2334 si
583 2285 678 2335 tamen
692 2285 825 2353 spectatas
840 2277 898 2334 siut
917 2275 1065 2353 religionis
1080 2285 1109 2332 et
1122 2270 1297 2331 scientioe.’'²

96 2372 280 2431 Innocentius
295 2371 349 2430 lli.
364 2370 485 2431 liberam
495 2372 563 2431 lecit
573 2373 732 2433 facultatem
745 2373 953 2439 esubdiacouis
977 2370 1102 2450 eligendi
1111 2370 1295 2448 episcopum,

98 2479 118 2506 ⁸⁸
128 2488 194 2528 cum
208 2468 315 2529 hodie”
331 2467 455 2545 (decimo
470 2470 556 2529 tertio
569 2470 689 2531 ineunte
703 2470 823 2550 sacculo)
841 2469 1090 2532 “subdiaconatus
1105 2469 1179 2527 inter
1194 2486 1292 2527 sacros

97 2565 212 2624 ordines
227 2565 452 2643 computetur.”²
491 2568 576 2647 Apud
591 2569 709 2628 Graecos
732 2569 888 2629 minoribus
902 2569 1049 2629 ordinibus
1076 2566 1171 2626 adhuc
1193 2584 1295 2625 accen·

96 2671 184 2720 setur.
1304 2672 1308 2680 '

138 2763 186 2819 66.
208 2759 343 2847 Minores
356 2765 485 2835 ordines,
507 2763 582 2843 apud
603 2765 734 2832 Latinos,
756 2773 875 2838 quatuor
900 2771 1092 2830 numerantur,
1107 2761 1218 2820 scilicet
1233 2779 1295 2820 mu·

94 2877 162 2917 nera
188 2860 334 2937 Acolythi,
359 2867 529 2934 Exorcistae,
551 2864 691 2931 Lectoris,
716 2874 744 2922 st
778 2862 905 2922 Ostiarii.
946 2848 1291 2942 Acolytlrus'luminaria

94 2955 235 3014 Ecclesia
260 2962 398 3032 accendit,
413 2975 441 3022 et
456 2963 553 3021 vinum
574 2972 604 3019 et
622 2978 726 3033 aquam
747 2959 890 3017 ministrat
910 2956 940 3015 iu
964 2955 1147 3023 sacrificium,
1163 2954 1292 3022 nomine,

93 3055 210 3118 sumto,
223 3059 435 3140 pedissequum
450 3061 495 3120 rel
507 3059 641 3120 comitem
655 3057 832 3134 designante,
846 3076 881 3115 eo
895 3055 970 3131 quod
986 3055 1016 3112 iu
1033 3053 1292 3131 supplicationibus

93 3172 122 3219 et
146 3162 177 3220 in
197 3162 293 3220 missae
314 3160 463 3219 solemniis
486 3177 581 3218 sacros
612 3158 757 3217 ministros
783 3156 944 3223 comitetur,
981 3154 1112 3213 manibus
1139 3151 1293 3211 luminaria

98 3258 203 3320 serens.
244 3257 409 3317 Ecorcistu
429 3275 534 3316 nomen
558 3257 594 3313 ab
616 3254 711 3313 officio
734 3253 867 3323 desumit,
882 3255 945 3331 ejus
967 3253 1073 3330 quippe
1098 3259 1142 3310 est
1168 3249 1295 3308 exorcis·

94 3377 157 3416 mos
171 3359 289 3416 recitare
301 3374 388 3432 super
401 3371 621 3431 energumenos,
636 3363 667 3411 ut
681 3353 810 3412 daemone
822 3352 984 3410 liberentur.
1026 3349 1171 3408 (laterum
1184 3366 1293 3407 munus

93 3454 208 3512 nonnisi
224 3452 447 3511 asacerdotibus
462 3451 548 3509 hodie
569 3461 726 3519 exercetur,
741 3459 770 3508 et
781 3468 884 3527 magua
895 3447 1019 3506 adhibita
1044 3445 1152 3505 cautela
1166 3464 1201 3503 ne
1225 3446 1293 3518 quis

92 3549 231 3609 daemouis
246 3550 369 3609 assultus
395 3560 499 3608 temere
514 3550 685 3627 suspicetur,
700 3548 749 3607 ubi
774 3545 908 3606 naturalis
936 3555 1068 3622 suppetat
1082 3563 1176 3603 causa.
1218 3542 1292 3602 Lce-

92 3645 166 3705 toris
181 3658 224 3704 est
235 3665 329 3705 sacras
351 3646 515 3723 Scripturas
530 3647 560 3705 in
580 3645 714 3704 Ecclesia
728 3645 834 3723 legere.
880 3641 1012 3702 Ostinrio
1031 3642 1127 3719 jauuae
1150 3638 1292 3698 Ecclesiae

92 3743 221 3804 custodia
241 3745 435 3811 committitur,
459 3754 492 3802 ut
512 3744 647 3822 profanos
673 3744 820 3822 prohibeat
840 3743 991 3820 ingressu3
1011 3739 1144 3799 fidelibus
1169 3738 1289 3796 liberam

92 3841 272 3922 ingrediendi
287 3842 369 3901 saciat
382 3841 554 3900 facultatem.

113 3946 182 4018 ι67.
205 3941 324 4008 Quautae
350 3939 408 3997 sint
431 3939 605 4012 antiquitatis
627 3939 742 3998 ordines
766 3939 818 4008 illi,
839 3938 929 4012 liquet
951 3955 988 3996 ex
1018 3934 1139 4012 epistola
1160 3932 1292 3993 Cornelii

91 4040 235 4115 pontificis
249 4037 284 4097 ad
296 4038 416 4096 Fabium
431 4037 654 4106 Antiocheuum,
669 4036 764 4096 medio
784 4037 867 4096 tertio
888 4035 1003 4102 saeculo,
1024 4035 1054 4092 iu
1068 4053 1124 4106 qua
1138 4032 1173 4091 de
1189 4033 1288 4091 Nora-

91 4135 177 4202 tianc,
193 4135 398 4212 pseudo-papa,
414 4133 501 4192 dicit:
526 4143 545 4170 “
561 4133 612 4192 llle
627 4133 778 4212 Evangelii
791 4132 897 4192 vindex
911 4131 1058 4210 ignorabat
1070 4149 1159 4189 unum
1175 4130 1288 4207 episco-

91 4247 239 4306 pumesse
253 4242 382 4308 oportere
398 4229 426 4288 in
442 4229 577 4288 Ecclesia
592 4228 752 4298 Oatlrolica,
769 4229 799 4289 in
819 4224 877 4303 qua
889 4237 984 4287 tamen
1005 4226 1121 4292 sciebat,
1138 4226 1288 4303 presbyte-

91 4345 138 4385 ros
153 4327 267 4400 quidem
282 4347 350 4386 esse
362 4336 480 4400 quatuor
495 4337 522 4384 et
536 4327 740 4400 quadraginta3
761 4337 871 4404 septem
884 4337 979 4385 autem
994 4324 1141 4392 diaconos,
1155 4323 1289 4384 totidem·

92 4440 148 4496 que
169 4421 376 4490 subdiaconos;
399 4423 549 4498 acolythos
570 4423 641 4480 duos
663 4433 691 4481 et
711 4423 914 4500 quadragintat
936 4420 1093 4480 exorcistas
1115 4433 1143 4478 et
1163 4418 1288 4480 lectores

290 4583 329 4641 (l)
349 4579 428 4630 Cone.
438 4580 596 4657 Beneucnn.
608 4581 624 4630 i.

288 4666 325 4725 (2)
344 4663 429 4714 Extra.
440 4662 471 4712 de
481 4672 551 4714 state
563 4671 588 4714 et
598 4664 715 4731 qualitate
723 4663 775 4714 ord.
785 4663 872 4730 prelio
884 4679 937 4730 cap.
948 4661 984 4713 ix.
