<?xml version="1.0" encoding="UTF-8"?>
<!DOCTYPE html PUBLIC "-//W3C//DTD XHTML 1.0 Transitional//EN"
    "http://www.w3.org/TR/xhtml1/DTD/xhtml1-transitional.dtd">
<html xmlns="http://www.w3.org/1999/xhtml" xml:lang="en" lang="en">
 <head>
  <title>
</title>
<meta http-equiv="Content-Type" content="text/html;charset=utf-8" />
  <meta name='ocr-system' content='tesseract 3.04.00' />
  <meta name='ocr-capabilities' content='ocr_page ocr_carea ocr_par ocr_line ocrx_word'/>
</head>
<body>
  <div class='ocr_page' id='page_1' title='image "./theologidogmati02kenrgoog_0172.png"; bbox 0 0 2798 5092; ppageno 0'>
   <div class='ocr_carea' id='block_1_1' title="bbox 332 347 1285 415">
    <p class='ocr_par' dir='ltr' id='par_1_1' title="bbox 332 347 1285 415">
     <span class='ocr_line' id='line_1_1' title="bbox 332 347 1285 415; baseline 0.006 -6"><span class='ocrx_word' id='word_1_1' title='bbox 332 348 390 409; x_wconf 78' lang='lat' dir='ltr'>Du</span> <span class='ocrx_word' id='word_1_2' title='bbox 411 347 794 410; x_wconf 75' lang='lat' dir='ltr'>srcRAMENTORrJM</span> <span class='ocrx_word' id='word_1_3' title='bbox 815 349 1047 411; x_wconf 71' lang='lat' dir='ltr'>ursionem.</span> <span class='ocrx_word' id='word_1_4' title='bbox 1230 360 1285 415; x_wconf 77' lang='grc'>159</span> 
     </span>
    </p>
   </div>
   <div class='ocr_carea' id='block_1_2' title="bbox 498 623 894 665">
    <p class='ocr_par' dir='ltr' id='par_1_2' title="bbox 498 623 894 665">
     <span class='ocr_line' id='line_1_2' title="bbox 498 623 894 665; baseline 0 0"><span class='ocrx_word' id='word_1_5' title='bbox 498 623 697 665; x_wconf 74' lang='lat' dir='ltr'>CBJECTICNE!</span> <span class='ocrx_word' id='word_1_6' title='bbox 710 624 894 665; x_wconf 77' lang='lat' dir='ltr'>SOLVUNTUR.</span> 
     </span>
    </p>
   </div>
   <div class='ocr_carea' id='block_1_3' title="bbox 84 764 1301 4066">
    <p class='ocr_par' dir='ltr' id='par_1_3' title="bbox 91 764 1301 1040">
     <span class='ocr_line' id='line_1_3' title="bbox 134 764 1286 848; baseline 0.005 -24"><span class='ocrx_word' id='word_1_7' title='bbox 134 770 182 824; x_wconf 77' lang='grc'>52.</span> <span class='ocrx_word' id='word_1_8' title='bbox 208 764 277 844; x_wconf 86' lang='lat' dir='ltr'>Obj.</span> <span class='ocrx_word' id='word_1_9' title='bbox 301 769 327 822; x_wconf 93' lang='lat' dir='ltr'>l.</span> <span class='ocrx_word' id='word_1_10' title='bbox 352 764 505 842; x_wconf 76' lang='lat' dir='ltr'>Scriptura</span> <span class='ocrx_word' id='word_1_11' title='bbox 528 776 767 825; x_wconf 87' lang='lat' dir='ltr'>sacramentorum</span> <span class='ocrx_word' id='word_1_12' title='bbox 790 765 896 824; x_wconf 82' lang='lat' dir='ltr'>fructus</span> <span class='ocrx_word' id='word_1_13' title='bbox 920 766 987 825; x_wconf 86' lang='lat' dir='ltr'>fidei</span> <span class='ocrx_word' id='word_1_14' title='bbox 1012 786 1068 841; x_wconf 90' lang='lat' dir='ltr'>qua</span> <span class='ocrx_word' id='word_1_15' title='bbox 1092 771 1286 848; x_wconf 90' lang='lat' dir='ltr'>suscipiuntur</span> 
     </span>
     <span class='ocr_line' id='line_1_4' title="bbox 91 861 1284 939; baseline 0.003 -17"><span class='ocrx_word' id='word_1_16' title='bbox 91 865 240 922; x_wconf 87' lang='lat' dir='ltr'>tribuunt:</span> <span class='ocrx_word' id='word_1_17' title='bbox 264 862 353 929; x_wconf 85' lang='lat' dir='ltr'>“Qui</span> <span class='ocrx_word' id='word_1_18' title='bbox 368 861 518 920; x_wconf 80' lang='lat' dir='ltr'>crediderit</span> <span class='ocrx_word' id='word_1_19' title='bbox 530 872 560 920; x_wconf 93' lang='lat' dir='ltr'>et</span> <span class='ocrx_word' id='word_1_20' title='bbox 579 862 738 939; x_wconf 89' lang='lat' dir='ltr'>baptizatus</span> <span class='ocrx_word' id='word_1_21' title='bbox 759 861 852 930; x_wconf 87' lang='lat' dir='ltr'>suerit,</span> <span class='ocrx_word' id='word_1_22' title='bbox 868 862 964 921; x_wconf 89' lang='lat' dir='ltr'>salvus</span> <span class='ocrx_word' id='word_1_23' title='bbox 978 865 1078 923; x_wconf 86' lang='lat' dir='ltr'>erit.”1</span> <span class='ocrx_word' id='word_1_24' title='bbox 1118 866 1159 924; x_wconf 89' lang='lat' dir='ltr'>Et</span> <span class='ocrx_word' id='word_1_25' title='bbox 1181 868 1284 928; x_wconf 90' lang='lat' dir='ltr'>Petrus</span> 
     </span>
     <span class='ocr_line' id='line_1_5' title="bbox 91 959 1301 1040; baseline 0.004 -19"><span class='ocrx_word' id='word_1_26' title='bbox 91 962 162 1022; x_wconf 92' lang='lat' dir='ltr'>dicit</span> <span class='ocrx_word' id='word_1_27' title='bbox 175 959 212 1020; x_wconf 86' lang='lat' dir='ltr'>do</span> <span class='ocrx_word' id='word_1_28' title='bbox 227 962 360 1040; x_wconf 88' lang='lat' dir='ltr'>gentibus</span> <span class='ocrx_word' id='word_1_29' title='bbox 375 959 410 1018; x_wconf 91' lang='lat' dir='ltr'>ad</span> <span class='ocrx_word' id='word_1_30' title='bbox 424 959 512 1020; x_wconf 87' lang='lat' dir='ltr'>fidem</span> <span class='ocrx_word' id='word_1_31' title='bbox 526 963 689 1020; x_wconf 90' lang='lat' dir='ltr'>conversis:</span> <span class='ocrx_word' id='word_1_32' title='bbox 714 971 733 998; x_wconf 78' lang='lat'>‘⁴</span> <span class='ocrx_word' id='word_1_33' title='bbox 745 961 802 1020; x_wconf 89' lang='lat' dir='ltr'>fide</span> <span class='ocrx_word' id='word_1_34' title='bbox 818 963 970 1038; x_wconf 86' lang='lat' dir='ltr'>purificans</span> <span class='ocrx_word' id='word_1_35' title='bbox 982 963 1068 1023; x_wconf 91' lang='lat' dir='ltr'>corda</span> <span class='ocrx_word' id='word_1_36' title='bbox 1081 968 1226 1027; x_wconf 76' lang='lat' dir='ltr'>eorum.&#39;&#39;⁹</span> <span class='ocrx_word' id='word_1_37' title='bbox 1298 1006 1301 1011; x_wconf 81' lang='lat'>.</span> 
     </span>
    </p>

    <p class='ocr_par' dir='ltr' id='par_1_4' title="bbox 91 1058 1291 1628">
     <span class='ocr_line' id='line_1_6' title="bbox 132 1058 1288 1139; baseline 0.007 -21"><span class='ocrx_word' id='word_1_38' title='bbox 132 1059 223 1139; x_wconf 84' lang='lat' dir='ltr'>Rerp.</span> <span class='ocrx_word' id='word_1_39' title='bbox 245 1060 281 1118; x_wconf 93' lang='lat' dir='ltr'>ln</span> <span class='ocrx_word' id='word_1_40' title='bbox 295 1058 397 1118; x_wconf 87' lang='lat' dir='ltr'>adultis</span> <span class='ocrx_word' id='word_1_41' title='bbox 421 1060 509 1118; x_wconf 90' lang='lat' dir='ltr'>animi</span> <span class='ocrx_word' id='word_1_42' title='bbox 523 1059 674 1137; x_wconf 79' lang='lat' dir='ltr'>dispositio</span> <span class='ocrx_word' id='word_1_43' title='bbox 695 1061 847 1134; x_wconf 84' lang='lat' dir='ltr'>requiritur</span> <span class='ocrx_word' id='word_1_44' title='bbox 861 1059 895 1118; x_wconf 88' lang='lat' dir='ltr'>ad</span> <span class='ocrx_word' id='word_1_45' title='bbox 917 1060 1028 1127; x_wconf 77' lang='lat' dir='ltr'>fructus,</span> <span class='ocrx_word' id='word_1_46' title='bbox 1046 1078 1288 1126; x_wconf 86' lang='lat' dir='ltr'>sacramentorum</span> 
     </span>
     <span class='ocr_line' id='line_1_7' title="bbox 93 1154 1288 1238; baseline 0.007 -24"><span class='ocrx_word' id='word_1_47' title='bbox 93 1155 311 1237; x_wconf 88' lang='lat' dir='ltr'>percipiendos,</span> <span class='ocrx_word' id='word_1_48' title='bbox 326 1155 451 1229; x_wconf 91' lang='lat' dir='ltr'>ideoque</span> <span class='ocrx_word' id='word_1_49' title='bbox 466 1154 537 1212; x_wconf 86' lang='lat' dir='ltr'>fides</span> <span class='ocrx_word' id='word_1_50' title='bbox 553 1157 587 1213; x_wconf 89' lang='lat' dir='ltr'>ab</span> <span class='ocrx_word' id='word_1_51' title='bbox 602 1156 637 1213; x_wconf 89' lang='lat' dir='ltr'>iis</span> <span class='ocrx_word' id='word_1_52' title='bbox 652 1156 775 1234; x_wconf 81' lang='lat' dir='ltr'>exigitur</span> <span class='ocrx_word' id='word_1_53' title='bbox 789 1156 892 1231; x_wconf 89' lang='lat' dir='ltr'>quibus</span> <span class='ocrx_word' id='word_1_54' title='bbox 906 1158 1074 1234; x_wconf 78' lang='lat' dir='ltr'>predicatur</span> <span class='ocrx_word' id='word_1_55' title='bbox 1087 1159 1288 1238; x_wconf 88' lang='lat' dir='ltr'>Evangelium.</span> 
     </span>
     <span class='ocr_line' id='line_1_8' title="bbox 94 1251 1291 1335; baseline 0.004 -23"><span class='ocrx_word' id='word_1_56' title='bbox 94 1255 142 1312; x_wconf 91' lang='lat' dir='ltr'>Ea</span> <span class='ocrx_word' id='word_1_57' title='bbox 155 1252 330 1313; x_wconf 90' lang='lat' dir='ltr'>mundantur</span> <span class='ocrx_word' id='word_1_58' title='bbox 343 1251 439 1321; x_wconf 90' lang='lat' dir='ltr'>corda,</span> <span class='ocrx_word' id='word_1_59' title='bbox 453 1252 563 1311; x_wconf 88' lang='lat' dir='ltr'>coelesti</span> <span class='ocrx_word' id='word_1_60' title='bbox 577 1252 714 1311; x_wconf 89' lang='lat' dir='ltr'>illustrata</span> <span class='ocrx_word' id='word_1_61' title='bbox 727 1253 845 1322; x_wconf 85' lang='lat' dir='ltr'>lumine,</span> <span class='ocrx_word' id='word_1_62' title='bbox 861 1263 889 1311; x_wconf 90' lang='lat' dir='ltr'>et</span> <span class='ocrx_word' id='word_1_63' title='bbox 901 1253 936 1312; x_wconf 90' lang='lat' dir='ltr'>ad</span> <span class='ocrx_word' id='word_1_64' title='bbox 950 1256 1067 1333; x_wconf 87' lang='lat' dir='ltr'>gratiam</span> <span class='ocrx_word' id='word_1_65' title='bbox 1088 1257 1220 1335; x_wconf 79' lang='lat' dir='ltr'>baptismi</span> <span class='ocrx_word' id='word_1_66' title='bbox 1235 1258 1291 1318; x_wconf 89' lang='lat' dir='ltr'>dis-</span> 
     </span>
     <span class='ocr_line' id='line_1_9' title="bbox 91 1349 1288 1429; baseline 0.004 -20"><span class='ocrx_word' id='word_1_67' title='bbox 91 1362 250 1429; x_wconf 88' lang='lat' dir='ltr'>ponuntur.</span> <span class='ocrx_word' id='word_1_68' title='bbox 293 1349 428 1409; x_wconf 81' lang='lat' dir='ltr'>Profecto</span> <span class='ocrx_word' id='word_1_69' title='bbox 441 1349 546 1408; x_wconf 89' lang='lat' dir='ltr'>Petrus</span> <span class='ocrx_word' id='word_1_70' title='bbox 566 1350 585 1409; x_wconf 87' lang='lat' dir='ltr'>J</span> <span class='ocrx_word' id='word_1_71' title='bbox 588 1349 685 1408; x_wconf 83' lang='lat' dir='ltr'>udaeos</span> <span class='ocrx_word' id='word_1_72' title='bbox 707 1350 742 1408; x_wconf 92' lang='lat' dir='ltr'>ad</span> <span class='ocrx_word' id='word_1_73' title='bbox 766 1351 963 1428; x_wconf 88' lang='lat' dir='ltr'>poenitentiam</span> <span class='ocrx_word' id='word_1_74' title='bbox 979 1365 1073 1411; x_wconf 91' lang='lat' dir='ltr'>motos</span> <span class='ocrx_word' id='word_1_75' title='bbox 1086 1353 1214 1413; x_wconf 87' lang='lat' dir='ltr'>hortatus</span> <span class='ocrx_word' id='word_1_76' title='bbox 1234 1368 1288 1423; x_wconf 87' lang='lat' dir='ltr'>est,</span> 
     </span>
     <span class='ocr_line' id='line_1_10' title="bbox 92 1448 1291 1528; baseline 0.006 -22"><span class='ocrx_word' id='word_1_77' title='bbox 92 1458 126 1506; x_wconf 91' lang='lat' dir='ltr'>ut</span> <span class='ocrx_word' id='word_1_78' title='bbox 149 1449 325 1526; x_wconf 88' lang='lat' dir='ltr'>baptismum</span> <span class='ocrx_word' id='word_1_79' title='bbox 350 1448 535 1525; x_wconf 89' lang='lat' dir='ltr'>suscipiendo</span> <span class='ocrx_word' id='word_1_80' title='bbox 562 1448 763 1508; x_wconf 89' lang='lat' dir='ltr'>remissionem</span> <span class='ocrx_word' id='word_1_81' title='bbox 791 1460 971 1528; x_wconf 70' lang='lat' dir='ltr'>precatorum</span> <span class='ocrx_word' id='word_1_82' title='bbox 1000 1462 1166 1524; x_wconf 79' lang='lat' dir='ltr'>quererent.</span> <span class='ocrx_word' id='word_1_83' title='bbox 1208 1453 1291 1513; x_wconf 88' lang='lat' dir='ltr'>Fidei</span> 
     </span>
     <span class='ocr_line' id='line_1_11' title="bbox 91 1546 1287 1628; baseline 0.003 -22"><span class='ocrx_word' id='word_1_84' title='bbox 91 1548 180 1624; x_wconf 90' lang='lat' dir='ltr'>igitur</span> <span class='ocrx_word' id='word_1_85' title='bbox 194 1546 252 1607; x_wconf 92' lang='lat' dir='ltr'>alio</span> <span class='ocrx_word' id='word_1_86' title='bbox 265 1548 330 1605; x_wconf 90' lang='lat' dir='ltr'>loco</span> <span class='ocrx_word' id='word_1_87' title='bbox 346 1548 442 1605; x_wconf 87' lang='lat' dir='ltr'>tribuit</span> <span class='ocrx_word' id='word_1_88' title='bbox 455 1546 549 1605; x_wconf 90' lang='lat' dir='ltr'>cordis</span> <span class='ocrx_word' id='word_1_89' title='bbox 564 1547 725 1623; x_wconf 89' lang='lat' dir='ltr'>puritatem,</span> <span class='ocrx_word' id='word_1_90' title='bbox 742 1547 808 1619; x_wconf 92' lang='lat' dir='ltr'>quia</span> <span class='ocrx_word' id='word_1_91' title='bbox 823 1547 857 1604; x_wconf 89' lang='lat' dir='ltr'>ad</span> <span class='ocrx_word' id='word_1_92' title='bbox 879 1566 942 1606; x_wconf 88' lang='lat' dir='ltr'>eam</span> <span class='ocrx_word' id='word_1_93' title='bbox 957 1548 1086 1626; x_wconf 83' lang='lat' dir='ltr'>disponit</span> <span class='ocrx_word' id='word_1_94' title='bbox 1098 1563 1126 1608; x_wconf 89' lang='lat' dir='ltr'>et</span> <span class='ocrx_word' id='word_1_95' title='bbox 1141 1564 1287 1628; x_wconf 78' lang='lat' dir='ltr'>praparat.</span> 
     </span>
    </p>

    <p class='ocr_par' dir='ltr' id='par_1_5' title="bbox 88 1643 1292 2006">
     <span class='ocr_line' id='line_1_12' title="bbox 134 1643 1290 1723; baseline 0.005 -20"><span class='ocrx_word' id='word_1_96' title='bbox 134 1649 183 1703; x_wconf 84' lang='grc'>53.</span> <span class='ocrx_word' id='word_1_97' title='bbox 210 1643 278 1723; x_wconf 82' lang='lat' dir='ltr'>obj.</span> <span class='ocrx_word' id='word_1_98' title='bbox 294 1650 324 1703; x_wconf 82' lang='lat'>2.</span> <span class='ocrx_word' id='word_1_99' title='bbox 346 1645 437 1714; x_wconf 88' lang='lat' dir='ltr'>Bonis</span> <span class='ocrx_word' id='word_1_100' title='bbox 453 1644 541 1703; x_wconf 90' lang='lat' dir='ltr'>animi</span> <span class='ocrx_word' id='word_1_101' title='bbox 553 1644 682 1702; x_wconf 90' lang='lat' dir='ltr'>motibus</span> <span class='ocrx_word' id='word_1_102' title='bbox 697 1645 792 1720; x_wconf 91' lang='lat' dir='ltr'>potius</span> <span class='ocrx_word' id='word_1_103' title='bbox 807 1663 892 1718; x_wconf 92' lang='lat' dir='ltr'>quam</span> <span class='ocrx_word' id='word_1_104' title='bbox 915 1645 1063 1716; x_wconf 88' lang='lat' dir='ltr'>ablutioni,</span> <span class='ocrx_word' id='word_1_105' title='bbox 1079 1649 1174 1707; x_wconf 89' lang='lat' dir='ltr'>tribuit</span> <span class='ocrx_word' id='word_1_106' title='bbox 1187 1650 1290 1709; x_wconf 88' lang='lat' dir='ltr'>Petrus</span> 
     </span>
     <span class='ocr_line' id='line_1_13' title="bbox 89 1741 1292 1822; baseline 0.003 -20"><span class='ocrx_word' id='word_1_107' title='bbox 89 1743 216 1802; x_wconf 90' lang='lat' dir='ltr'>salutem</span> <span class='ocrx_word' id='word_1_108' title='bbox 242 1750 271 1800; x_wconf 91' lang='lat' dir='ltr'>et</span> <span class='ocrx_word' id='word_1_109' title='bbox 295 1741 413 1818; x_wconf 88' lang='lat' dir='ltr'>gratiam</span> <span class='ocrx_word' id='word_1_110' title='bbox 439 1759 525 1815; x_wconf 88' lang='lat' dir='ltr'>quarn</span> <span class='ocrx_word' id='word_1_111' title='bbox 546 1741 768 1813; x_wconf 81' lang='lat' dir='ltr'>consequimur:</span> <span class='ocrx_word' id='word_1_112' title='bbox 801 1742 928 1800; x_wconf 85' lang='lat' dir='ltr'>“salvos</span> <span class='ocrx_word' id='word_1_113' title='bbox 952 1743 1019 1802; x_wconf 88' lang='lat' dir='ltr'>sacit</span> <span class='ocrx_word' id='word_1_114' title='bbox 1043 1746 1211 1822; x_wconf 89' lang='lat' dir='ltr'>baptismus,</span> <span class='ocrx_word' id='word_1_115' title='bbox 1233 1766 1292 1807; x_wconf 89' lang='lat' dir='ltr'>non</span> 
     </span>
     <span class='ocr_line' id='line_1_14' title="bbox 92 1827 1292 1920; baseline 0.003 -22"><span class='ocrx_word' id='word_1_116' title='bbox 92 1839 189 1898; x_wconf 88' lang='lat' dir='ltr'>caruis</span> <span class='ocrx_word' id='word_1_117' title='bbox 203 1837 349 1915; x_wconf 89' lang='lat' dir='ltr'>depositio</span> <span class='ocrx_word' id='word_1_118' title='bbox 363 1837 502 1905; x_wconf 90' lang='lat' dir='ltr'>sordium,</span> <span class='ocrx_word' id='word_1_119' title='bbox 517 1836 568 1895; x_wconf 93' lang='lat' dir='ltr'>sed</span> <span class='ocrx_word' id='word_1_120' title='bbox 584 1836 766 1895; x_wconf 71' lang='lat' dir='ltr'>conscientie</span> <span class='ocrx_word' id='word_1_121' title='bbox 782 1827 863 1897; x_wconf 76' lang='lat' dir='ltr'>bona</span> <span class='ocrx_word' id='word_1_122' title='bbox 877 1838 1060 1916; x_wconf 89' lang='lat' dir='ltr'>interrogatio</span> <span class='ocrx_word' id='word_1_123' title='bbox 1072 1842 1101 1898; x_wconf 91' lang='lat' dir='ltr'>in</span> <span class='ocrx_word' id='word_1_124' title='bbox 1117 1840 1223 1910; x_wconf 92' lang='lat' dir='ltr'>Deum,</span> <span class='ocrx_word' id='word_1_125' title='bbox 1242 1862 1292 1920; x_wconf 92' lang='lat' dir='ltr'>per</span> 
     </span>
     <span class='ocr_line' id='line_1_15' title="bbox 88 1931 591 2006; baseline -0.01 -11"><span class='ocrx_word' id='word_1_126' title='bbox 88 1935 331 2006; x_wconf 84' lang='lat' dir='ltr'>resurrectionem</span> <span class='ocrx_word' id='word_1_127' title='bbox 345 1934 417 1993; x_wconf 86' lang='lat' dir='ltr'>Jesu</span> <span class='ocrx_word' id='word_1_128' title='bbox 433 1931 591 1991; x_wconf 82' lang='lat' dir='ltr'>Christi.”³</span> 
     </span>
    </p>

    <p class='ocr_par' dir='ltr' id='par_1_6' title="bbox 88 2029 1294 2779">
     <span class='ocr_line' id='line_1_16' title="bbox 130 2029 1290 2110; baseline 0.003 -20"><span class='ocrx_word' id='word_1_129' title='bbox 130 2032 223 2110; x_wconf 86' lang='lat' dir='ltr'>Reap.</span> <span class='ocrx_word' id='word_1_130' title='bbox 245 2032 348 2091; x_wconf 88' lang='lat' dir='ltr'>Monet</span> <span class='ocrx_word' id='word_1_131' title='bbox 372 2030 529 2108; x_wconf 83' lang='lat' dir='ltr'>Apostolus</span> <span class='ocrx_word' id='word_1_132' title='bbox 544 2029 718 2107; x_wconf 91' lang='lat' dir='ltr'>baptismum</span> <span class='ocrx_word' id='word_1_133' title='bbox 742 2047 800 2088; x_wconf 89' lang='lat' dir='ltr'>non</span> <span class='ocrx_word' id='word_1_134' title='bbox 821 2030 883 2088; x_wconf 87' lang='lat' dir='ltr'>fieri</span> <span class='ocrx_word' id='word_1_135' title='bbox 897 2050 1001 2109; x_wconf 89' lang='lat' dir='ltr'>corpus</span> <span class='ocrx_word' id='word_1_136' title='bbox 1017 2032 1172 2092; x_wconf 88' lang='lat' dir='ltr'>mundandi</span> <span class='ocrx_word' id='word_1_137' title='bbox 1194 2054 1290 2102; x_wconf 88' lang='lat' dir='ltr'>causa,</span> 
     </span>
     <span class='ocr_line' id='line_1_17' title="bbox 88 2126 1291 2205; baseline 0.002 -18"><span class='ocrx_word' id='word_1_138' title='bbox 88 2128 142 2187; x_wconf 89' lang='lat' dir='ltr'>sed</span> <span class='ocrx_word' id='word_1_139' title='bbox 156 2129 299 2197; x_wconf 85' lang='lat' dir='ltr'>animam;</span> <span class='ocrx_word' id='word_1_140' title='bbox 313 2126 348 2185; x_wconf 89' lang='lat' dir='ltr'>ad</span> <span class='ocrx_word' id='word_1_141' title='bbox 364 2126 440 2201; x_wconf 95' lang='lat' dir='ltr'>quod</span> <span class='ocrx_word' id='word_1_142' title='bbox 456 2126 661 2185; x_wconf 87' lang='lat' dir='ltr'>conscientiam</span> <span class='ocrx_word' id='word_1_143' title='bbox 677 2126 728 2183; x_wconf 94' lang='lat' dir='ltr'>rite</span> <span class='ocrx_word' id='word_1_144' title='bbox 742 2126 856 2204; x_wconf 89' lang='lat' dir='ltr'>disponi</span> <span class='ocrx_word' id='word_1_145' title='bbox 868 2138 989 2205; x_wconf 91' lang='lat' dir='ltr'>oportet.</span> <span class='ocrx_word' id='word_1_146' title='bbox 1013 2127 1155 2187; x_wconf 84' lang='lat' dir='ltr'>Oaeterum</span> <span class='ocrx_word' id='word_1_147' title='bbox 1167 2131 1291 2189; x_wconf 87' lang='lat' dir='ltr'>animam</span> 
     </span>
     <span class='ocr_line' id='line_1_18' title="bbox 91 2224 1291 2303; baseline 0.002 -18"><span class='ocrx_word' id='word_1_148' title='bbox 91 2227 146 2286; x_wconf 91' lang='lat' dir='ltr'>rite</span> <span class='ocrx_word' id='word_1_149' title='bbox 163 2225 333 2303; x_wconf 82' lang='lat' dir='ltr'>dispositam</span> <span class='ocrx_word' id='word_1_150' title='bbox 347 2225 505 2302; x_wconf 88' lang='lat' dir='ltr'>baptismus</span> <span class='ocrx_word' id='word_1_151' title='bbox 520 2224 616 2301; x_wconf 81' lang='lat' dir='ltr'>gratiae</span> <span class='ocrx_word' id='word_1_152' title='bbox 631 2224 796 2283; x_wconf 90' lang='lat' dir='ltr'>muneribus</span> <span class='ocrx_word' id='word_1_153' title='bbox 817 2237 915 2294; x_wconf 88' lang='lat' dir='ltr'>omat;</span> <span class='ocrx_word' id='word_1_154' title='bbox 938 2235 1108 2303; x_wconf 90' lang='lat' dir='ltr'>quapropter</span> <span class='ocrx_word' id='word_1_155' title='bbox 1123 2228 1150 2285; x_wconf 91' lang='lat' dir='ltr'>ei</span> <span class='ocrx_word' id='word_1_156' title='bbox 1171 2227 1291 2287; x_wconf 89' lang='lat' dir='ltr'>salutem</span> 
     </span>
     <span class='ocr_line' id='line_1_19' title="bbox 91 2319 1291 2401; baseline -0.001 -19"><span class='ocrx_word' id='word_1_157' title='bbox 91 2322 255 2385; x_wconf 87' lang='lat' dir='ltr'>adscribere</span> <span class='ocrx_word' id='word_1_158' title='bbox 269 2321 378 2383; x_wconf 91' lang='lat' dir='ltr'>Paulus</span> <span class='ocrx_word' id='word_1_159' title='bbox 392 2340 449 2380; x_wconf 91' lang='lat' dir='ltr'>non</span> <span class='ocrx_word' id='word_1_160' title='bbox 464 2320 589 2378; x_wconf 90' lang='lat' dir='ltr'>dubitat:</span> <span class='ocrx_word' id='word_1_161' title='bbox 613 2330 632 2356; x_wconf 80' lang='lat'>‘⁶</span> <span class='ocrx_word' id='word_1_162' title='bbox 647 2319 749 2378; x_wconf 86' lang='lat' dir='ltr'>Salvos</span> <span class='ocrx_word' id='word_1_163' title='bbox 765 2340 818 2378; x_wconf 89' lang='lat' dir='ltr'>nos</span> <span class='ocrx_word' id='word_1_164' title='bbox 839 2321 907 2379; x_wconf 88' lang='lat' dir='ltr'>secit</span> <span class='ocrx_word' id='word_1_165' title='bbox 920 2341 971 2399; x_wconf 88' lang='lat' dir='ltr'>per</span> <span class='ocrx_word' id='word_1_166' title='bbox 985 2322 1127 2382; x_wconf 85' lang='lat' dir='ltr'>lavacrum</span> <span class='ocrx_word' id='word_1_167' title='bbox 1143 2342 1291 2401; x_wconf 82' lang='lat' dir='ltr'>regenera-</span> 
     </span>
     <span class='ocr_line' id='line_1_20' title="bbox 88 2415 1292 2499; baseline 0 -21"><span class='ocrx_word' id='word_1_168' title='bbox 88 2420 179 2479; x_wconf 87' lang='lat' dir='ltr'>tionis</span> <span class='ocrx_word' id='word_1_169' title='bbox 194 2430 223 2477; x_wconf 87' lang='lat' dir='ltr'>ct</span> <span class='ocrx_word' id='word_1_170' title='bbox 238 2417 431 2477; x_wconf 88' lang='lat' dir='ltr'>renovationis</span> <span class='ocrx_word' id='word_1_171' title='bbox 446 2417 571 2493; x_wconf 87' lang='lat' dir='ltr'>Spiritus</span> <span class='ocrx_word' id='word_1_172' title='bbox 587 2415 733 2476; x_wconf 79' lang='lat' dir='ltr'>Sancti.”⁴</span> <span class='ocrx_word' id='word_1_173' title='bbox 752 2415 835 2499; x_wconf 85' lang='lat' dir='ltr'>Licet</span> <span class='ocrx_word' id='word_1_174' title='bbox 849 2418 934 2495; x_wconf 87' lang='lat' dir='ltr'>igitur</span> <span class='ocrx_word' id='word_1_175' title='bbox 948 2419 1066 2495; x_wconf 86' lang='lat' dir='ltr'>gratiam</span> <span class='ocrx_word' id='word_1_176' title='bbox 1076 2420 1292 2496; x_wconf 89' lang='lat' dir='ltr'>justificationis</span> 
     </span>
     <span class='ocr_line' id='line_1_21' title="bbox 90 2515 1291 2601; baseline 0 -23"><span class='ocrx_word' id='word_1_177' title='bbox 90 2519 217 2601; x_wconf 87' lang='lat' dir='ltr'>tribuere</span> <span class='ocrx_word' id='word_1_178' title='bbox 231 2515 300 2581; x_wconf 88' lang='lat' dir='ltr'>fidei</span> <span class='ocrx_word' id='word_1_179' title='bbox 314 2528 344 2574; x_wconf 91' lang='lat' dir='ltr'>et</span> <span class='ocrx_word' id='word_1_180' title='bbox 357 2516 531 2593; x_wconf 85' lang='lat' dir='ltr'>poeoitentiae</span> <span class='ocrx_word' id='word_1_181' title='bbox 542 2525 687 2589; x_wconf 88' lang='lat' dir='ltr'>tamquam</span> <span class='ocrx_word' id='word_1_182' title='bbox 699 2515 934 2592; x_wconf 88' lang='lat' dir='ltr'>dispositionibus</span> <span class='ocrx_word' id='word_1_183' title='bbox 947 2516 1056 2576; x_wconf 90' lang='lat' dir='ltr'>adeam</span> <span class='ocrx_word' id='word_1_184' title='bbox 1069 2519 1291 2597; x_wconf 86' lang='lat' dir='ltr'>suscipiendam,</span> 
     </span>
     <span class='ocr_line' id='line_1_22' title="bbox 90 2614 1294 2697; baseline 0.002 -22"><span class='ocrx_word' id='word_1_185' title='bbox 90 2616 145 2676; x_wconf 92' lang='lat' dir='ltr'>sed</span> <span class='ocrx_word' id='word_1_186' title='bbox 167 2626 196 2675; x_wconf 92' lang='lat' dir='ltr'>et</span> <span class='ocrx_word' id='word_1_187' title='bbox 221 2614 407 2675; x_wconf 88' lang='lat' dir='ltr'>sacramentis</span> <span class='ocrx_word' id='word_1_188' title='bbox 429 2624 574 2687; x_wconf 81' lang='lat' dir='ltr'>tamquam</span> <span class='ocrx_word' id='word_1_189' title='bbox 595 2615 790 2674; x_wconf 86' lang='lat' dir='ltr'>instrumentis</span> <span class='ocrx_word' id='word_1_190' title='bbox 814 2615 917 2689; x_wconf 92' lang='lat' dir='ltr'>quibus</span> <span class='ocrx_word' id='word_1_191' title='bbox 939 2617 970 2674; x_wconf 90' lang='lat' dir='ltr'>in</span> <span class='ocrx_word' id='word_1_192' title='bbox 984 2635 1018 2674; x_wconf 90' lang='lat' dir='ltr'>ea</span> <span class='ocrx_word' id='word_1_193' title='bbox 1039 2616 1185 2697; x_wconf 89' lang='lat' dir='ltr'>largienda</span> <span class='ocrx_word' id='word_1_194' title='bbox 1206 2619 1294 2677; x_wconf 91' lang='lat' dir='ltr'>utitur</span> 
     </span>
     <span class='ocr_line' id='line_1_23' title="bbox 90 2698 1293 2779; baseline 0.004 -5"><span class='ocrx_word' id='word_1_195' title='bbox 90 2713 184 2774; x_wconf 88' lang='lat' dir='ltr'>Deus.</span> <span class='ocrx_word' id='word_1_196' title='bbox 334 2698 336 2705; x_wconf 42' lang='lat'><strong>¹</strong></span> <span class='ocrx_word' id='word_1_197' title='bbox 1291 2774 1293 2779; x_wconf 91' lang='lat'>.</span> 
     </span>
    </p>

    <p class='ocr_par' dir='ltr' id='par_1_7' title="bbox 89 2802 1293 3181">
     <span class='ocr_line' id='line_1_24' title="bbox 132 2802 1293 2892; baseline 0.002 -20"><span class='ocrx_word' id='word_1_198' title='bbox 132 2817 181 2872; x_wconf 83' lang='grc'>54.</span> <span class='ocrx_word' id='word_1_199' title='bbox 208 2811 276 2892; x_wconf 78' lang='lat' dir='ltr'>obj.</span> <span class='ocrx_word' id='word_1_200' title='bbox 302 2817 331 2871; x_wconf 84' lang='lat'>3.</span> <span class='ocrx_word' id='word_1_201' title='bbox 353 2812 533 2890; x_wconf 80' lang='lat' dir='ltr'>Augustinus</span> <span class='ocrx_word' id='word_1_202' title='bbox 557 2811 616 2869; x_wconf 92' lang='lat' dir='ltr'>vim</span> <span class='ocrx_word' id='word_1_203' title='bbox 642 2809 719 2868; x_wconf 91' lang='lat' dir='ltr'>illam</span> <span class='ocrx_word' id='word_1_204' title='bbox 743 2810 859 2868; x_wconf 90' lang='lat' dir='ltr'>insitam</span> <span class='ocrx_word' id='word_1_205' title='bbox 886 2812 1071 2868; x_wconf 87' lang='lat' dir='ltr'>sacramentis</span> <span class='ocrx_word' id='word_1_206' title='bbox 1097 2831 1155 2871; x_wconf 92' lang='lat' dir='ltr'>non</span> <span class='ocrx_word' id='word_1_207' title='bbox 1181 2802 1293 2874; x_wconf 89' lang='lat' dir='ltr'>videtur</span> 
     </span>
     <span class='ocr_line' id='line_1_25' title="bbox 91 2898 1291 2985; baseline 0 -13"><span class='ocrx_word' id='word_1_208' title='bbox 91 2898 191 2980; x_wconf 83' lang='lat' dir='ltr'>nosse,</span> <span class='ocrx_word' id='word_1_209' title='bbox 205 2911 305 2970; x_wconf 88' lang='lat' dir='ltr'>scribit</span> <span class='ocrx_word' id='word_1_210' title='bbox 316 2911 392 2969; x_wconf 90' lang='lat' dir='ltr'>enim</span> <span class='ocrx_word' id='word_1_211' title='bbox 405 2930 412 2968; x_wconf 81' lang='lat' dir='ltr'>r</span> <span class='ocrx_word' id='word_1_212' title='bbox 436 2919 456 2946; x_wconf 81' lang='lat'>‘⁴</span> <span class='ocrx_word' id='word_1_213' title='bbox 467 2908 544 2976; x_wconf 88' lang='lat' dir='ltr'>Quid</span> <span class='ocrx_word' id='word_1_214' title='bbox 553 2911 630 2967; x_wconf 90' lang='lat' dir='ltr'>enim</span> <span class='ocrx_word' id='word_1_215' title='bbox 642 2918 709 2966; x_wconf 89' lang='lat' dir='ltr'>sunt</span> <span class='ocrx_word' id='word_1_216' title='bbox 718 2906 794 2966; x_wconf 90' lang='lat' dir='ltr'>aliud</span> <span class='ocrx_word' id='word_1_217' title='bbox 807 2927 927 2982; x_wconf 84' lang='lat' dir='ltr'>quaeque</span> <span class='ocrx_word' id='word_1_218' title='bbox 939 2910 1096 2985; x_wconf 89' lang='lat' dir='ltr'>corporalia</span> <span class='ocrx_word' id='word_1_219' title='bbox 1104 2927 1291 2983; x_wconf 89' lang='lat' dir='ltr'>sacramenta,</span> 
     </span>
     <span class='ocr_line' id='line_1_26' title="bbox 90 3002 1292 3084; baseline -0.001 -15"><span class='ocrx_word' id='word_1_220' title='bbox 90 3010 148 3069; x_wconf 90' lang='lat' dir='ltr'>nisi</span> <span class='ocrx_word' id='word_1_221' title='bbox 163 3007 295 3084; x_wconf 86' lang='lat' dir='ltr'>quaedam</span> <span class='ocrx_word' id='word_1_222' title='bbox 310 3007 393 3080; x_wconf 89' lang='lat' dir='ltr'>quasi</span> <span class='ocrx_word' id='word_1_223' title='bbox 408 3006 493 3064; x_wconf 90' lang='lat' dir='ltr'>verba</span> <span class='ocrx_word' id='word_1_224' title='bbox 508 3005 640 3074; x_wconf 86' lang='lat' dir='ltr'>visibilia,</span> <span class='ocrx_word' id='word_1_225' title='bbox 655 3014 837 3062; x_wconf 88' lang='lat' dir='ltr'>sacrosancta</span> <span class='ocrx_word' id='word_1_226' title='bbox 850 3002 978 3077; x_wconf 87' lang='lat' dir='ltr'>quidem,</span> <span class='ocrx_word' id='word_1_227' title='bbox 993 3015 1187 3067; x_wconf 83' lang='lat' dir='ltr'>verumtamen</span> <span class='ocrx_word' id='word_1_228' title='bbox 1202 3023 1292 3069; x_wconf 93' lang='lat' dir='ltr'>muta·</span> 
     </span>
     <span class='ocr_line' id='line_1_27' title="bbox 89 3100 430 3181; baseline -0.009 -18"><span class='ocrx_word' id='word_1_229' title='bbox 89 3104 160 3163; x_wconf 90' lang='lat' dir='ltr'>bilia</span> <span class='ocrx_word' id='word_1_230' title='bbox 173 3115 203 3162; x_wconf 95' lang='lat' dir='ltr'>et</span> <span class='ocrx_word' id='word_1_231' title='bbox 216 3100 430 3181; x_wconf 79' lang='lat' dir='ltr'>temporalia.’&#39;⁵</span> 
     </span>
    </p>

    <p class='ocr_par' dir='ltr' id='par_1_8' title="bbox 87 3200 1291 3678">
     <span class='ocr_line' id='line_1_28' title="bbox 129 3200 1289 3286; baseline 0.003 -21"><span class='ocrx_word' id='word_1_232' title='bbox 129 3206 222 3286; x_wconf 83' lang='lat' dir='ltr'>Resp.</span> <span class='ocrx_word' id='word_1_233' title='bbox 245 3207 314 3284; x_wconf 82' lang='lat' dir='ltr'>Agit</span> <span class='ocrx_word' id='word_1_234' title='bbox 327 3225 363 3265; x_wconf 85' lang='lat' dir='ltr'>eo</span> <span class='ocrx_word' id='word_1_235' title='bbox 377 3206 434 3266; x_wconf 92' lang='lat' dir='ltr'>loci</span> <span class='ocrx_word' id='word_1_236' title='bbox 448 3218 547 3266; x_wconf 89' lang='lat' dir='ltr'>contra</span> <span class='ocrx_word' id='word_1_237' title='bbox 561 3200 740 3264; x_wconf 88' lang='lat' dir='ltr'>Manichaecs</span> <span class='ocrx_word' id='word_1_238' title='bbox 762 3203 798 3262; x_wconf 91' lang='lat' dir='ltr'>de</span> <span class='ocrx_word' id='word_1_239' title='bbox 812 3204 997 3265; x_wconf 86' lang='lat' dir='ltr'>sacramentis</span> <span class='ocrx_word' id='word_1_240' title='bbox 1020 3207 1123 3264; x_wconf 89' lang='lat' dir='ltr'>veteris</span> <span class='ocrx_word' id='word_1_241' title='bbox 1139 3207 1221 3286; x_wconf 88' lang='lat' dir='ltr'>legis,</span> <span class='ocrx_word' id='word_1_242' title='bbox 1236 3211 1289 3269; x_wconf 93' lang='lat' dir='ltr'>sed</span> 
     </span>
     <span class='ocr_line' id='line_1_29' title="bbox 89 3298 1291 3383; baseline 0 -17"><span class='ocrx_word' id='word_1_243' title='bbox 89 3307 128 3366; x_wconf 93' lang='lat' dir='ltr'>iis</span> <span class='ocrx_word' id='word_1_244' title='bbox 154 3305 241 3383; x_wconf 87' lang='lat' dir='ltr'>longe</span> <span class='ocrx_word' id='word_1_245' title='bbox 267 3302 419 3383; x_wconf 85' lang='lat' dir='ltr'>superiora.</span> <span class='ocrx_word' id='word_1_246' title='bbox 440 3305 574 3382; x_wconf 86' lang='lat' dir='ltr'>praedicat</span> <span class='ocrx_word' id='word_1_247' title='bbox 597 3298 707 3362; x_wconf 79' lang='lat' dir='ltr'>Christi</span> <span class='ocrx_word' id='word_1_248' title='bbox 734 3300 882 3362; x_wconf 84' lang='lat' dir='ltr'>instituta‘:</span> <span class='ocrx_word' id='word_1_249' title='bbox 907 3303 1120 3377; x_wconf 84' lang='lat' dir='ltr'>“Sacramenta</span> <span class='ocrx_word' id='word_1_250' title='bbox 1144 3320 1202 3366; x_wconf 87' lang='lat' dir='ltr'>non</span> <span class='ocrx_word' id='word_1_251' title='bbox 1223 3320 1291 3366; x_wconf 88' lang='lat' dir='ltr'>sunt</span> 
     </span>
     <span class='ocr_line' id='line_1_30' title="bbox 89 3402 1291 3479; baseline 0.002 -16"><span class='ocrx_word' id='word_1_252' title='bbox 89 3402 205 3472; x_wconf 91' lang='lat' dir='ltr'>eadem,</span> <span class='ocrx_word' id='word_1_253' title='bbox 221 3403 290 3478; x_wconf 92' lang='lat' dir='ltr'>quia</span> <span class='ocrx_word' id='word_1_254' title='bbox 303 3402 359 3461; x_wconf 91' lang='lat' dir='ltr'>alia</span> <span class='ocrx_word' id='word_1_255' title='bbox 373 3415 439 3463; x_wconf 89' lang='lat' dir='ltr'>sunt</span> <span class='ocrx_word' id='word_1_256' title='bbox 450 3413 625 3462; x_wconf 84' lang='lat' dir='ltr'>sacramenta</span> <span class='ocrx_word' id='word_1_257' title='bbox 635 3402 730 3460; x_wconf 88' lang='lat' dir='ltr'>dantia</span> <span class='ocrx_word' id='word_1_258' title='bbox 744 3403 874 3470; x_wconf 90' lang='lat' dir='ltr'>salutem,</span> <span class='ocrx_word' id='word_1_259' title='bbox 888 3402 942 3460; x_wconf 91' lang='lat' dir='ltr'>alia</span> <span class='ocrx_word' id='word_1_260' title='bbox 958 3404 1150 3479; x_wconf 90' lang='lat' dir='ltr'>promittentia</span> <span class='ocrx_word' id='word_1_261' title='bbox 1164 3405 1291 3465; x_wconf 84' lang='lat' dir='ltr'>Salvato-</span> 
     </span>
     <span class='ocr_line' id='line_1_31' title="bbox 87 3500 1291 3568; baseline 0.002 -6"><span class='ocrx_word' id='word_1_262' title='bbox 87 3519 176 3563; x_wconf 86' lang='lat' dir='ltr'>rem.·</span> <span class='ocrx_word' id='word_1_263' title='bbox 206 3503 392 3561; x_wconf 85' lang='lat' dir='ltr'>Sacramenta</span> <span class='ocrx_word' id='word_1_264' title='bbox 404 3502 472 3561; x_wconf 89' lang='lat' dir='ltr'>novi</span> <span class='ocrx_word' id='word_1_265' title='bbox 487 3502 667 3561; x_wconf 86' lang='lat' dir='ltr'>Testamenti</span> <span class='ocrx_word' id='word_1_266' title='bbox 681 3501 750 3559; x_wconf 87' lang='lat' dir='ltr'>dact</span> <span class='ocrx_word' id='word_1_267' title='bbox 763 3500 895 3568; x_wconf 87' lang='lat' dir='ltr'>salutem,</span> <span class='ocrx_word' id='word_1_268' title='bbox 910 3512 1087 3560; x_wconf 87' lang='lat' dir='ltr'>sacramenta</span> <span class='ocrx_word' id='word_1_269' title='bbox 1100 3504 1202 3562; x_wconf 87' lang='lat' dir='ltr'>veteris</span> <span class='ocrx_word' id='word_1_270' title='bbox 1217 3504 1291 3564; x_wconf 84' lang='lat' dir='ltr'>&#39;Pes-</span> 
     </span>
     <span class='ocr_line' id='line_1_32' title="bbox 87 3598 657 3678; baseline -0.007 -18"><span class='ocrx_word' id='word_1_271' title='bbox 87 3599 211 3660; x_wconf 86' lang='lat' dir='ltr'>tameuti</span> <span class='ocrx_word' id='word_1_272' title='bbox 224 3599 420 3678; x_wconf 90' lang='lat' dir='ltr'>promiserunt</span> <span class='ocrx_word' id='word_1_273' title='bbox 433 3598 657 3658; x_wconf 73' lang='lat' dir='ltr'>salvatorem.”⁰</span> 
     </span>
    </p>

    <p class='ocr_par' dir='ltr' id='par_1_9' title="bbox 84 3693 1288 3871">
     <span class='ocr_line' id='line_1_33' title="bbox 130 3693 1288 3776; baseline -0.001 -19"><span class='ocrx_word' id='word_1_274' title='bbox 130 3703 181 3757; x_wconf 92' lang='grc'>55.</span> <span class='ocrx_word' id='word_1_275' title='bbox 206 3695 274 3776; x_wconf 77' lang='lat' dir='ltr'>obj.</span> <span class='ocrx_word' id='word_1_276' title='bbox 289 3701 319 3755; x_wconf 79' lang='lat'>4.</span> <span class='ocrx_word' id='word_1_277' title='bbox 342 3696 481 3755; x_wconf 91' lang='lat' dir='ltr'>Doctrina</span> <span class='ocrx_word' id='word_1_278' title='bbox 501 3695 536 3754; x_wconf 90' lang='lat' dir='ltr'>de</span> <span class='ocrx_word' id='word_1_279' title='bbox 557 3705 796 3769; x_wconf 88' lang='lat' dir='ltr'>sacramentorum</span> <span class='ocrx_word' id='word_1_280' title='bbox 821 3694 849 3751; x_wconf 94' lang='lat' dir='ltr'>vi</span> <span class='ocrx_word' id='word_1_281' title='bbox 870 3693 1024 3752; x_wconf 90' lang='lat' dir='ltr'>intrinseca</span> <span class='ocrx_word' id='word_1_282' title='bbox 1037 3694 1124 3754; x_wconf 89' lang='lat' dir='ltr'>fidem</span> <span class='ocrx_word' id='word_1_283' title='bbox 1152 3696 1181 3756; x_wconf 93' lang='lat' dir='ltr'>in</span> <span class='ocrx_word' id='word_1_284' title='bbox 1204 3698 1288 3756; x_wconf 88' lang='lat' dir='ltr'>rebus</span> 
     </span>
     <span class='ocr_line' id='line_1_34' title="bbox 84 3791 1164 3871; baseline -0.004 -15"><span class='ocrx_word' id='word_1_285' title='bbox 84 3796 283 3856; x_wconf 88' lang='lat' dir='ltr'>materialibus</span> <span class='ocrx_word' id='word_1_286' title='bbox 297 3795 382 3862; x_wconf 88' lang='lat' dir='ltr'>sistit,</span> <span class='ocrx_word' id='word_1_287' title='bbox 397 3813 463 3854; x_wconf 91' lang='lat' dir='ltr'>cum</span> <span class='ocrx_word' id='word_1_288' title='bbox 478 3793 535 3852; x_wconf 92' lang='lat' dir='ltr'>Dei</span> <span class='ocrx_word' id='word_1_289' title='bbox 549 3804 577 3852; x_wconf 90' lang='lat' dir='ltr'>et</span> <span class='ocrx_word' id='word_1_290' title='bbox 591 3792 711 3862; x_wconf 79' lang='lat' dir='ltr'>Christi,</span> <span class='ocrx_word' id='word_1_291' title='bbox 726 3794 785 3851; x_wconf 90' lang='lat' dir='ltr'>imo</span> <span class='ocrx_word' id='word_1_292' title='bbox 800 3801 828 3849; x_wconf 91' lang='lat' dir='ltr'>et</span> <span class='ocrx_word' id='word_1_293' title='bbox 842 3791 1036 3869; x_wconf 86' lang='lat' dir='ltr'>suscipientis,</span> <span class='ocrx_word' id='word_1_294' title='bbox 1051 3793 1164 3871; x_wconf 88' lang='lat' dir='ltr'>injuria.</span> 
     </span>
    </p>

    <p class='ocr_par' dir='ltr' id='par_1_10' title="bbox 85 3889 1288 4066">
     <span class='ocr_line' id='line_1_35' title="bbox 129 3889 1288 3971; baseline -0.003 -19"><span class='ocrx_word' id='word_1_295' title='bbox 129 3892 221 3971; x_wconf 85' lang='lat' dir='ltr'>Resp.</span> <span class='ocrx_word' id='word_1_296' title='bbox 244 3891 332 3951; x_wconf 89' lang='lat' dir='ltr'>Fides</span> <span class='ocrx_word' id='word_1_297' title='bbox 347 3903 444 3952; x_wconf 88' lang='lat' dir='ltr'>nostra</span> <span class='ocrx_word' id='word_1_298' title='bbox 459 3892 490 3951; x_wconf 92' lang='lat' dir='ltr'>in</span> <span class='ocrx_word' id='word_1_299' title='bbox 504 3892 599 3950; x_wconf 91' lang='lat' dir='ltr'>Deum</span> <span class='ocrx_word' id='word_1_300' title='bbox 614 3900 666 3959; x_wconf 87' lang='lat' dir='ltr'>ast,</span> <span class='ocrx_word' id='word_1_301' title='bbox 683 3908 767 3965; x_wconf 91' lang='lat' dir='ltr'>quem</span> <span class='ocrx_word' id='word_1_302' title='bbox 783 3889 877 3948; x_wconf 90' lang='lat' dir='ltr'>omnis</span> <span class='ocrx_word' id='word_1_303' title='bbox 887 3889 983 3966; x_wconf 76' lang='lat' dir='ltr'>gratia</span> <span class='ocrx_word' id='word_1_304' title='bbox 997 3900 1141 3949; x_wconf 90' lang='lat' dir='ltr'>auctorem</span> <span class='ocrx_word' id='word_1_305' title='bbox 1156 3889 1288 3967; x_wconf 81' lang='lat' dir='ltr'>praedica-</span> 
     </span>
     <span class='ocr_line' id='line_1_36' title="bbox 85 3983 1285 4066; baseline -0.006 -16"><span class='ocrx_word' id='word_1_306' title='bbox 85 4009 169 4059; x_wconf 88' lang='lat' dir='ltr'>mus,</span> <span class='ocrx_word' id='word_1_307' title='bbox 183 4008 237 4049; x_wconf 91' lang='lat' dir='ltr'>nec</span> <span class='ocrx_word' id='word_1_308' title='bbox 251 3990 308 4048; x_wconf 89' lang='lat' dir='ltr'>nisi</span> <span class='ocrx_word' id='word_1_309' title='bbox 331 4009 382 4066; x_wconf 91' lang='lat' dir='ltr'>per</span> <span class='ocrx_word' id='word_1_310' title='bbox 397 3989 507 4050; x_wconf 84' lang='lat' dir='ltr'>Christi</span> <span class='ocrx_word' id='word_1_311' title='bbox 532 3989 632 4048; x_wconf 88' lang='lat' dir='ltr'>merita</span> <span class='ocrx_word' id='word_1_312' title='bbox 646 3987 753 4061; x_wconf 90' lang='lat' dir='ltr'>aliquid</span> <span class='ocrx_word' id='word_1_313' title='bbox 775 4004 828 4044; x_wconf 92' lang='lat' dir='ltr'>nos</span> <span class='ocrx_word' id='word_1_314' title='bbox 850 3983 971 4062; x_wconf 88' lang='lat' dir='ltr'>adipisci</span> <span class='ocrx_word' id='word_1_315' title='bbox 993 4006 1081 4064; x_wconf 89' lang='lat' dir='ltr'>posse</span> <span class='ocrx_word' id='word_1_316' title='bbox 1102 3987 1285 4046; x_wconf 90' lang='lat' dir='ltr'>confidimus.</span> 
     </span>
    </p>
   </div>
   <div class='ocr_carea' id='block_1_4' title="bbox 459 4146 939 4646">
    <p class='ocr_par' dir='ltr' id='par_1_11' title="bbox 459 4146 710 4215">
     <span class='ocr_line' id='line_1_37' title="bbox 459 4146 710 4215; baseline -0.012 -18"><span class='ocrx_word' id='word_1_317' title='bbox 459 4146 501 4215; x_wconf 92' lang='lat' dir='ltr'>(l)</span> <span class='ocrx_word' id='word_1_318' title='bbox 521 4147 597 4198; x_wconf 86' lang='lat' dir='ltr'>Marc.</span> <span class='ocrx_word' id='word_1_319' title='bbox 607 4147 658 4198; x_wconf 83' lang='lat' dir='ltr'>xvi.</span> <span class='ocrx_word' id='word_1_320' title='bbox 670 4147 710 4196; x_wconf 88' lang='grc'>16.</span> 
     </span>
    </p>

    <p class='ocr_par' dir='ltr' id='par_1_12' title="bbox 462 4235 670 4302">
     <span class='ocr_line' id='line_1_38' title="bbox 462 4235 670 4302; baseline -0.005 -19"><span class='ocrx_word' id='word_1_321' title='bbox 462 4236 505 4302; x_wconf 76' lang='lat'>(2)</span> <span class='ocrx_word' id='word_1_322' title='bbox 525 4235 580 4284; x_wconf 80' lang='lat' dir='ltr'>Act.</span> <span class='ocrx_word' id='word_1_323' title='bbox 591 4250 633 4283; x_wconf 83' lang='lat' dir='ltr'>xv.</span> <span class='ocrx_word' id='word_1_324' title='bbox 644 4236 670 4282; x_wconf 84' lang='grc'>9.</span> 
     </span>
    </p>

    <p class='ocr_par' dir='ltr' id='par_1_13' title="bbox 459 4320 701 4389">
     <span class='ocr_line' id='line_1_39' title="bbox 459 4320 701 4389; baseline -0.012 -18"><span class='ocrx_word' id='word_1_325' title='bbox 459 4323 502 4389; x_wconf 85' lang='grc'>(3)</span> <span class='ocrx_word' id='word_1_326' title='bbox 521 4321 540 4373; x_wconf 91' lang='grc' dir='ltr'>Ι.</span> <span class='ocrx_word' id='word_1_327' title='bbox 552 4322 604 4371; x_wconf 87' lang='lat' dir='ltr'>Pet.</span> <span class='ocrx_word' id='word_1_328' title='bbox 615 4321 650 4370; x_wconf 90' lang='lat' dir='ltr'>iii.</span> <span class='ocrx_word' id='word_1_329' title='bbox 661 4320 701 4368; x_wconf 78' lang='lat'>21.</span> 
     </span>
    </p>

    <p class='ocr_par' dir='ltr' id='par_1_14' title="bbox 459 4402 939 4646">
     <span class='ocr_line' id='line_1_40' title="bbox 459 4402 655 4476; baseline 0.005 -20"><span class='ocrx_word' id='word_1_330' title='bbox 459 4410 502 4476; x_wconf 84' lang='lat' dir='ltr'>(t)</span> <span class='ocrx_word' id='word_1_331' title='bbox 522 4402 573 4458; x_wconf 78' lang='lat' dir='ltr'>Tit.</span> <span class='ocrx_word' id='word_1_332' title='bbox 585 4407 617 4457; x_wconf 86' lang='lat' dir='ltr'>iii.</span> <span class='ocrx_word' id='word_1_333' title='bbox 631 4410 655 4457; x_wconf 84' lang='lat'>5.</span> 
     </span>
     <span class='ocr_line' id='line_1_41' title="bbox 460 4482 939 4561; baseline -0.015 -17"><span class='ocrx_word' id='word_1_334' title='bbox 460 4494 502 4561; x_wconf 92' lang='grc'>(5)</span> <span class='ocrx_word' id='word_1_335' title='bbox 521 4493 551 4545; x_wconf 91' lang='lat' dir='ltr'>L.</span> <span class='ocrx_word' id='word_1_336' title='bbox 563 4494 614 4543; x_wconf 88' lang='lat' dir='ltr'>xix.</span> <span class='ocrx_word' id='word_1_337' title='bbox 626 4496 711 4541; x_wconf 85' lang='lat' dir='ltr'>contra</span> <span class='ocrx_word' id='word_1_338' title='bbox 722 4482 843 4540; x_wconf 77' lang='lat' dir='ltr'>Faustum</span> <span class='ocrx_word' id='word_1_339' title='bbox 855 4504 875 4540; x_wconf 92' lang='lat' dir='ltr'>c.</span> <span class='ocrx_word' id='word_1_340' title='bbox 887 4487 939 4538; x_wconf 82' lang='lat' dir='ltr'>xxi.</span> 
     </span>
     <span class='ocr_line' id='line_1_42' title="bbox 460 4577 692 4646; baseline -0.017 -17"><span class='ocrx_word' id='word_1_341' title='bbox 460 4582 502 4646; x_wconf 90' lang='grc'>(6)</span> <span class='ocrx_word' id='word_1_342' title='bbox 521 4581 551 4631; x_wconf 88' lang='lat' dir='ltr'>In</span> <span class='ocrx_word' id='word_1_343' title='bbox 564 4581 605 4630; x_wconf 86' lang='lat' dir='ltr'>Ps.</span> <span class='ocrx_word' id='word_1_344' title='bbox 615 4577 692 4630; x_wconf 78' lang='lat' dir='ltr'>lxxiii.</span> 
     </span>
    </p>
   </div>
   <div class='ocr_carea' id='block_1_5' title="bbox 0 0 1404 5092">
    <p class='ocr_par' dir='ltr' id='par_1_15' title="bbox 0 0 1404 5092">
     <span class='ocr_line' id='line_1_43' title="bbox 0 0 1404 5092; baseline 0 1"><span class='ocrx_word' id='word_1_345' title='bbox 0 0 1404 5092; x_wconf 95' lang='lat' dir='ltr'> </span> 
     </span>
    </p>
   </div>
  </div>
 </body>
</html>
