<?xml version="1.0" encoding="UTF-8"?>
<!DOCTYPE html PUBLIC "-//W3C//DTD XHTML 1.0 Transitional//EN"
    "http://www.w3.org/TR/xhtml1/DTD/xhtml1-transitional.dtd">
<html xmlns="http://www.w3.org/1999/xhtml" xml:lang="en" lang="en">
 <head>
  <title>
</title>
<meta http-equiv="Content-Type" content="text/html;charset=utf-8" />
  <meta name='ocr-system' content='tesseract 3.04.00' />
  <meta name='ocr-capabilities' content='ocr_page ocr_carea ocr_par ocr_line ocrx_word'/>
</head>
<body>
  <div class='ocr_page' id='page_1' title='image "./theologidogmati02kenrgoog_0163.png"; bbox 0 0 2798 5092; ppageno 0'>
   <div class='ocr_carea' id='block_1_1' title="bbox 151 336 1183 435">
    <p class='ocr_par' dir='ltr' id='par_1_1' title="bbox 151 336 1183 435">
     <span class='ocr_line' id='line_1_1' title="bbox 151 336 1183 435; baseline -0.008 -32"><span class='ocrx_word' id='word_1_1' title='bbox 151 348 208 403; x_wconf 86' lang='lat' dir='ltr'>rou</span> <span class='ocrx_word' id='word_1_2' title='bbox 420 430 423 435; x_wconf 21' lang='grc' dir='ltr'>Ι</span> <span class='ocrx_word' id='word_1_3' title='bbox 482 338 539 399; x_wconf 86' lang='lat' dir='ltr'>DE</span> <span class='ocrx_word' id='word_1_4' title='bbox 560 338 767 400; x_wconf 84' lang='lat' dir='ltr'><strong>MINIS&#39;I&#39;RO</strong></span> <span class='ocrx_word' id='word_1_5' title='bbox 788 336 1183 398; x_wconf 81' lang='lat' dir='ltr'>SACRAMENTORUM.</span> 
     </span>
    </p>
   </div>
   <div class='ocr_carea' id='block_1_2' title="bbox 147 493 1353 1946">
    <p class='ocr_par' dir='ltr' id='par_1_2' title="bbox 147 493 1352 1536">
     <span class='ocr_line' id='line_1_2' title="bbox 147 493 1345 575; baseline -0.007 -14"><span class='ocrx_word' id='word_1_6' title='bbox 147 502 232 561; x_wconf 91' lang='lat' dir='ltr'>tianis</span> <span class='ocrx_word' id='word_1_7' title='bbox 247 499 326 567; x_wconf 90' lang='lat' dir='ltr'>dicit,</span> <span class='ocrx_word' id='word_1_8' title='bbox 341 497 419 573; x_wconf 90' lang='lat' dir='ltr'>quod</span> <span class='ocrx_word' id='word_1_9' title='bbox 428 498 488 557; x_wconf 88' lang='lat' dir='ltr'>veri</span> <span class='ocrx_word' id='word_1_10' title='bbox 502 496 577 575; x_wconf 88' lang='lat' dir='ltr'>apud</span> <span class='ocrx_word' id='word_1_11' title='bbox 592 516 642 558; x_wconf 82' lang='lat' dir='ltr'>eos</span> <span class='ocrx_word' id='word_1_12' title='bbox 657 516 715 558; x_wconf 91' lang='lat' dir='ltr'>non</span> <span class='ocrx_word' id='word_1_13' title='bbox 729 506 826 556; x_wconf 90' lang='lat' dir='ltr'>essent</span> <span class='ocrx_word' id='word_1_14' title='bbox 836 495 1008 565; x_wconf 78' lang='lat' dir='ltr'>sacerdotes,</span> <span class='ocrx_word' id='word_1_15' title='bbox 1023 495 1135 555; x_wconf 88' lang='lat' dir='ltr'>scilicet</span> <span class='ocrx_word' id='word_1_16' title='bbox 1141 493 1345 573; x_wconf 87' lang='lat' dir='ltr'>jurisdictione</span> 
     </span>
     <span class='ocr_line' id='line_1_3' title="bbox 147 591 1345 676; baseline -0.006 -20"><span class='ocrx_word' id='word_1_17' title='bbox 147 596 279 676; x_wconf 76' lang='lat' dir='ltr'>prediti:</span> <span class='ocrx_word' id='word_1_18' title='bbox 302 604 322 632; x_wconf 80' lang='lat'>‘¹</span> <span class='ocrx_word' id='word_1_19' title='bbox 333 595 399 654; x_wconf 91' lang='lat' dir='ltr'>Hoc</span> <span class='ocrx_word' id='word_1_20' title='bbox 410 595 475 672; x_wconf 84' lang='lat' dir='ltr'>jure</span> <span class='ocrx_word' id='word_1_21' title='bbox 491 592 616 652; x_wconf 88' lang='lat' dir='ltr'>vindicat</span> <span class='ocrx_word' id='word_1_22' title='bbox 633 594 778 663; x_wconf 87' lang='lat' dir='ltr'>Ecclesia,</span> <span class='ocrx_word' id='word_1_23' title='bbox 795 613 859 668; x_wconf 86' lang='lat' dir='ltr'>quae</span> <span class='ocrx_word' id='word_1_24' title='bbox 873 612 957 652; x_wconf 87' lang='lat' dir='ltr'>veros</span> <span class='ocrx_word' id='word_1_25' title='bbox 978 593 1142 652; x_wconf 75' lang='lat' dir='ltr'><strong>sacerdotes</strong></span> <span class='ocrx_word' id='word_1_26' title='bbox 1157 592 1261 650; x_wconf 87' lang='lat' dir='ltr'>habet:</span> <span class='ocrx_word' id='word_1_27' title='bbox 1286 591 1345 650; x_wconf 77' lang='lat' dir='ltr'>ha·</span> 
     </span>
     <span class='ocr_line' id='line_1_4' title="bbox 148 690 1345 771; baseline -0.004 -15"><span class='ocrx_word' id='word_1_28' title='bbox 148 697 221 756; x_wconf 88' lang='lat' dir='ltr'>resis</span> <span class='ocrx_word' id='word_1_29' title='bbox 249 695 392 754; x_wconf 87' lang='lat' dir='ltr'>vindicare</span> <span class='ocrx_word' id='word_1_30' title='bbox 413 713 472 753; x_wconf 94' lang='lat' dir='ltr'>non</span> <span class='ocrx_word' id='word_1_31' title='bbox 491 703 595 771; x_wconf 83' lang='lat' dir='ltr'>potest,</span> <span class='ocrx_word' id='word_1_32' title='bbox 616 712 680 767; x_wconf 81' lang='lat' dir='ltr'>quae</span> <span class='ocrx_word' id='word_1_33' title='bbox 700 691 861 754; x_wconf 78' lang='lat' dir='ltr'>sacerdotes</span> <span class='ocrx_word' id='word_1_34' title='bbox 882 692 939 752; x_wconf 93' lang='lat' dir='ltr'>Dei</span> <span class='ocrx_word' id='word_1_35' title='bbox 959 711 1019 751; x_wconf 90' lang='lat' dir='ltr'>non</span> <span class='ocrx_word' id='word_1_36' title='bbox 1039 690 1172 751; x_wconf 88' lang='lat' dir='ltr'>habet.”²</span> <span class='ocrx_word' id='word_1_37' title='bbox 1223 691 1345 751; x_wconf 81' lang='lat' dir='ltr'>Vrcnon</span> 
     </span>
     <span class='ocr_line' id='line_1_5' title="bbox 149 788 1343 871; baseline -0.007 -16"><span class='ocrx_word' id='word_1_38' title='bbox 149 795 316 855; x_wconf 81' lang='lat' dir='ltr'>Unicansss·</span> <span class='ocrx_word' id='word_1_39' title='bbox 332 793 471 871; x_wconf 91' lang='lat' dir='ltr'>populum</span> <span class='ocrx_word' id='word_1_40' title='bbox 492 791 653 852; x_wconf 70' lang='lat' dir='ltr'>sacerdotes</span> <span class='ocrx_word' id='word_1_41' title='bbox 667 792 697 850; x_wconf 92' lang='lat' dir='ltr'>in</span> <span class='ocrx_word' id='word_1_42' title='bbox 711 792 831 850; x_wconf 86' lang='lat' dir='ltr'>exilium</span> <span class='ocrx_word' id='word_1_43' title='bbox 855 793 979 850; x_wconf 87' lang='lat' dir='ltr'>abituros</span> <span class='ocrx_word' id='word_1_44' title='bbox 998 791 1190 864; x_wconf 81' lang='lat' dir='ltr'><strong>alloquentem</strong></span> <span class='ocrx_word' id='word_1_45' title='bbox 1210 788 1343 849; x_wconf 82' lang='lat' dir='ltr'><strong>inducit:</strong></span> 
     </span>
     <span class='ocr_line' id='line_1_6' title="bbox 150 888 1346 968; baseline -0.003 -18"><span class='ocrx_word' id='word_1_46' title='bbox 150 903 169 930; x_wconf 87' lang='grc'>“</span> <span class='ocrx_word' id='word_1_47' title='bbox 183 893 294 960; x_wconf 88' lang='lat' dir='ltr'>Quibus</span> <span class='ocrx_word' id='word_1_48' title='bbox 308 910 361 950; x_wconf 89' lang='lat' dir='ltr'>nos</span> <span class='ocrx_word' id='word_1_49' title='bbox 376 893 498 950; x_wconf 90' lang='lat' dir='ltr'>miseros</span> <span class='ocrx_word' id='word_1_50' title='bbox 510 891 681 964; x_wconf 83' lang='lat' dir='ltr'>relinquitis,</span> <span class='ocrx_word' id='word_1_51' title='bbox 696 889 764 950; x_wconf 90' lang='lat' dir='ltr'>dum</span> <span class='ocrx_word' id='word_1_52' title='bbox 780 891 897 968; x_wconf 83' lang='lat' dir='ltr'>pergitis</span> <span class='ocrx_word' id='word_1_53' title='bbox 919 889 954 948; x_wconf 90' lang='lat' dir='ltr'>ad</span> <span class='ocrx_word' id='word_1_54' title='bbox 969 889 1111 948; x_wconf 69' lang='lat' dir='ltr'>coronas?</span> <span class='ocrx_word' id='word_1_55' title='bbox 1133 889 1184 962; x_wconf 92' lang='lat' dir='ltr'>qui</span> <span class='ocrx_word' id='word_1_56' title='bbox 1207 888 1262 947; x_wconf 88' lang='lat' dir='ltr'>hos</span> <span class='ocrx_word' id='word_1_57' title='bbox 1277 888 1346 966; x_wconf 89' lang='lat' dir='ltr'>bap·</span> 
     </span>
     <span class='ocr_line' id='line_1_7' title="bbox 149 986 1348 1067; baseline -0.003 -18"><span class='ocrx_word' id='word_1_58' title='bbox 149 991 262 1049; x_wconf 87' lang='lat' dir='ltr'>tizaturi</span> <span class='ocrx_word' id='word_1_59' title='bbox 276 999 344 1048; x_wconf 92' lang='lat' dir='ltr'>sunt</span> <span class='ocrx_word' id='word_1_60' title='bbox 357 989 490 1067; x_wconf 87' lang='lat' dir='ltr'>parvulos</span> <span class='ocrx_word' id='word_1_61' title='bbox 505 988 630 1048; x_wconf 82' lang='lat' dir='ltr'>sontibus</span> <span class='ocrx_word' id='word_1_62' title='bbox 645 1006 726 1062; x_wconf 85' lang='lat' dir='ltr'>aquae</span> <span class='ocrx_word' id='word_1_63' title='bbox 738 988 872 1065; x_wconf 90' lang='lat' dir='ltr'>perennis</span> <span class='ocrx_word' id='word_1_64' title='bbox 884 988 895 1043; x_wconf 77' lang='lat' dir='ltr'>l</span> <span class='ocrx_word' id='word_1_65' title='bbox 918 988 967 1061; x_wconf 92' lang='lat' dir='ltr'>qui</span> <span class='ocrx_word' id='word_1_66' title='bbox 981 987 1064 1046; x_wconf 87' lang='lat' dir='ltr'>nobis</span> <span class='ocrx_word' id='word_1_67' title='bbox 1086 1003 1190 1044; x_wconf 88' lang='lat' dir='ltr'>munus</span> <span class='ocrx_word' id='word_1_68' title='bbox 1206 986 1348 1063; x_wconf 76' lang='lat' dir='ltr'>poniten-</span> 
     </span>
     <span class='ocr_line' id='line_1_8' title="bbox 150 1084 1347 1163; baseline -0.004 -16"><span class='ocrx_word' id='word_1_69' title='bbox 150 1088 195 1147; x_wconf 84' lang='lat' dir='ltr'>tiae</span> <span class='ocrx_word' id='word_1_70' title='bbox 213 1087 341 1146; x_wconf 89' lang='lat' dir='ltr'>collaturi</span> <span class='ocrx_word' id='word_1_71' title='bbox 361 1097 438 1155; x_wconf 87' lang='lat' dir='ltr'>sunt,</span> <span class='ocrx_word' id='word_1_72' title='bbox 464 1097 492 1144; x_wconf 92' lang='lat' dir='ltr'>et</span> <span class='ocrx_word' id='word_1_73' title='bbox 512 1086 752 1144; x_wconf 81' lang='lat' dir='ltr'>reconciliationis</span> <span class='ocrx_word' id='word_1_74' title='bbox 779 1084 957 1163; x_wconf 80' lang='lat' dir='ltr'>indulgentia</span> <span class='ocrx_word' id='word_1_75' title='bbox 983 1084 1136 1144; x_wconf 87' lang='lat' dir='ltr'>obstrictos</span> <span class='ocrx_word' id='word_1_76' title='bbox 1162 1093 1347 1161; x_wconf 86' lang='lat' dir='ltr'>peccatorum</span> 
     </span>
     <span class='ocr_line' id='line_1_9' title="bbox 150 1177 1350 1256; baseline -0.004 -14"><span class='ocrx_word' id='word_1_77' title='bbox 150 1184 271 1243; x_wconf 81' lang='lat' dir='ltr'>vinculis</span> <span class='ocrx_word' id='word_1_78' title='bbox 292 1183 431 1242; x_wconf 86' lang='lat' dir='ltr'>soluturil</span> <span class='ocrx_word' id='word_1_79' title='bbox 452 1183 520 1256; x_wconf 88' lang='lat' dir='ltr'>quia</span> <span class='ocrx_word' id='word_1_80' title='bbox 533 1182 614 1240; x_wconf 89' lang='lat' dir='ltr'>vobis</span> <span class='ocrx_word' id='word_1_81' title='bbox 638 1181 746 1240; x_wconf 89' lang='lat' dir='ltr'>dictum</span> <span class='ocrx_word' id='word_1_82' title='bbox 767 1191 826 1239; x_wconf 87' lang='lat' dir='ltr'>est:</span> <span class='ocrx_word' id='word_1_83' title='bbox 850 1191 1068 1256; x_wconf 78' lang='lat' dir='ltr'>“quacumque</span> <span class='ocrx_word' id='word_1_84' title='bbox 1083 1179 1176 1238; x_wconf 79' lang='lat' dir='ltr'>etc.’&#39;¹</span> <span class='ocrx_word' id='word_1_85' title='bbox 1217 1179 1294 1238; x_wconf 83' lang='lat' dir='ltr'>Haec</span> <span class='ocrx_word' id='word_1_86' title='bbox 1315 1177 1350 1237; x_wconf 92' lang='lat' dir='ltr'>li·</span> 
     </span>
     <span class='ocr_line' id='line_1_10' title="bbox 150 1279 1350 1358; baseline -0.004 -17"><span class='ocrx_word' id='word_1_87' title='bbox 150 1294 219 1358; x_wconf 89' lang='lat' dir='ltr'>quet</span> <span class='ocrx_word' id='word_1_88' title='bbox 232 1284 330 1342; x_wconf 90' lang='lat' dir='ltr'>munia</span> <span class='ocrx_word' id='word_1_89' title='bbox 343 1301 408 1340; x_wconf 89' lang='lat' dir='ltr'>esse</span> <span class='ocrx_word' id='word_1_90' title='bbox 421 1281 617 1350; x_wconf 86' lang='lat' dir='ltr'>sacerdotalia,</span> <span class='ocrx_word' id='word_1_91' title='bbox 632 1300 695 1354; x_wconf 83' lang='lat' dir='ltr'>quae</span> <span class='ocrx_word' id='word_1_92' title='bbox 710 1279 878 1358; x_wconf 90' lang='lat' dir='ltr'>perficiendi</span> <span class='ocrx_word' id='word_1_93' title='bbox 892 1281 987 1339; x_wconf 73' lang='lat' dir='ltr'>caeteri</span> <span class='ocrx_word' id='word_1_94' title='bbox 1001 1279 1101 1339; x_wconf 88' lang='lat' dir='ltr'>fideles</span> <span class='ocrx_word' id='word_1_95' title='bbox 1116 1279 1225 1337; x_wconf 88' lang='lat' dir='ltr'>nullam</span> <span class='ocrx_word' id='word_1_96' title='bbox 1241 1279 1350 1337; x_wconf 87' lang='lat' dir='ltr'>habent</span> 
     </span>
     <span class='ocr_line' id='line_1_11' title="bbox 150 1377 1352 1460; baseline -0.003 -21"><span class='ocrx_word' id='word_1_97' title='bbox 150 1391 331 1460; x_wconf 88' lang='lat' dir='ltr'>potestatem,</span> <span class='ocrx_word' id='word_1_98' title='bbox 352 1379 379 1437; x_wconf 87' lang='lat' dir='ltr'>si</span> <span class='ocrx_word' id='word_1_99' title='bbox 399 1380 549 1457; x_wconf 83' lang='lat' dir='ltr'>exceperis</span> <span class='ocrx_word' id='word_1_100' title='bbox 564 1378 738 1456; x_wconf 88' lang='lat' dir='ltr'>baptismum</span> <span class='ocrx_word' id='word_1_101' title='bbox 759 1379 796 1436; x_wconf 94' lang='lat' dir='ltr'>ob</span> <span class='ocrx_word' id='word_1_102' title='bbox 823 1396 966 1437; x_wconf 87' lang='lat' dir='ltr'>sommam</span> <span class='ocrx_word' id='word_1_103' title='bbox 994 1379 1057 1455; x_wconf 86' lang='lat' dir='ltr'>ejus</span> <span class='ocrx_word' id='word_1_104' title='bbox 1085 1377 1300 1445; x_wconf 84' lang='lat' dir='ltr'>necessitatem,</span> <span class='ocrx_word' id='word_1_105' title='bbox 1322 1387 1352 1435; x_wconf 89' lang='lat' dir='ltr'>et</span> 
     </span>
     <span class='ocr_line' id='line_1_12' title="bbox 151 1474 932 1536; baseline -0.004 -1"><span class='ocrx_word' id='word_1_106' title='bbox 151 1476 262 1536; x_wconf 81' lang='lat' dir='ltr'>Christi</span> <span class='ocrx_word' id='word_1_107' title='bbox 277 1477 450 1535; x_wconf 88' lang='lat' dir='ltr'>volontatem</span> <span class='ocrx_word' id='word_1_108' title='bbox 464 1494 502 1535; x_wconf 87' lang='lat' dir='ltr'>ex</span> <span class='ocrx_word' id='word_1_109' title='bbox 516 1493 570 1533; x_wconf 87' lang='lat' dir='ltr'>usu</span> <span class='ocrx_word' id='word_1_110' title='bbox 584 1474 725 1533; x_wconf 76' lang='lat' dir='ltr'>Ecclesia</span> <span class='ocrx_word' id='word_1_111' title='bbox 739 1475 932 1534; x_wconf 82' lang='lat' dir='ltr'>manifestam.</span> 
     </span>
    </p>

    <p class='ocr_par' dir='ltr' id='par_1_3' title="bbox 152 1570 1353 1946">
     <span class='ocr_line' id='line_1_13' title="bbox 188 1570 1352 1645; baseline -0.002 -15"><span class='ocrx_word' id='word_1_112' title='bbox 188 1577 241 1635; x_wconf 77' lang='lat'>29.</span> <span class='ocrx_word' id='word_1_113' title='bbox 282 1571 403 1631; x_wconf 85' lang='lat' dir='ltr'>Accedit</span> <span class='ocrx_word' id='word_1_114' title='bbox 423 1571 549 1631; x_wconf 82' lang='lat' dir='ltr'>Consilii</span> <span class='ocrx_word' id='word_1_115' title='bbox 570 1571 684 1630; x_wconf 83' lang='lat' dir='ltr'>Nicoeni</span> <span class='ocrx_word' id='word_1_116' title='bbox 698 1571 722 1630; x_wconf 89' lang='lat'>1.</span> <span class='ocrx_word' id='word_1_117' title='bbox 745 1570 967 1645; x_wconf 85' lang='lat' dir='ltr'>decretumque</span> <span class='ocrx_word' id='word_1_118' title='bbox 987 1570 1116 1628; x_wconf 89' lang='lat' dir='ltr'>diaconis</span> <span class='ocrx_word' id='word_1_119' title='bbox 1132 1570 1282 1628; x_wconf 84' lang='lat' dir='ltr'>vetabatur</span> <span class='ocrx_word' id='word_1_120' title='bbox 1303 1589 1352 1628; x_wconf 92' lang='lat' dir='ltr'>eu·</span> 
     </span>
     <span class='ocr_line' id='line_1_14' title="bbox 152 1665 1353 1744; baseline -0.003 -16"><span class='ocrx_word' id='word_1_121' title='bbox 152 1670 316 1729; x_wconf 88' lang='lat' dir='ltr'>charistiam</span> <span class='ocrx_word' id='word_1_122' title='bbox 332 1668 526 1728; x_wconf 88' lang='lat' dir='ltr'>sacerdotibus</span> <span class='ocrx_word' id='word_1_123' title='bbox 541 1668 712 1736; x_wconf 88' lang='lat' dir='ltr'>ministrare,</span> <span class='ocrx_word' id='word_1_124' title='bbox 728 1668 795 1741; x_wconf 90' lang='lat' dir='ltr'>quia</span> <span class='ocrx_word' id='word_1_125' title='bbox 817 1677 836 1704; x_wconf 77' lang='lat'>‘⁶</span> <span class='ocrx_word' id='word_1_126' title='bbox 846 1687 900 1727; x_wconf 90' lang='lat' dir='ltr'>nec</span> <span class='ocrx_word' id='word_1_127' title='bbox 914 1668 1013 1744; x_wconf 83' lang='lat' dir='ltr'>regula</span> <span class='ocrx_word' id='word_1_128' title='bbox 1028 1685 1081 1725; x_wconf 91' lang='lat' dir='ltr'>nec</span> <span class='ocrx_word' id='word_1_129' title='bbox 1095 1665 1277 1725; x_wconf 87' lang='lat' dir='ltr'>consuetudo</span> <span class='ocrx_word' id='word_1_130' title='bbox 1298 1677 1353 1725; x_wconf 88' lang='lat' dir='ltr'>tra·</span> 
     </span>
     <span class='ocr_line' id='line_1_15' title="bbox 152 1763 1353 1844; baseline -0.002 -19"><span class='ocrx_word' id='word_1_131' title='bbox 152 1765 234 1835; x_wconf 86' lang='lat' dir='ltr'>didit,</span> <span class='ocrx_word' id='word_1_132' title='bbox 248 1776 280 1826; x_wconf 90' lang='lat' dir='ltr'>ut</span> <span class='ocrx_word' id='word_1_133' title='bbox 293 1768 327 1826; x_wconf 91' lang='lat' dir='ltr'>ab</span> <span class='ocrx_word' id='word_1_134' title='bbox 344 1767 391 1824; x_wconf 90' lang='lat' dir='ltr'>his</span> <span class='ocrx_word' id='word_1_135' title='bbox 400 1767 451 1841; x_wconf 89' lang='lat' dir='ltr'>qni</span> <span class='ocrx_word' id='word_1_136' title='bbox 463 1775 633 1844; x_wconf 85' lang='lat' dir='ltr'>potestatem</span> <span class='ocrx_word' id='word_1_137' title='bbox 645 1784 703 1825; x_wconf 91' lang='lat' dir='ltr'>non</span> <span class='ocrx_word' id='word_1_138' title='bbox 714 1764 820 1824; x_wconf 90' lang='lat' dir='ltr'>habent</span> <span class='ocrx_word' id='word_1_139' title='bbox 829 1763 978 1834; x_wconf 87' lang='lat' dir='ltr'>offerendi,</span> <span class='ocrx_word' id='word_1_140' title='bbox 986 1764 1029 1824; x_wconf 91' lang='lat' dir='ltr'>illi</span> <span class='ocrx_word' id='word_1_141' title='bbox 1043 1765 1093 1838; x_wconf 92' lang='lat' dir='ltr'>qui</span> <span class='ocrx_word' id='word_1_142' title='bbox 1104 1763 1353 1824; x_wconf 85' lang='lat' dir='ltr'>offeruntOhristi</span> 
     </span>
     <span class='ocr_line' id='line_1_16' title="bbox 154 1865 465 1946; baseline 0.003 -23"><span class='ocrx_word' id='word_1_143' title='bbox 154 1883 260 1943; x_wconf 89' lang='lat' dir='ltr'>corpus</span> <span class='ocrx_word' id='word_1_144' title='bbox 274 1865 465 1946; x_wconf 72' lang='lat' dir='ltr'>accipiant.&#39;.’³</span> 
     </span>
    </p>
   </div>
   <div class='ocr_carea' id='block_1_3' title="bbox 557 2080 952 2125">
    <p class='ocr_par' dir='ltr' id='par_1_4' title="bbox 557 2080 952 2125">
     <span class='ocr_line' id='line_1_17' title="bbox 557 2080 952 2125; baseline -0.003 -3"><span class='ocrx_word' id='word_1_145' title='bbox 557 2081 755 2125; x_wconf 78' lang='lat' dir='ltr'>onsnc&#39;rtonas</span> <span class='ocrx_word' id='word_1_146' title='bbox 769 2080 952 2123; x_wconf 72' lang='grc' dir='ltr'><strong>ΙΟῙΝΠΝΤΠΒ.</strong></span> 
     </span>
    </p>
   </div>
   <div class='ocr_carea' id='block_1_4' title="bbox 154 2234 1389 4172">
    <p class='ocr_par' dir='ltr' id='par_1_5' title="bbox 192 2234 1351 2319">
     <span class='ocr_line' id='line_1_18' title="bbox 192 2234 1351 2319; baseline -0.006 -18"><span class='ocrx_word' id='word_1_147' title='bbox 192 2247 241 2301; x_wconf 85' lang='lat'>30.</span> <span class='ocrx_word' id='word_1_148' title='bbox 267 2239 333 2318; x_wconf 81' lang='lat' dir='ltr'>obj.</span> <span class='ocrx_word' id='word_1_149' title='bbox 352 2244 378 2297; x_wconf 89' lang='lat' dir='ltr'>l.</span> <span class='ocrx_word' id='word_1_150' title='bbox 400 2240 475 2308; x_wconf 79' lang='lat' dir='ltr'>Qua</span> <span class='ocrx_word' id='word_1_151' title='bbox 488 2239 644 2300; x_wconf 86' lang='lat' dir='ltr'>afferuntur</span> <span class='ocrx_word' id='word_1_152' title='bbox 657 2240 789 2319; x_wconf 82' lang='lat' dir='ltr'>Apostoli</span> <span class='ocrx_word' id='word_1_153' title='bbox 802 2241 866 2299; x_wconf 89' lang='lat' dir='ltr'>loca</span> <span class='ocrx_word' id='word_1_154' title='bbox 880 2238 1034 2298; x_wconf 88' lang='lat' dir='ltr'>ostendunt</span> <span class='ocrx_word' id='word_1_155' title='bbox 1048 2237 1201 2304; x_wconf 89' lang='lat' dir='ltr'>donorum,</span> <span class='ocrx_word' id='word_1_156' title='bbox 1210 2255 1272 2296; x_wconf 91' lang='lat' dir='ltr'>non</span> <span class='ocrx_word' id='word_1_157' title='bbox 1287 2234 1351 2295; x_wconf 87' lang='lat' dir='ltr'>offi·</span> 
     </span>
    </p>

    <p class='ocr_par' dir='ltr' id='par_1_6' title="bbox 154 2333 1389 3782">
     <span class='ocr_line' id='line_1_19' title="bbox 154 2333 1354 2416; baseline -0.004 -18"><span class='ocrx_word' id='word_1_158' title='bbox 154 2340 263 2398; x_wconf 90' lang='lat' dir='ltr'>ciorum</span> <span class='ocrx_word' id='word_1_159' title='bbox 280 2338 453 2407; x_wconf 86' lang='lat' dir='ltr'>varietatem,</span> <span class='ocrx_word' id='word_1_160' title='bbox 466 2348 550 2415; x_wconf 86' lang='lat' dir='ltr'>prout</span> <span class='ocrx_word' id='word_1_161' title='bbox 564 2339 656 2398; x_wconf 86' lang='lat' dir='ltr'>innuit</span> <span class='ocrx_word' id='word_1_162' title='bbox 667 2340 730 2416; x_wconf 88' lang='lat' dir='ltr'>ipse</span> <span class='ocrx_word' id='word_1_163' title='bbox 744 2339 895 2415; x_wconf 77' lang='lat' dir='ltr'>prefatus:</span> <span class='ocrx_word' id='word_1_164' title='bbox 919 2347 938 2374; x_wconf 79' lang='lat'>‘⁶</span> <span class='ocrx_word' id='word_1_165' title='bbox 950 2337 1105 2395; x_wconf 81' lang='lat' dir='ltr'>divisiones</span> <span class='ocrx_word' id='word_1_166' title='bbox 1114 2333 1182 2393; x_wconf 83' lang='lat' dir='ltr'>verb</span> <span class='ocrx_word' id='word_1_167' title='bbox 1198 2335 1354 2412; x_wconf 84' lang='lat' dir='ltr'>gratiarum</span> 
     </span>
     <span class='ocr_line' id='line_1_20' title="bbox 154 2431 1356 2511; baseline -0.003 -18"><span class='ocrx_word' id='word_1_168' title='bbox 154 2445 234 2503; x_wconf 88' lang='lat' dir='ltr'>sunt,</span> <span class='ocrx_word' id='word_1_169' title='bbox 249 2433 325 2495; x_wconf 87' lang='lat' dir='ltr'>idem</span> <span class='ocrx_word' id='word_1_170' title='bbox 350 2446 445 2494; x_wconf 83' lang='lat' dir='ltr'>autern</span> <span class='ocrx_word' id='word_1_171' title='bbox 465 2435 629 2511; x_wconf 86' lang='lat' dir='ltr'>spiritus.&#39;’⁴</span> <span class='ocrx_word' id='word_1_172' title='bbox 669 2436 839 2495; x_wconf 89' lang='lat' dir='ltr'>Officiornm</span> <span class='ocrx_word' id='word_1_173' title='bbox 863 2435 950 2511; x_wconf 85' lang='lat' dir='ltr'>igitur</span> <span class='ocrx_word' id='word_1_174' title='bbox 969 2433 1113 2492; x_wconf 87' lang='lat' dir='ltr'>distinctio</span> <span class='ocrx_word' id='word_1_175' title='bbox 1135 2431 1246 2491; x_wconf 89' lang='lat' dir='ltr'>ordinis</span> <span class='ocrx_word' id='word_1_176' title='bbox 1268 2450 1356 2493; x_wconf 82' lang='lat' dir='ltr'>causa</span> 
     </span>
     <span class='ocr_line' id='line_1_21' title="bbox 155 2530 1356 2609; baseline -0.002 -18"><span class='ocrx_word' id='word_1_177' title='bbox 155 2530 270 2591; x_wconf 91' lang='lat' dir='ltr'>inducta</span> <span class='ocrx_word' id='word_1_178' title='bbox 284 2531 507 2605; x_wconf 82' lang='lat' dir='ltr'>videtur,&#39;quum</span> <span class='ocrx_word' id='word_1_179' title='bbox 521 2551 623 2591; x_wconf 89' lang='lat' dir='ltr'>omnes</span> <span class='ocrx_word' id='word_1_180' title='bbox 638 2532 765 2606; x_wconf 89' lang='lat' dir='ltr'>alioquin</span> <span class='ocrx_word' id='word_1_181' title='bbox 785 2550 880 2609; x_wconf 85' lang='lat' dir='ltr'>parem</span> <span class='ocrx_word' id='word_1_182' title='bbox 897 2531 1018 2590; x_wconf 83' lang='lat' dir='ltr'>habeant</span> <span class='ocrx_word' id='word_1_183' title='bbox 1037 2540 1218 2608; x_wconf 87' lang='lat' dir='ltr'>potestatem,</span> <span class='ocrx_word' id='word_1_184' title='bbox 1234 2548 1356 2589; x_wconf 88' lang='lat' dir='ltr'>munera</span> 
     </span>
     <span class='ocr_line' id='line_1_22' title="bbox 154 2628 1354 2709; baseline -0.002 -20"><span class='ocrx_word' id='word_1_185' title='bbox 154 2641 251 2689; x_wconf 86' lang='lat' dir='ltr'>tamen</span> <span class='ocrx_word' id='word_1_186' title='bbox 274 2629 396 2699; x_wconf 87' lang='lat' dir='ltr'>diversa,</span> <span class='ocrx_word' id='word_1_187' title='bbox 417 2649 483 2704; x_wconf 85' lang='lat' dir='ltr'>quae</span> <span class='ocrx_word' id='word_1_188' title='bbox 503 2631 622 2709; x_wconf 88' lang='lat' dir='ltr'>proinde</span> <span class='ocrx_word' id='word_1_189' title='bbox 645 2630 676 2690; x_wconf 94' lang='lat' dir='ltr'>in</span> <span class='ocrx_word' id='word_1_190' title='bbox 700 2630 843 2708; x_wconf 89' lang='lat' dir='ltr'>publicam</span> <span class='ocrx_word' id='word_1_191' title='bbox 864 2630 1025 2698; x_wconf 85' lang='lat' dir='ltr'>utilitatem,</span> <span class='ocrx_word' id='word_1_192' title='bbox 1048 2629 1185 2706; x_wconf 87' lang='lat' dir='ltr'>probante</span> <span class='ocrx_word' id='word_1_193' title='bbox 1206 2628 1354 2697; x_wconf 85' lang='lat' dir='ltr'>Ecclesia,</span> 
     </span>
     <span class='ocr_line' id='line_1_23' title="bbox 156 2728 1100 2791; baseline 0.003 -3"><span class='ocrx_word' id='word_1_194' title='bbox 156 2747 289 2788; x_wconf 86' lang='lat' dir='ltr'>exercere</span> <span class='ocrx_word' id='word_1_195' title='bbox 304 2728 417 2788; x_wconf 86' lang='lat' dir='ltr'>debent.</span> <span class='ocrx_word' id='word_1_196' title='bbox 1098 2786 1100 2791; x_wconf 91' lang='lat'><em>.</em></span> 
     </span>
     <span class='ocr_line' id='line_1_24' title="bbox 167 2823 1355 2904; baseline -0.003 -19"><span class='ocrx_word' id='word_1_197' title='bbox 167 2880 170 2885; x_wconf 91' lang='lat'>.</span> <span class='ocrx_word' id='word_1_198' title='bbox 196 2823 287 2903; x_wconf 81' lang='lat' dir='ltr'>Resp.</span> <span class='ocrx_word' id='word_1_199' title='bbox 308 2825 349 2884; x_wconf 91' lang='lat' dir='ltr'>Et</span> <span class='ocrx_word' id='word_1_200' title='bbox 362 2825 435 2886; x_wconf 87' lang='lat' dir='ltr'>dona</span> <span class='ocrx_word' id='word_1_201' title='bbox 449 2836 478 2885; x_wconf 90' lang='lat' dir='ltr'>et</span> <span class='ocrx_word' id='word_1_202' title='bbox 491 2825 586 2885; x_wconf 90' lang='lat' dir='ltr'>officia</span> <span class='ocrx_word' id='word_1_203' title='bbox 605 2825 763 2904; x_wconf 82' lang='lat' dir='ltr'>Apostolus</span> <span class='ocrx_word' id='word_1_204' title='bbox 784 2826 870 2903; x_wconf 89' lang='lat' dir='ltr'>plane</span> <span class='ocrx_word' id='word_1_205' title='bbox 884 2825 1043 2904; x_wconf 86' lang='lat' dir='ltr'>distinguit,</span> <span class='ocrx_word' id='word_1_206' title='bbox 1059 2836 1088 2883; x_wconf 88' lang='lat' dir='ltr'>et</span> <span class='ocrx_word' id='word_1_207' title='bbox 1102 2823 1138 2883; x_wconf 89' lang='lat' dir='ltr'>ad</span> <span class='ocrx_word' id='word_1_208' title='bbox 1152 2823 1267 2883; x_wconf 82' lang='lat' dir='ltr'>Christi</span> <span class='ocrx_word' id='word_1_209' title='bbox 1280 2823 1355 2884; x_wconf 87' lang='lat' dir='ltr'>ordi·</span> 
     </span>
     <span class='ocr_line' id='line_1_25' title="bbox 156 2923 1355 3003; baseline -0.002 -20"><span class='ocrx_word' id='word_1_210' title='bbox 156 2924 301 2983; x_wconf 90' lang='lat' dir='ltr'>nationem</span> <span class='ocrx_word' id='word_1_211' title='bbox 316 2923 417 2985; x_wconf 86' lang='lat' dir='ltr'>horum</span> <span class='ocrx_word' id='word_1_212' title='bbox 431 2926 517 2984; x_wconf 82' lang='lat' dir='ltr'>refert</span> <span class='ocrx_word' id='word_1_213' title='bbox 531 2924 694 2985; x_wconf 88' lang='lat' dir='ltr'>discrimen.</span> <span class='ocrx_word' id='word_1_214' title='bbox 725 2925 863 2994; x_wconf 85' lang='lat' dir='ltr'>Quamvis</span> <span class='ocrx_word' id='word_1_215' title='bbox 879 2937 974 2983; x_wconf 89' lang='lat' dir='ltr'>autem</span> <span class='ocrx_word' id='word_1_216' title='bbox 988 2924 1018 2983; x_wconf 91' lang='lat' dir='ltr'>in</span> <span class='ocrx_word' id='word_1_217' title='bbox 1032 2923 1196 3002; x_wconf 87' lang='lat' dir='ltr'>primordiis</span> <span class='ocrx_word' id='word_1_218' title='bbox 1211 2923 1355 3003; x_wconf 74' lang='lat' dir='ltr'>Ecclesia</span> 
     </span>
     <span class='ocr_line' id='line_1_26' title="bbox 156 3020 1357 3101; baseline 0 -22"><span class='ocrx_word' id='word_1_219' title='bbox 156 3021 279 3098; x_wconf 89' lang='lat' dir='ltr'>plurima</span> <span class='ocrx_word' id='word_1_220' title='bbox 293 3021 356 3080; x_wconf 89' lang='lat' dir='ltr'>data</span> <span class='ocrx_word' id='word_1_221' title='bbox 370 3022 428 3081; x_wconf 90' lang='lat' dir='ltr'>sint</span> <span class='ocrx_word' id='word_1_222' title='bbox 449 3022 523 3082; x_wconf 90' lang='lat' dir='ltr'>dona</span> <span class='ocrx_word' id='word_1_223' title='bbox 536 3022 667 3082; x_wconf 85' lang='lat' dir='ltr'>fidelibus</span> <span class='ocrx_word' id='word_1_224' title='bbox 682 3022 838 3101; x_wconf 90' lang='lat' dir='ltr'>plerisque,</span> <span class='ocrx_word' id='word_1_225' title='bbox 850 3041 910 3080; x_wconf 87' lang='lat' dir='ltr'>non</span> <span class='ocrx_word' id='word_1_226' title='bbox 923 3021 989 3080; x_wconf 91' lang='lat' dir='ltr'>ideo</span> <span class='ocrx_word' id='word_1_227' title='bbox 1001 3020 1122 3080; x_wconf 87' lang='lat' dir='ltr'>docendi</span> <span class='ocrx_word' id='word_1_228' title='bbox 1136 3032 1165 3079; x_wconf 91' lang='lat' dir='ltr'>et</span> <span class='ocrx_word' id='word_1_229' title='bbox 1176 3031 1357 3079; x_wconf 86' lang='lat' dir='ltr'>sacramenta</span> 
     </span>
     <span class='ocr_line' id='line_1_27' title="bbox 157 3102 1356 3196; baseline -0.002 -18"><span class='ocrx_word' id='word_1_230' title='bbox 157 3102 373 3179; x_wconf 84' lang='lat' dir='ltr'>administrandi</span> <span class='ocrx_word' id='word_1_231' title='bbox 388 3140 505 3180; x_wconf 88' lang='lat' dir='ltr'>monera</span> <span class='ocrx_word' id='word_1_232' title='bbox 516 3123 648 3180; x_wconf 89' lang='lat' dir='ltr'>omnibus</span> <span class='ocrx_word' id='word_1_233' title='bbox 663 3123 851 3180; x_wconf 88' lang='lat' dir='ltr'>censebantur</span> <span class='ocrx_word' id='word_1_234' title='bbox 859 3120 1032 3187; x_wconf 88' lang='lat' dir='ltr'>communia,</span> <span class='ocrx_word' id='word_1_235' title='bbox 1044 3127 1125 3179; x_wconf 90' lang='lat' dir='ltr'>erant</span> <span class='ocrx_word' id='word_1_236' title='bbox 1134 3121 1212 3177; x_wconf 90' lang='lat' dir='ltr'>enim</span> <span class='ocrx_word' id='word_1_237' title='bbox 1224 3130 1356 3196; x_wconf 87' lang='lat' dir='ltr'>pastores</span> 
     </span>
     <span class='ocr_line' id='line_1_28' title="bbox 156 3215 1357 3296; baseline -0.001 -21"><span class='ocrx_word' id='word_1_238' title='bbox 156 3227 185 3276; x_wconf 91' lang='lat' dir='ltr'>et</span> <span class='ocrx_word' id='word_1_239' title='bbox 195 3217 336 3287; x_wconf 89' lang='lat' dir='ltr'>doctores,</span> <span class='ocrx_word' id='word_1_240' title='bbox 349 3220 471 3278; x_wconf 90' lang='lat' dir='ltr'>ministri</span> <span class='ocrx_word' id='word_1_241' title='bbox 486 3219 597 3278; x_wconf 83' lang='lat' dir='ltr'>Christi</span> <span class='ocrx_word' id='word_1_242' title='bbox 608 3230 637 3277; x_wconf 91' lang='lat' dir='ltr'>et</span> <span class='ocrx_word' id='word_1_243' title='bbox 648 3219 859 3296; x_wconf 87' lang='lat' dir='ltr'>dispensatores</span> <span class='ocrx_word' id='word_1_244' title='bbox 871 3219 1074 3296; x_wconf 89' lang='lat' dir='ltr'>mysteriorum</span> <span class='ocrx_word' id='word_1_245' title='bbox 1086 3216 1153 3276; x_wconf 87' lang='lat' dir='ltr'>Dei.</span> <span class='ocrx_word' id='word_1_246' title='bbox 1188 3217 1218 3276; x_wconf 94' lang='lat' dir='ltr'>N</span> <span class='ocrx_word' id='word_1_247' title='bbox 1221 3215 1357 3276; x_wconf 84' lang='lat' dir='ltr'>ihil&#39;dicit</span> 
     </span>
     <span class='ocr_line' id='line_1_29' title="bbox 156 3313 1356 3394; baseline 0.001 -22"><span class='ocrx_word' id='word_1_248' title='bbox 156 3314 264 3373; x_wconf 89' lang='lat' dir='ltr'>Paulus</span> <span class='ocrx_word' id='word_1_249' title='bbox 279 3334 317 3375; x_wconf 87' lang='lat' dir='ltr'>ex</span> <span class='ocrx_word' id='word_1_250' title='bbox 342 3335 400 3388; x_wconf 92' lang='lat' dir='ltr'>quo</span> <span class='ocrx_word' id='word_1_251' title='bbox 424 3334 475 3392; x_wconf 90' lang='lat' dir='ltr'>par</span> <span class='ocrx_word' id='word_1_252' title='bbox 497 3315 630 3375; x_wconf 89' lang='lat' dir='ltr'>omnibus</span> <span class='ocrx_word' id='word_1_253' title='bbox 651 3315 809 3375; x_wconf 90' lang='lat' dir='ltr'>vindicetur</span> <span class='ocrx_word' id='word_1_254' title='bbox 829 3326 966 3394; x_wconf 89' lang='lat' dir='ltr'>potestas,</span> <span class='ocrx_word' id='word_1_255' title='bbox 988 3314 1066 3389; x_wconf 93' lang='lat' dir='ltr'>quod</span> <span class='ocrx_word' id='word_1_256' title='bbox 1091 3315 1167 3373; x_wconf 90' lang='lat' dir='ltr'>enim</span> <span class='ocrx_word' id='word_1_257' title='bbox 1193 3313 1300 3373; x_wconf 89' lang='lat' dir='ltr'>dicitur</span> <span class='ocrx_word' id='word_1_258' title='bbox 1320 3313 1356 3373; x_wconf 88' lang='lat' dir='ltr'>de</span> 
     </span>
     <span class='ocr_line' id='line_1_30' title="bbox 158 3410 1389 3493; baseline 0.002 -26"><span class='ocrx_word' id='word_1_259' title='bbox 158 3411 266 3487; x_wconf 81' lang='lat' dir='ltr'>Spiritu</span> <span class='ocrx_word' id='word_1_260' title='bbox 282 3410 425 3471; x_wconf 89' lang='lat' dir='ltr'>dividente</span> <span class='ocrx_word' id='word_1_261' title='bbox 439 3413 560 3490; x_wconf 86' lang='lat' dir='ltr'>singulis</span> <span class='ocrx_word' id='word_1_262' title='bbox 576 3425 660 3490; x_wconf 89' lang='lat' dir='ltr'>prout</span> <span class='ocrx_word' id='word_1_263' title='bbox 671 3413 755 3480; x_wconf 72' lang='lat' dir='ltr'>vult,⁶</span> <span class='ocrx_word' id='word_1_264' title='bbox 769 3414 887 3490; x_wconf 87' lang='lat' dir='ltr'>respicit</span> <span class='ocrx_word' id='word_1_265' title='bbox 899 3412 1040 3493; x_wconf 87' lang='lat' dir='ltr'>donorum</span> <span class='ocrx_word' id='word_1_266' title='bbox 1054 3411 1211 3470; x_wconf 87' lang='lat' dir='ltr'>universim</span> <span class='ocrx_word' id='word_1_267' title='bbox 1226 3430 1358 3470; x_wconf 90' lang='lat' dir='ltr'>commu·</span> <span class='ocrx_word' id='word_1_268' title='bbox 1385 3436 1389 3445; x_wconf 92' lang='lat'><em>·</em></span> 
     </span>
     <span class='ocr_line' id='line_1_31' title="bbox 158 3506 1357 3587; baseline 0.001 -22"><span class='ocrx_word' id='word_1_269' title='bbox 158 3507 311 3576; x_wconf 87' lang='lat' dir='ltr'>nicatione,</span> <span class='ocrx_word' id='word_1_270' title='bbox 327 3528 385 3568; x_wconf 90' lang='lat' dir='ltr'>non</span> <span class='ocrx_word' id='word_1_271' title='bbox 400 3509 536 3587; x_wconf 88' lang='lat' dir='ltr'>specialia</span> <span class='ocrx_word' id='word_1_272' title='bbox 550 3510 700 3569; x_wconf 89' lang='lat' dir='ltr'>ministerii</span> <span class='ocrx_word' id='word_1_273' title='bbox 721 3511 795 3569; x_wconf 88' lang='lat' dir='ltr'>sacri</span> <span class='ocrx_word' id='word_1_274' title='bbox 808 3509 912 3568; x_wconf 86' lang='lat' dir='ltr'>officia.</span> <span class='ocrx_word' id='word_1_275' title='bbox 956 3507 1029 3567; x_wconf 80' lang='lat' dir='ltr'>Haec</span> <span class='ocrx_word' id='word_1_276' title='bbox 1043 3526 1081 3567; x_wconf 87' lang='lat' dir='ltr'>ex</span> <span class='ocrx_word' id='word_1_277' title='bbox 1101 3507 1165 3565; x_wconf 89' lang='lat' dir='ltr'>aliis</span> <span class='ocrx_word' id='word_1_278' title='bbox 1179 3525 1244 3581; x_wconf 86' lang='lat' dir='ltr'>quae</span> <span class='ocrx_word' id='word_1_279' title='bbox 1258 3506 1357 3566; x_wconf 90' lang='lat' dir='ltr'>lauda·</span> 
     </span>
     <span class='ocr_line' id='line_1_32' title="bbox 158 3605 1356 3684; baseline 0.004 -23"><span class='ocrx_word' id='word_1_280' title='bbox 158 3605 253 3662; x_wconf 91' lang='lat' dir='ltr'>vimus</span> <span class='ocrx_word' id='word_1_281' title='bbox 276 3608 447 3673; x_wconf 85' lang='lat' dir='ltr'>testimoniis</span> <span class='ocrx_word' id='word_1_282' title='bbox 474 3620 630 3667; x_wconf 87' lang='lat' dir='ltr'>noscuntur</span> <span class='ocrx_word' id='word_1_283' title='bbox 658 3627 723 3667; x_wconf 87' lang='lat' dir='ltr'>esse</span> <span class='ocrx_word' id='word_1_284' title='bbox 751 3608 824 3667; x_wconf 85' lang='lat' dir='ltr'>sacri</span> <span class='ocrx_word' id='word_1_285' title='bbox 851 3606 959 3667; x_wconf 89' lang='lat' dir='ltr'>ordinis</span> <span class='ocrx_word' id='word_1_286' title='bbox 983 3607 1109 3684; x_wconf 90' lang='lat' dir='ltr'>propria,</span> <span class='ocrx_word' id='word_1_287' title='bbox 1131 3624 1184 3665; x_wconf 91' lang='lat' dir='ltr'>nec</span> <span class='ocrx_word' id='word_1_288' title='bbox 1212 3625 1356 3680; x_wconf 89' lang='lat' dir='ltr'>umquam</span> 
     </span>
     <span class='ocr_line' id='line_1_33' title="bbox 159 3702 1073 3782; baseline 0.003 -25"><span class='ocrx_word' id='word_1_289' title='bbox 159 3713 369 3761; x_wconf 90' lang='lat' dir='ltr'>consueverunt</span> <span class='ocrx_word' id='word_1_290' title='bbox 382 3705 519 3773; x_wconf 84' lang='lat' dir='ltr'>exerceri,</span> <span class='ocrx_word' id='word_1_291' title='bbox 533 3704 591 3763; x_wconf 90' lang='lat' dir='ltr'>nisi</span> <span class='ocrx_word' id='word_1_292' title='bbox 604 3714 742 3782; x_wconf 85' lang='lat' dir='ltr'>potestate</span> <span class='ocrx_word' id='word_1_293' title='bbox 757 3713 872 3781; x_wconf 90' lang='lat' dir='ltr'>accepta</span> <span class='ocrx_word' id='word_1_294' title='bbox 885 3702 1073 3762; x_wconf 88' lang='lat' dir='ltr'>ordinatione.</span> 
     </span>
    </p>

    <p class='ocr_par' dir='ltr' id='par_1_7' title="bbox 159 3797 1361 4172">
     <span class='ocr_line' id='line_1_34' title="bbox 199 3797 1360 3880; baseline 0.003 -25"><span class='ocrx_word' id='word_1_295' title='bbox 199 3803 247 3856; x_wconf 86' lang='lat'>31.</span> <span class='ocrx_word' id='word_1_296' title='bbox 274 3797 340 3878; x_wconf 77' lang='lat' dir='ltr'>obj.</span> <span class='ocrx_word' id='word_1_297' title='bbox 356 3807 384 3859; x_wconf 83' lang='lat'>2.</span> <span class='ocrx_word' id='word_1_298' title='bbox 407 3803 440 3860; x_wconf 86' lang='lat' dir='ltr'>Si</span> <span class='ocrx_word' id='word_1_299' title='bbox 455 3822 510 3876; x_wconf 90' lang='lat' dir='ltr'>qua</span> <span class='ocrx_word' id='word_1_300' title='bbox 524 3803 652 3861; x_wconf 89' lang='lat' dir='ltr'>adductis</span> <span class='ocrx_word' id='word_1_301' title='bbox 666 3803 738 3861; x_wconf 92' lang='lat' dir='ltr'>locis</span> <span class='ocrx_word' id='word_1_302' title='bbox 754 3801 911 3862; x_wconf 88' lang='lat' dir='ltr'>adstmatur</span> <span class='ocrx_word' id='word_1_303' title='bbox 925 3801 1080 3869; x_wconf 87' lang='lat' dir='ltr'>distinctio,</span> <span class='ocrx_word' id='word_1_304' title='bbox 1096 3810 1137 3858; x_wconf 91' lang='lat' dir='ltr'>tot</span> <span class='ocrx_word' id='word_1_305' title='bbox 1156 3812 1239 3858; x_wconf 89' lang='lat' dir='ltr'>erunt</span> <span class='ocrx_word' id='word_1_306' title='bbox 1254 3820 1360 3880; x_wconf 85' lang='lat' dir='ltr'>agnos·</span> 
     </span>
     <span class='ocr_line' id='line_1_35' title="bbox 159 3894 1357 3977; baseline 0.005 -25"><span class='ocrx_word' id='word_1_307' title='bbox 159 3894 249 3954; x_wconf 91' lang='lat' dir='ltr'>cenda</span> <span class='ocrx_word' id='word_1_308' title='bbox 263 3896 358 3954; x_wconf 91' lang='lat' dir='ltr'>officia</span> <span class='ocrx_word' id='word_1_309' title='bbox 367 3908 436 3971; x_wconf 89' lang='lat' dir='ltr'>quot</span> <span class='ocrx_word' id='word_1_310' title='bbox 446 3912 637 3968; x_wconf 89' lang='lat' dir='ltr'>recensentur,</span> <span class='ocrx_word' id='word_1_311' title='bbox 653 3899 774 3971; x_wconf 90' lang='lat' dir='ltr'>ideoque</span> <span class='ocrx_word' id='word_1_312' title='bbox 789 3899 944 3976; x_wconf 91' lang='lat' dir='ltr'>Apostolus</span> <span class='ocrx_word' id='word_1_313' title='bbox 959 3899 1033 3956; x_wconf 90' lang='lat' dir='ltr'>alius</span> <span class='ocrx_word' id='word_1_314' title='bbox 1047 3898 1100 3956; x_wconf 91' lang='lat' dir='ltr'>erit</span> <span class='ocrx_word' id='word_1_315' title='bbox 1113 3909 1141 3955; x_wconf 90' lang='lat' dir='ltr'>at</span> <span class='ocrx_word' id='word_1_316' title='bbox 1155 3897 1357 3977; x_wconf 84' lang='lat' dir='ltr'>Evangelista,</span> 
     </span>
     <span class='ocr_line' id='line_1_36' title="bbox 159 3992 1357 4072; baseline 0.005 -24"><span class='ocrx_word' id='word_1_317' title='bbox 159 4008 213 4049; x_wconf 91' lang='lat' dir='ltr'>nec</span> <span class='ocrx_word' id='word_1_318' title='bbox 234 3992 391 4069; x_wconf 88' lang='lat' dir='ltr'>prophetae,</span> <span class='ocrx_word' id='word_1_319' title='bbox 407 4011 460 4052; x_wconf 89' lang='lat' dir='ltr'>nec</span> <span class='ocrx_word' id='word_1_320' title='bbox 485 3998 617 4072; x_wconf 87' lang='lat' dir='ltr'>pastoris,</span> <span class='ocrx_word' id='word_1_321' title='bbox 638 4014 692 4055; x_wconf 90' lang='lat' dir='ltr'>nec</span> <span class='ocrx_word' id='word_1_322' title='bbox 706 3995 829 4055; x_wconf 90' lang='lat' dir='ltr'>doctoris</span> <span class='ocrx_word' id='word_1_323' title='bbox 841 4013 947 4053; x_wconf 91' lang='lat' dir='ltr'>nomen</span> <span class='ocrx_word' id='word_1_324' title='bbox 962 3995 989 4051; x_wconf 93' lang='lat' dir='ltr'>ei</span> <span class='ocrx_word' id='word_1_325' title='bbox 1003 3993 1170 4052; x_wconf 89' lang='lat' dir='ltr'>conveniet:</span> <span class='ocrx_word' id='word_1_326' title='bbox 1192 4004 1221 4051; x_wconf 90' lang='lat' dir='ltr'>at</span> <span class='ocrx_word' id='word_1_327' title='bbox 1241 4004 1357 4054; x_wconf 88' lang='lat' dir='ltr'>constat</span> 
     </span>
     <span class='ocr_line' id='line_1_37' title="bbox 160 4086 1361 4172; baseline 0.005 -26"><span class='ocrx_word' id='word_1_328' title='bbox 160 4086 301 4148; x_wconf 90' lang='lat' dir='ltr'>Joannem</span> <span class='ocrx_word' id='word_1_329' title='bbox 315 4090 497 4168; x_wconf 89' lang='lat' dir='ltr'>Apostolum,</span> <span class='ocrx_word' id='word_1_330' title='bbox 513 4092 728 4172; x_wconf 86' lang='lat' dir='ltr'>Evangelistam</span> <span class='ocrx_word' id='word_1_331' title='bbox 743 4101 772 4151; x_wconf 89' lang='lat' dir='ltr'>et</span> <span class='ocrx_word' id='word_1_332' title='bbox 784 4092 959 4170; x_wconf 89' lang='lat' dir='ltr'>Prophetam</span> <span class='ocrx_word' id='word_1_333' title='bbox 973 4088 1060 4150; x_wconf 90' lang='lat' dir='ltr'>simul</span> <span class='ocrx_word' id='word_1_334' title='bbox 1081 4090 1181 4159; x_wconf 82' lang='lat' dir='ltr'>fuisse,</span> <span class='ocrx_word' id='word_1_335' title='bbox 1196 4098 1361 4166; x_wconf 83' lang='lat' dir='ltr'>omnesque</span> 
     </span>
    </p>
   </div>
   <div class='ocr_carea' id='block_1_5' title="bbox 622 4547 804 4685">
    <p class='ocr_par' dir='ltr' id='par_1_8' title="bbox 622 4547 804 4685">
     <span class='ocr_line' id='line_1_38' title="bbox 622 4547 804 4599; baseline -0.022 -1"><span class='ocrx_word' id='word_1_336' title='bbox 622 4549 643 4598; x_wconf 85' lang='grc' dir='ltr'>Ι.</span> <span class='ocrx_word' id='word_1_337' title='bbox 654 4549 712 4599; x_wconf 84' lang='lat' dir='ltr'>Gor.</span> <span class='ocrx_word' id='word_1_338' title='bbox 724 4549 769 4599; x_wconf 85' lang='lat' dir='ltr'>xii.</span> <span class='ocrx_word' id='word_1_339' title='bbox 779 4547 804 4595; x_wconf 83' lang='lat'>4.</span> 
     </span>
     <span class='ocr_line' id='line_1_39' title="bbox 625 4633 773 4685; baseline -0.02 -1"><span class='ocrx_word' id='word_1_340' title='bbox 625 4633 720 4685; x_wconf 92' lang='lat' dir='ltr'>Ibidem</span> <span class='ocrx_word' id='word_1_341' title='bbox 733 4637 773 4682; x_wconf 92' lang='lat'>11.</span> 
     </span>
    </p>
   </div>
   <div class='ocr_carea' id='block_1_6' title="bbox 0 0 1419 5092">
    <p class='ocr_par' dir='ltr' id='par_1_9' title="bbox 0 0 1419 5092">
     <span class='ocr_line' id='line_1_40' title="bbox 0 0 1419 5092; baseline 0 0"><span class='ocrx_word' id='word_1_342' title='bbox 0 0 1419 5092; x_wconf 95' lang='lat' dir='ltr'> </span> 
     </span>
    </p>
   </div>
  </div>
 </body>
</html>
