2798 5092
618 293 848 379 nesunrnx.

617 554 747 615 Sncuuo
768 556 839 616 Xil.

170 707 236 763 1¹58.
260 705 590 778 Ρ11111111111.,11111
610 712 784 789 Raynerius,
806 715 891 773 abbas
913 713 1099 775 cassinensis
1120 727 1148 776 et
1162 718 1322 788 cardinalis,

129 803 234 861 invitus
255 816 420 882 assumptus
442 818 494 866 est.
511 809 615 867 Sancte
636 811 803 887 gubernavit
831 812 1008 883 Ecclesiam,
1023 813 1074 873 sed
1095 816 1129 873 ab
1152 817 1322 896 imperatore

127 900 257 961 Henrico
279 902 328 971 V.,
344 896 435 977 quem'
452 906 514 982 ipse
536 907 621 985 paulo
642 921 723 967 antea
745 922 938 979 coronaverat,
954 914 984 972 in
1005 930 1148 973 carcerem
1172 925 1278 985 trusus,
1295 918 1322 975 vi

126 1001 223 1068 cessit,
235 1011 265 1059 et
274 1002 323 1077 jus
338 1002 475 1062 relaxavit
488 1005 727 1075 investiturarum,
743 1027 801 1082 quo
815 1028 846 1067 se
861 1010 990 1070 abdicare
1005 1012 1068 1089 ipse
1083 1012 1237 1090 imperator
1246 1016 1321 1091 jnra-

126 1109 170 1155 tus
185 1101 364 1174 promiserat.
407 1099 487 1160 Obiit
506 1106 542 1160 21
559 1088 791 1176 sanantibus,
807 1125 896 1180 quum
910 1128 1001 1169 annos
1016 1105 1188 1179 octodecim,
1203 1129 1320 1170 menses

124 1194 263 1266 quinque,
278 1195 339 1252 dies
355 1208 467 1273 septem
481 1197 613 1256 sedisset.

165 1295 232 1350 159.
255 1294 405 1354 Gsunsrns
424 1294 464 1355 ΙΙ.
479 1307 561 1355 antea
581 1297 720 1367 Joannes,
733 1318 769 1358 ex
790 1301 933 1361 monacho
953 1301 1116 1372 cardinalis,
1131 1307 1170 1361 25
1190 1302 1319 1362 ianuarii

124 1395 200 1449 1118
217 1393 323 1453 electus
338 1406 391 1460 est,
406 1393 457 1453 sed
478 1414 495 1452 a
509 1395 756 1457 schismaticorum
777 1398 899 1460 factione
913 1401 943 1461 in
964 1419 1106 1460 carcerem
1127 1412 1232 1470 trusus,
1249 1420 1319 1462 non·

119 1493 176 1552 nisi
193 1491 290 1550 101111
307 1491 404 1549 Martii
419 1504 611 1560 consecratus,
628 1507 780 1568 postquam
801 1515 817 1553 a
833 1498 940 1574 populo
955 1509 1069 1574 ereptus
1091 1497 1192 1557 iuerat.
1234 1497 1317 1576 Fuga

117 1610 150 1650 se
160 1590 307 1658 subduxit,
323 1590 451 1649 Henrico
464 1590 636 1668 imperatore
653 1592 775 1651 Romam
788 1591 967 1664 adveniente,
984 1596 1033 1671 qui
1050 1596 1224 1655 Mauricium
1241 1596 1315 1656 Bur·

118 1687 229 1756 dinum,
244 1687 491 1765 archiepiscopum
509 1688 722 1758 Bracarensem,
739 1690 768 1748 in
790 1690 888 1751 sedem
903 1693 1027 1763 intrusit,
1043 1694 1159 1753 nomine
1178 1693 1313 1772 Gregorii

118 1783 203 1843 Viil.
255 1783 376 1842 Sanctus
394 1784 524 1861 pontifex
539 1785 567 1843 in
585 1784 693 1843 Gallias
709 1805 741 1843 se
756 1787 885 1854 contulit,
899 1788 946 1846 ubi
961 1789 1061 1848 morbo
1074 1800 1233 1869 correptus,
1243 1791 1314 1850 obiit

118 1880 271 1947 Cluniaco,
281 1881 310 1938 in
326 1881 443 1957 proprio
453 1881 640 1948 monasterio,
655 1884 694 1939 29
705 1881 836 1941 ianuarii
854 1901 929 1942 anno
946 1887 1032 1944 1119.

159 1981 227 2035 160.
250 1976 417 2036 (1111111111
432 1977 483 2044 11.,
500 1991 581 2036 antea
597 1977 706 2046 Guido,
722 1979 956 2057 archiepiscopus
971 1979 1158 2050 Viennensis,
1177 1985 1189 2041 1
1208 1982 1315 2042 Febru-

115 2074 167 2131 arii
181 2075 300 2155 eIectus,
315 2085 412 2133 sancte
427 2074 540 2133 functus
556 2085 600 2132 est
614 2093 750 2151 supremo
772 2095 888 2135 munere
903 2075 938 2134 ad
960 2076 1068 2135 obitum
1089 2095 1183 2151 usqne
1206 2082 1241 2136 13
1256 2078 1314 2137 De·

114 2172 237 2230 cembris
255 2176 340 2230 1124.
374 2171 545 2230 Mauricium
564 2171 725 2231 Burdinum
738 2174 902 2251 antipapam
918 2173 1072 2250 repressit;
1088 2174 1186 2234 habuit
1200 2184 1228 2233 et
1242 2194 1310 2235 con·

114 2269 212 2328 cilium
225 2269 447 2327 (Ecumenicum
463 2268 667 2336 Lateranense,
684 2270 713 2326 in
728 2288 786 2342 quo
801 2267 835 2327 ds
846 2268 1035 2328 investituris
1049 2281 1144 2329 actum
1159 2281 1212 2330 est.

144 2364 220 2423 161.
245 2365 403 2424 Honorius
417 2363 468 2434 ΙΙ.,
484 2379 566 2423 antea
580 2364 750 2423 Lambertus
765 2365 800 2423 de
822 2365 972 2443 Fagnano,
987 2367 1143 2444 episcopus
1166 2368 1310 2430 Ostiensis

111 2467 147 2521 21
167 2462 336 2520 Decembris
352 2482 426 2521 anno
444 2467 521 2520 1124
535 2475 729 2530 consecratus,
745 2461 819 2521 sedit
833 2462 868 2521 ad
891 2467 928 2520 14
941 2481 1032 2537 usque
1047 2464 1196 2524 Februarii
1219 2470 1306 2526 1130.

111 2560 298 2619 Theobaldus
320 2560 469 2618 cardinalis
486 2561 564 2637 prius
586 2561 705 2627 electus,
721 2579 752 2618 se
774 2579 892 2619 munere
910 2560 1051 2620 abdicavit
1072 2562 1137 2639 ipso
1161 2563 1310 2624 electionis

111 2660 168 2726 die,
185 2679 221 2717 ne
237 2659 317 2717 iocus
334 2659 406 2717 foret
420 2659 579 2726 schismati,
593 2660 669 2731 quod
686 2660 1014 2735 modestIae‘exempium
1029 2661 1155 2719 imitatus
1170 2672 1214 2721 est
1227 2663 1311 2724 Lam·

109 2760 214 2815 bertus.
257 2757 327 2816 Inde
343 2748 446 2815 iactum
463 2767 493 2814 ut
504 2756 660 2814 cardinales
674 2757 749 2814 hunc
762 2757 1023 2833 deprecarenturad
1036 2759 1207 2816 sumendum
1223 2780 1308 2830 onus,

109 2857 193 2913 etsie
216 2856 315 2914 vitium
331 2855 480 2913 electionis
503 2869 644 2911 sanarent.
688 2854 809 2911 Strenue
824 2855 914 2930 gessit
928 2872 1043 2912 munus.
1085 2853 1258 2916 Conradum
1280 2873 1308 2916 et

108 2953 293 3012 Fredericum
314 2953 447 3011 irothario
464 2951 626 3010 Germaniae
641 2952 703 3028 regi
720 2937 838 3009 rebelles
854 2950 1033 3010 anathemate
1046 2950 1146 3028 plexit,
1162 2955 1305 3014 11111111-

108 3071 186 3110 mum
200 3051 457 3128 archiepiscopum,
469 3050 518 3123 qui
530 3062 713 3107 coronaverat
729 3048 894 3107 Conratium
907 3067 914 3105 r
932 3067 1056 3125 peream
1069 3048 1180 3107 scilicet
1194 3063 1305 3111 aetatem

108 3169 170 3209 mos
181 3149 307 3207 obtinuit
321 3159 352 3207 ut
367 3147 507 3207 Ecclesia
529 3159 655 3223 potestas
671 3146 851 3205 adhiberetur
865 3145 901 3204 ad
917 3145 982 3224 jura
997 3147 1092 3205 civilia
1106 3148 1222 3216 tuenda,
1238 3168 1303 3207 cen·

105 3248 180 3304 suris
195 3247 231 3303 ob
244 3265 342 3304 eorum
358 3245 539 3304 violationem
555 3244 630 3302 latis.

147 3348 213 3402 162.
237 3344 438 3402 innocencius
464 3341 515 3408 ΙΙ.,
531 3356 612 3400 antea
628 3341 785 3418 Gregorius
801 3340 836 3398 de
852 3340 1043 3417 Paparesciis,
1075 3340 1183 3400 electus
1204 3351 1249 3400 est
1266 3346 1301 3399 15

104 3442 250 3500 Februarii
279 3445 365 3498 1130.
406 3438 529 3498 Fortiter
556 3440 737 3511 suaviterque
762 3439 930 3515 gubernavit
950 3438 1124 3506 Ecclesiam,
1148 3439 1301 3515 plusquam

104 3539 240 3598 tredecim
256 3557 355 3604 annos,
371 3536 405 3594 ad
417 3540 456 3594 24
466 3554 556 3610 usque
570 3537 746 3614 Septembris
760 3539 845 3593 1143.
882 3535 1007 3593 Eximiis
1020 3535 1128 3593 effulsit
1139 3537 1299 3603 virtutibus,

102 3650 131 3696 et
146 3637 227 3714 plura
242 3635 374 3713 praeciare
383 3632 481 3711 gessit:
504 3634 539 3691 ab
555 3635 687 3711 antipapa
700 3633 784 3692 Petro
796 3632 906 3701 Leone,
919 3633 968 3706 qui
983 3633 1113 3691 Anacleti
1127 3633 1166 3692 ll.
1182 3636 1299 3693 nomine

101 3747 250 3813 assumpto
266 3736 388 3792 Romam
403 3732 555 3808 occupavit
568 3731 647 3808 plura
660 3750 773 3812 passus.
816 3731 937 3791 Sanctus
954 3732 1083 3808 pontifex
1098 3732 1127 3790 in
1143 3733 1252 3791 Gallias
1267 3740 1299 3788 se'

100 3835 230 3903 contulit,
248 3834 321 3892 unde
336 3852 411 3891 anno
428 3835 503 3889 llas
520 3850 659 3898 reversus,
676 3850 740 3889 cum
757 3829 893 3889 Lotirario
910 3831 1089 3909 imperatore,
1104 3832 1182 3889 hunc
1196 3831 1298 3889 Romae

99 3934 254 3994 coronavit.
297 3932 403 3990 Iterum
432 3950 448 3988 a
472 3930 591 3988 factione
615 3931 754 4006 antipapae
779 3929 895 3987 exulare
917 3942 1032 3991 coactus
1053 3944 1107 3998 est,
1128 3916 1180 3987 sed
1209 3928 1298 4005 hujus

100 4044 191 4095 morte
208 4032 288 4090 brevi
304 4032 498 4106 contingente,
514 4029 543 4087 in
556 4032 654 4087 urbem
666 4040 858 4087 estreversus.
889 4024 972 4089 Ali&
987 4031 1124 4106 antipapa
1138 4024 1296 4104 Gregorius

97 4133 226 4200 nomine,
242 4132 291 4204 qui
303 4130 402 4188 Victor
413 4129 467 4187 IV.
483 4130 575 4186 vocari
592 4128 689 4194 voluit,
703 4129 852 4195 successit,
871 4126 922 4185 sed
943 4128 1016 4187 intra
1034 4146 1140 4206 paucos
1153 4127 1214 4185 dies
1229 4144 1295 4185 sese

96 4229 220 4309 subjecit
233 4228 362 4307 legitimo
376 4226 516 4305 pontifici.
559 4225 721 4285 Concilium
745 4225 938 4284 Laterancnse
953 4224 992 4286 ii.
1009 4229 1175 4285 11111139
1196 4225 1295 4285 habuit

96 4328 431 4484 luiiiinilimsiasurnns
456 4422 507 4490 ΙΙ.,
530 4422 609 4480 antea
632 4418 729 4480 Guido
743 4421 779 4480 de
801 4418 939 4490 Castalio,
960 4423 1001 4480 20
1021 4420 1199 4500 Septembris
1216 4424 1292 4481 1143

94 4525 214 4591 electus,
231 4525 249 4579 9
263 4520 309 4580 die
325 4521 423 4580 Martii
443 4525 517 4578 1144
532 4520 683 4578 defunctus
697 4529 751 4577 est.
794 4519 991 4598 Dignissimus
1005 4519 1061 4580 luit
1073 4520 1239 4600 pontificatu
1253 4522 1291 4580 ob

93 4622 226 4702 egregias
241 4619 332 4681 dotes.

669 4737 731 4794 33*
