2798 5092
586 346 811 407 APPENDIX.
1237 346 1301 406 stt

137 506 296 565 Ancacror
308 508 403 565 varios
416 506 492 565 circa
505 506 650 584 angelicos
662 507 780 584 spiritus
795 525 905 565 errores
921 507 1102 567 docueruut¹

139 602 295 673 Praxeas,
306 604 489 683 tertii-seculi
500 605 593 673 initio,
603 616 659 663 tres
669 622 734 663 esse
745 605 775 662 in
789 603 852 663 Deo
865 623 1003 680 personas
1014 605 1137 682 negarit,
1149 602 1301 678 Deumque

100 699 195 758 tribus
210 701 391 770 nominibus,
405 719 457 778 pro
471 701 556 759 variis
571 701 675 774 quibus
695 719 763 777 arga
778 700 909 761 homines
931 701 1044 759 functus
1059 711 1102 759 est
1124 700 1239 768 officiis,
1254 720 1302 778 ap·

97 795 204 872 pellani
218 797 351 864 asseruit,
366 798 404 858 ita
422 806 455 855 ut
475 797 570 874 ipsum
593 796 706 855 Patrem
729 815 847 873 passum
867 814 932 854 esee
953 794 1145 855 contenderet.
1188 796 1301 855 Noctua

95 891 253 970 Ephesius
270 892 392 951 eundem
408 911 532 951 errorem
555 893 753 950 vehementius
776 892 988 969 propugnavit;
1009 910 1094 966 quem
1109 892 1194 951 etiam
1216 911 1301 952 suum

95 988 172 1049 fecit
185 989 332 1049 Sabellius
345 989 523 1049 Ptolemaide
538 990 566 1048 in
581 989 678 1066 Lybia
692 1004 786 1049 uatus.
818 991 978 1049 Sectatores
993 988 1079 1066 hujus
1093 990 1197 1048 erroris
1210 991 1303 1050 vocati

96 1098 173 1147 sunt
186 1087 340 1157 Praxeaui,
358 1088 494 1147 Noetiani
509 1098 538 1146 et
551 1088 717 1147 Sabelliani.
760 1088 895 1147 Errorem
911 1089 1007 1166 ipsum
1030 1086 1175 1146 damnarit
1195 1087 1226 1147 in
1247 1090 1304 1167 Sy·

97 1185 185 1246 nodo
199 1184 394 1245 Alexandrina
408 1185 569 1262 Dionysius
584 1184 807 1248 Alexandrinus.

142 1284 267 1344 Peneus
295 1285 523 1352 Ssuosmnuur,
549 1283 722 1342 facinoribus
747 1283 877 1360 plurimis
901 1283 1167 1379 obstrictusffnno
1190 1283 1304 1344 circiter

102 1384 182 1448 262,
197 1381 296 1440 nescio
316 1401 374 1455 quo
388 1382 455 1444 fato,
471 1382 668 1458 episcopatum
688 1380 899 1440 Antiochenam
921 1380 1040 1457 adeptus
1061 1392 1114 1451 est,
1128 1400 1215 1456 quem
1236 1400 1304 1461 pes·

97 1478 182 1537 sima
208 1477 425 1546 administravit,
440 1477 602 1551 hereticam
625 1476 781 1535 doctrinam
805 1478 920 1554 flagitiis
941 1476 1109 1556 adjungens.
1152 1478 1303 1542 Christum

100 1587 175 1637 ante
190 1576 314 1635 Mariam
328 1575 418 1634 fuisse
434 1576 559 1652 negarim
573 1575 700 1633 Verbum
712 1588 807 1634 autem
820 1575 896 1649 qrtcd
911 1577 940 1636 iu
952 1577 1134 1636 cohabitavit
1147 1597 1204 1638 ucn
1215 1578 1305 1639 fuisse

97 1692 120 1731 a
142 1672 422 1740 Patre-distinctum,
437 1684 589 1746 antequam
611 1671 641 1730 in
663 1671 812 1730 Christum
837 1671 1027 1742 descenderit,
1041 1675 1169 1748 illudque
1194 1696 1303 1739 merem

94 1788 172 1829 esse
186 1769 280 1829 Patris
295 1770 426 1828 virtutem
442 1783 470 1827 et
483 1768 641 1828 efficaciam
656 1768 811 1829 contendit.
853 1769 942 1828 Error
963 1769 1011 1829 ille
1026 1772 1192 1848 reprobatus
1207 1785 1251 1832 est
1270 1776 1303 1834 in

95 1868 220 1929 duobus
244 1867 374 1927 conciliis
396 1866 596 1936 Antiochenis,
611 1867 693 1926 aunis
718 1871 787 1934 264,
813 1878 842 1925 et
861 1872 930 1936 270,
956 1877 985 1926 et
1005 1869 1113 1927 Paulus
1133 1871 1302 1950 episcopatu

94 1977 231 2034 amotum
245 1965 400 2025 Aureliano
414 1965 599 2042 imperatore,
621 1965 747 2024 Ethnicc
761 1964 838 2032 licet,
852 1964 971 2024 domum
985 1967 1179 2045 episcopalem
1198 1970 1235 2028 iis
1250 1980 1304 2029 tra·

93 2062 228 2125 dandam
247 2063 377 2140 jubente,
393 2064 497 2136 quibus
518 2061 582 2121 Itali
603 2062 744 2140 epiceopi,
760 2062 907 2121 Romanus
923 2063 1078 2139 praesertim
1094 2066 1234 2141 pontifex,
1255 2068 1304 2144 ju·

93 2162 230 2223 herent!

146 2260 393 2320 Maurcasrcrrurr
407 2269 492 2317 sactae
507 2258 588 2335 origo
603 2258 638 2317 cd
660 2258 849 2334 Scythianum
866 2244 1006 2333 q'uendam
1028 2260 1156 2331 refertor,
1170 2265 1302 2337 quamvis

94 2375 216 2418 nomen
227 2357 370 2417 aMnneta
381 2375 432 2414 seu
446 2356 608 2415 Manicbero
620 2357 719 2424 Persa,
728 2356 885 2416 derivatum
894 2357 941 2416 sit.
965 2358 1061 2418 Probo
1072 2359 1231 2437 imperante
1242 2374 1311 2421 orta·

93 2466 148 2516 cst
175 2457 239 2516 haec
261 2457 389 2515 heresis.
432 2454 498 2514 Duo
525 2456 667 2533 principia
690 2474 835 2533 suprema,
851 2457 925 2516 inter
945 2475 979 2516 sa
1000 2456 1120 2517 adverae
1133 2469 1162 2518 et
1184 2472 1298 2532 aetema,

94 2552 216 2614 mutam
231 2552 342 2611 scilicet
356 2564 384 2610 et
398 2552 515 2622 malum,
532 2554 758 2630 propugnabant.
792 2553 918 2614 Carnem
932 2573 970 2614 ex
984 2556 1101 2615 materia
1115 2567 1145 2616 et
1158 2558 1303 2619 materiam

94 2669 118 2711 a
132 2650 206 2711 mali
219 2650 361 2727 principio
375 2661 549 2726 procreatam
565 2650 741 2710 effutiebant.
784 2652 1006 2711 Generatiouem
1021 2667 1049 2711 et
1063 2655 1176 2731 nuptias
1190 2654 1305 2715 damna·

70 2818 80 2828 ι
94 2748 191 2821 bant3
214 2749 365 2809 mulierum
381 2761 476 2809 umen
490 2750 633 2809 consortio
645 2751 681 2806 iis
696 2750 837 2826 permisso
851 2751 901 2823 qui
916 2750 989 2817 inter
1003 2748 1146 2809 auditores
1160 2755 1305 2823 recensiti,

95 2852 138 2911 ad
150 2851 312 2909 electorum
326 2847 444 2925 gradum
457 2866 514 2906 non
525 2858 721 2924 pervenerant.
750 2847 965 2905 Exeorabantur
976 2847 1147 2907 Sanctorum
1158 2851 1304 2925 reliquias,

93 2949 180 3009 adeo
193 2946 352 3024 flagrabant
371 2944 437 3003 odio
453 2946 545 3003 carnis
561 2965 568 3002 ι
591 2945 701 3003 animas
715 2963 765 3021 per
780 2944 904 3002 veritatis
926 2945 1100 3021 agnitionem
1122 2966 1199 3006 nunc
1213 2968 1305 3010 resur·

95 3065 189 3125 gere,
213 3062 333 3121 corpora
356 3055 452 3102 autem
478 3061 624 3117 nunquam
649 3052 808 3103 surrectura
832 3040 989 3106 docebantr
1010 3042 1113 3102 desum
1135 3063 1172 3103 ax
1195 3046 1305 3123 Spiritu

96 3146 219 3207 Sancto
233 3154 262 3201 et
276 3154 349 3201 terra
363 3141 509 3220 patibilem
524 3142 614 3219 gigni,
624 3151 654 3199 et
667 3141 695 3199 in
711 3142 844 3199 omnibus
859 3140 954 3199 herbis
969 3149 998 3198 et
1008 3141 1154 3199 arboribus
1163 3161 1229 3202 esse
1242 3164 1307 3203 sus·

96 3260 235 3321 pensum
258 3240 442 3318 effutiebant;
465 3241 556 3299 Vetus
577 3241 796 3298 Testamentum
817 3239 1002 3318 rejiciebant;
1024 3239 1144 3299 liberum
1167 3244 1308 3320 negabant

94 3339 277 3407 arbitrium
299 3338 433 3415 baptismi
456 3339 655 3396 necessitatem
677 3338 899 3415 impugnabant;
922 3337 1028 3396 bellum
1051 3357 1109 3398 non
1132 3338 1219 3398 licere
1240 3360 1307 3401 cou-

95 3436 290 3506 tendebam·
301 3438 448 3496 Menatem
458 3436 637 3496 Paracletum
646 3456 662 3495 a
672 3436 791 3495 Christo
806 3437 979 3514 promissum
992 3436 1195 3512 predicabant3
1209 3439 1310 3499 Chris·

98 3549 170 3599 tum
186 3554 254 3595 esse
268 3535 324 3594 Dei
340 3536 471 3594 virtutem
487 3535 629 3605 dicebant,
644 3547 781 3611 negantes
802 3553 898 3594 veram
913 3554 1027 3594 carnem
1042 3535 1078 3594 ab
1099 3535 1164 3614 ipso
1178 3557 1309 3619 assump-

96 3645 179 3698 tam.
222 3634 341 3703 Vinum,
357 3643 388 3692 ut
412 3633 450 3692 tel
476 3635 612 3712 principis
634 3635 824 3702 tenebrarum,
846 3632 1075 3693 adversabantur.
1118 3634 1167 3696 Ex
1187 3650 1307 3713 utroque

98 3750 209 3795 errore
220 3731 346 3809 profecta
358 3742 403 3789 est
413 3730 461 3790 illa
472 3730 577 3808 agendi
591 3730 672 3798 ratic,
685 3730 786 3804 quaed
799 3730 998 3789 eucharistiam
1013 3732 1181 3793 accedentes
1193 3756 1210 3793 a
1221 3737 1308 3796 calice

99 3830 306 3896 abstinebunt,
319 3840 416 3888 contra
430 3829 657 3888 communiorem
672 3829 784 3887 illorum
800 3837 960 3905 temporum
976 3828 1178 3907 disciplinam:
1202 3844 1221 3870 ‘⁶
1234 3836 1306 3892 Sau-

98 3928 232 4006 guinem
248 3925 467 4004 Redemptionis
482 3939 584 3986 nostroe
606 3926 718 4003 haurire
733 3927 851 3985 omuino
865 3926 1008 3986 declinant
1018 3927 1048 3996 3⁹⁹
1064 3929 1158 4003 inquit
1171 3931 1202 3989 S.
1225 3932 1310 3992 Leo.⁴

151 4023 373 4093 Haemorrrrar,
386 4024 420 4083 ab
435 4024 559 4083 Hierace
580 4042 630 4082 seu
647 4024 793 4083 Hieracha
813 4023 891 4092 dicti,
906 4025 1003 4102 plures
1026 4026 1251 4088 Manichoeomm
1267 4048 1309 4089 ar·

101 4139 194 4181 rores
220 4121 349 4198 amplexi
374 4132 450 4192 sunt,
465 4131 677 4200 propugnantes
702 4121 819 4199 insuper
845 4121 1060 4182 Melchisedech
1083 4144 1147 4184 esse
1171 4126 1309 4204 Spiritum

100 4219 263 4280 Sanctum.

153 4416 192 4484 (l)
212 4416 338 4484 Epiphau.
349 4416 406 4468 her.
418 4418 452 4470 lx.
465 4428 467 4433 '

154 4503 193 4571 (2)
212 4504 278 4555 Vide
290 4504 427 4555 Eusebium
437 4507 455 4556 l.
466 4506 507 4557 vii.
518 4505 575 4558 hist.
586 4506 656 4558 Eccl.
668 4523 689 4557 c.
700 4507 771 4560 xxiii.
780 4508 845 4562 xxlr.

156 4588 195 4652 (tt
215 4591 282 4654 Aac.
292 4591 310 4642 l.
320 4606 364 4641 xx.
375 4598 459 4641 corruo
470 4591 591 4644 Faustum
603 4610 624 4645 c.
635 4593 687 4644 xxi.
697 4601 729 4645 et.
741 4595 826 4647 Lxxii.
843 4592 907 4645 Vide
917 4601 942 4645 et
952 4594 969 4647 l.
980 4594 1011 4647 ds
1020 4593 1078 4648 hser.
1089 4612 1111 4648 c.
1120 4596 1180 4651 xlvi.

157 4672 196 4743 (4)
215 4677 296 4730 Serm.
306 4676 366 4728 xliv·
376 4677 406 4727 ds
419 4677 621 4741 Quodrsgosima.
