2798 5092
95 333 154 393 240
398 329 456 395 Du
476 329 769 393 anrlruutrtrr
791 330 992 397 AETHRNL·

93 504 139 553 tur
151 492 247 571 operis
261 491 335 568 ejus,
346 488 480 567 etdispar
492 491 622 550 meritum
637 490 741 566 equali
755 491 885 551 mercede
896 488 1095 568 compenset.”
1119 531 1128 549 .
1144 531 1153 548 .
1170 531 1179 548 .
1202 487 1292 548 Certe

8 639 14 664 χ
93 591 262 649 internatus
285 586 435 647 mulierum
461 605 519 645 non
541 588 663 647 surrexit
684 588 775 665 major
794 588 907 648 Joanne
926 588 1066 666 Baptista.
1108 586 1169 647 Ubi
1194 595 1291 647 antem

90 688 182 766 major
194 686 305 753 dicitur,
320 703 439 743 necesse
452 695 497 743 est
509 696 541 744 ut
553 694 670 746 ceteros
684 685 814 745 babuerit
831 687 967 746 minores.
1009 687 1050 746 Et
1073 686 1124 761 qni
1146 685 1285 745 minimus

92 794 137 845 est
150 784 179 843 in
194 800 282 860 regno
297 781 433 840 ccelorum
448 782 539 859 major
557 793 601 841 est
615 781 676 842 illo.
717 781 807 841 Vides
821 801 889 860 ergo
910 781 986 858 quod
1006 783 1036 841 in
1050 782 1131 841 coelis
1145 782 1185 842 sit
1199 781 1292 841 maxi·

92 900 157 943 mns
171 893 199 941 et
212 882 358 943 minimus,
373 889 402 938 et
415 879 488 937 inter
501 880 618 958 angelos
638 899 753 956 quoqne
767 889 796 939 et
809 882 967 941 invisibiles
986 891 1128 943 creaturae
1143 881 1183 941 sit
1196 880 1295 940 multi=

93 978 161 1057 plex
174 988 203 1037 et
221 978 332 1038 infinita
345 975 529 1036 diversitas.”
553 1019 561 1035 .
584 1019 593 1037 .
616 1019 624 1036 .
647 987 667 1015 ‘⁶
679 977 745 1045 Qua
758 979 966 1052 consequentia
978 978 1018 1037 ibi
1033 978 1087 1037 erit
1108 978 1250 1037 minimus
1263 988 1294 1036 et

92 1078 245 1145 maximus,
260 1077 286 1136 si
300 1093 401 1137 omnes
415 1073 539 1148 equares
553 1074 639 1135 futuri
652 1076 762 1135 suntl”
785 1118 794 1135 .
817 1118 824 1136 .
848 1118 856 1135 .
879 1076 975 1137 “Jam
996 1076 1085 1137 nostri
1105 1075 1214 1135 laboris
1235 1087 1292 1145 est,

92 1193 144 1253 pro
157 1174 318 1235 diversitate
332 1173 461 1232 laborum
475 1172 588 1231 diverso
600 1173 682 1232 nobis
697 1191 854 1251 preparare
869 1173 1021 1252 premia.”
1038 1215 1047 1232 .
1074 1215 1083 1233 .
1106 1216 1116 1232 .
1143 1171 1293 1233 loriniani

92 1281 245 1332 sectatores
268 1270 380 1349 arguit:
409 1269 641 1343 “Nequicquam
662 1271 804 1348 episcopi,
829 1271 931 1331 frustra
955 1271 1096 1349 episcopi,
1120 1271 1185 1330 sine
1204 1289 1295 1331 causa

91 1367 205 1428 diaconi
225 1379 301 1427 sunt.
342 1366 418 1434 Quid
434 1378 616 1443 perseverant
639 1367 788 1445 virginesl
829 1367 907 1436 Quid
922 1368 1052 1428 laborant
1068 1367 1188 1427 viduet
1230 1367 1294 1427 Cur

92 1465 226 1525 maritate
240 1482 272 1523 :e
286 1462 453 1525 continenti
475 1463 633 1523 Peccemns
645 1482 756 1533 omues,
764 1474 794 1524 et
806 1476 873 1542 post
886 1465 1081 1543 penitentiam
1091 1463 1170 1524 idem
1182 1463 1293 1525 erimus

92 1560 170 1635 quod
183 1561 315 1639 Apostoli
326 1557 439 1619 suut.”²

495 1756 694 1800 obsecutorem
708 1757 892 1799 SOLVUNTUR·

131 1903 160 1958 8.
195 1896 262 1976 obj.
292 1901 317 1956 1.
348 1897 519 1958 lovinianus
555 1897 630 1976 apud
658 1898 872 1977 Hieronymum
903 1878 1074 1977 objiciebat:
1107 1904 1128 1933 ‘⁶
1141 1894 1291 1974 Operariis

91 1998 191 2077 primas
205 1997 282 2057 horae
296 2006 325 2055 et
337 1997 424 2055 tertie
439 2006 467 2055 et
488 2007 577 2055 sexte
597 2007 627 2055 et
646 2016 729 2057 nonae
743 2009 771 2056 et
784 1995 944 2056 undecimas
958 2014 1032 2055 unus
1047 1993 1182 2053 denarius
1196 2012 1292 2068 aequa·

91 2094 154 2155 liter
167 2094 311 2159 redditur:
333 2105 362 2153 et
375 2112 432 2168 quo
448 2094 538 2172 magis
553 2093 712 2164 admireris,
726 2094 762 2153 ab
773 2095 818 2154 his
833 2094 935 2172 incipit
948 2093 1111 2171 premium,
1126 2092 1177 2167 qui
1192 2092 1291 2152 mitius

91 2193 121 2252 in
136 2193 218 2251 vinea
231 2189 437 2250 laborarunt.”¹
1161 2256 1164 2262 ,

129 2290 219 2370 Resp.
242 2289 346 2348 Verbis
361 2288 556 2366 Hieronymi:
579 2289 668 2349 “Hic
693 2309 752 2350 non
776 2289 861 2348 unius
876 2288 1025 2366 temporis,
1048 2296 1077 2347 et
1097 2288 1184 2347 unius
1197 2288 1292 2347 artatis

91 2389 226 2448 homines
241 2386 448 2456 describuntur,
465 2387 515 2445 sed
535 2387 570 2445 ab
591 2388 710 2448 exordio
723 2387 822 2448 mnndi
845 2405 936 2461 usqne
952 2385 1086 2445 adfinem
1109 2386 1293 2446 vocationum

92 2496 268 2544 sacramenta
282 2495 349 2542 sunt
359 2482 545 2542 diversarum.
580 2485 678 2543 Prima
692 2485 762 2544 hora
777 2495 893 2544 vocatus
908 2498 953 2543 est
966 2484 1038 2543 Abel
1052 2494 1081 2543 et
1093 2483 1165 2542 Seth
1179 2504 1187 2543 r
1210 2483 1293 2544 tertia

91 2581 195 2642 Enoch
207 2594 236 2640 et
247 2581 334 2640 Noe:
351 2590 432 2639 sexta
443 2581 597 2650 Abraham,
610 2582 691 2641 Isaac
702 2592 731 2641 et
740 2582 849 2641 Jacob:
865 2601 941 2642 nona
951 2582 1074 2660 Moyses
1085 2593 1115 2641 et
1124 2582 1293 2660 prophetae:

91 2678 241 2738 undecima
255 2680 382 2756 gentiunt
398 2678 542 2757 populus:
559 2680 606 2738 cui
620 2680 712 2757 primo
725 2678 852 2739 redditur
862 2697 984 2748 merces,
996 2682 1065 2754 quia
1077 2679 1108 2738 in
1118 2680 1292 2741 crucifixum

91 2777 209 2839 credens
235 2777 403 2846 Dominum,
432 2776 597 2836 difficultate
621 2777 688 2836 fidei
716 2777 943 2856 magnitudinem
968 2779 1072 2838 meruit
1091 2779 1290 2856 praemiorum.

93 2875 235 2949 Multique
250 2892 332 2952 reges
346 2884 374 2933 et
388 2873 534 2953 prophetae
549 2875 723 2948 quaesierunt
745 2873 843 2934 videre
863 2894 926 2949 quas
940 2874 1082 2943 videmus,
1098 2887 1126 2934 et
1140 2894 1200 2934 non
1215 2875 1292 2934 ride·

91 2984 166 3035 runt.
208 2973 292 3032 Unus
315 2984 408 3032 autem
432 2971 575 3041 denarius,
590 2990 648 3031 non
674 2992 762 3032 unum
784 2982 829 3032 est
848 2973 1009 3051 praemium,
1035 2972 1086 3031 sed
1100 2991 1159 3032 una
1172 2974 1242 3043 vita,
1263 2982 1292 3033 et

90 3089 147 3131 una
160 3069 196 3129 de
209 3070 341 3148 gehenna
351 3068 527 3128 liberatio.’'⁸
568 3069 599 3127 S.
615 3070 793 3147 Augustinus
808 3069 892 3128 aliam
914 3070 1021 3146 prebet
1043 3072 1289 3147 responsionem:

92 3168 175 3227 “Ille
189 3166 321 3226 denarius
338 3165 393 3223 rita
414 3176 517 3223 aeterna
542 3175 595 3233 est,
617 3174 646 3223 et
666 3167 695 3225 iu
717 3166 900 3224 vitaaeterna
921 3183 1022 3224 omnes
1048 3165 1173 3240 aequales
1197 3178 1289 3225 erunt.

90 3265 230 3334 Quamvis
243 3265 320 3322 enim
336 3263 501 3321 meritorum
516 3261 677 3320 diversitate
692 3263 850 3341 fulgebunt,
866 3262 937 3321 alius
960 3263 1063 3340 magis,
1078 3263 1152 3322 alius
1168 3266 1287 3324 minus:

91 3364 167 3436 quod
180 3372 275 3422 tamen
290 3360 325 3420 ad
340 3361 426 3419 vitam
451 3371 583 3419 aeternam
609 3362 741 3438 pertinet,
756 3360 876 3435 aeqnalis
890 3360 944 3419 erit
956 3361 1111 3420 omnibus:
1134 3381 1193 3422 nou
1209 3364 1288 3424 enim

91 3460 136 3518 alii
152 3460 275 3527 brevius,
291 3458 370 3516 alteri
383 3457 507 3535 longius,
519 3457 596 3532 quod
610 3459 715 3536 pariter
728 3469 865 3518 aternum
878 3457 968 3516 est.”⁴

130 3558 158 3613 9.
183 3553 250 3634 Obj.
265 3561 294 3613 2.
316 3554 422 3628 Liquet
446 3553 548 3612 “duos
574 3572 638 3612 esse
661 3554 776 3614 ordines
797 3554 893 3613 orium
924 3564 952 3613 et
976 3553 1139 3613 hircorum:
1162 3554 1284 3616 alterum

87 3657 240 3732 justorum,
257 3652 373 3710 alterum
397 3665 595 3728 peccatorum:
619 3651 690 3710 alios
710 3661 784 3710 stare
806 3672 822 3710 a
842 3652 960 3720 dextris,
976 3651 1046 3710 alios
1062 3653 1236 3712 asinistris:
1259 3665 1288 3712 et

91 3749 187 3809 andire
204 3747 319 3825 justos:
342 3747 458 3814 Venite,
471 3746 612 3806 benedicti
635 3749 722 3824 patris
737 3750 807 3818 mei,
821 3748 966 3827 possidete
981 3757 1107 3825 paratunr
1125 3751 1209 3809 vobis
1224 3770 1287 3829 reg·

91 3868 159 3909 num
174 3868 190 3906 a
204 3846 407 3905 constitutione
421 3845 567 3904 mundi.”⁵
607 3846 651 3904 Ita
661 3845 842 3905 Jovinianus.

126 3947 214 4025 Hesp.
238 3943 435 4021 Hieronymus
449 3944 553 4002 iterum
567 3943 714 4004 audiatur:
736 3954 755 3983 “
768 3945 908 4004 Parabola
934 3947 988 4005 ista
1010 3963 1068 4005 non
1092 3946 1193 4006 ovium
1210 3949 1287 4008 iuter

90 4062 122 4102 se
137 4044 246 4109 merita,
262 4053 291 4098 et
312 4058 328 4098 e
350 4039 491 4099 contrario
505 4039 641 4099 describit
653 4040 808 4110 hircorum,
824 4040 874 4100 sed
896 4043 969 4100 inter
989 4059 1058 4099 oves
1073 4051 1101 4099 et
1118 4041 1216 4102 hircos
1231 4055 1288 4104 tan·

91 4155 150 4200 tum
171 4140 332 4199 distantiam
347 4139 424 4199 lacit.
466 4139 571 4212 Neque
585 4139 663 4199 enim
678 4141 708 4200 in
721 4140 854 4200 omnibus
869 4140 940 4199 locis
961 4140 1098 4200 docentur
1111 4143 1221 4212 omnia,
1236 4143 1288 4203 sed

90 4256 264 4310 unaqueque
279 4235 434 4295 similitudo
456 4233 493 4292 ed
509 4233 539 4292 id
562 4235 691 4306 refertur,
706 4239 792 4316 cnjus
803 4239 960 4299 similitudo
975 4237 1049 4297 est”
1076 4278 1084 4296 .
1108 4280 1116 4297 .
1140 4283 1148 4299 .
1174 4241 1287 4301 “Stant

385 4413 428 4480 (l)
448 4410 515 4462 L.·ii.
526 4412 582 4462 adv.
593 4411 717 4467 lovinion.

386 4501 425 4566 (2)
444 4499 546 4550 Ibidem.

389 4587 431 4654 (3)
450 4587 553 4637 Ibidem.

390 4673 432 4738 (4)
453 4671 531 4722 Sorm.
543 4671 584 4722 lvi.
594 4671 627 4723 ds
637 4672 717 4724 verbis
727 4670 830 4724 Domini
840 4687 863 4735 c,
872 4673 906 4724 ir.

386 4755 430 4826 (b)
449 4756 480 4809 L.
496 4757 523 4810 ii.
533 4757 587 4809 ads.
597 4757 678 4810 loriu.
