2812 5092
579 362 805 424 APPENDIX.
1231 366 1291 423 386

95 539 151 594 qua
165 522 298 600 antipapa
309 533 338 581 et
351 522 414 600 eju·
435 531 588 581 sectatores
608 521 734 580 damnati
752 531 829 581 sunt.
872 522 1043 596 Pluraque
1064 521 1100 581 de
1121 523 1198 583 vitiis
1224 525 1289 600 ejus

97 633 126 678 et
139 621 197 678 line
210 620 333 679 infausto
347 631 442 680 narrat
456 619 661 697 luitprandus,
677 630 759 679 caute
774 629 840 678 sunt
853 620 1035 697 excipienda,
1050 639 1139 694 quum
1151 623 1292 699 antipapae

98 715 183 774 fuerit
196 715 336 776 addictus.
376 717 482 776 Ioanni
497 728 592 775 umen
606 729 693 776 atram
708 728 803 776 notam
814 717 900 775 inurit
913 717 1078 776 Batonius.
1109 717 1242 777 Decessit
1254 721 1294 776 25

100 814 174 891 MaJi
187 818 256 874 964.

140 916 206 969 139.
228 913 422 970 Bannmcans
437 911 474 969 V.
490 912 637 970 sanctitate
657 923 690 970 et
711 911 820 970 meritis
841 896 1016 989 conspicuus
1037 911 1145 970 electus
1167 922 1221 980 est,
1243 912 1295 970 sed

98 1010 232 1086 antipapa
253 1010 331 1068 brevi
356 1010 391 1067 ab
413 1006 518 1068 Ottone
539 1018 582 1067 est
603 1010 704 1067 iterum
726 1010 862 1077 intrusus,
884 1008 1042 1067 Benedicta
1063 1009 1093 1067 in
1109 1010 1296 1068 Germaniam
1328 1052 1331 1059 ,

98 1107 230 1175 bbducto,
245 1108 294 1166 ubi
308 1095 383 1166 anno
397 1107 530 1181 sequenti
552 1120 679 1166 mortuus
699 1115 753 1165 est.
794 1105 908 1166 Eodem
930 1126 1005 1197 anno
1025 1108 1161 1185 antipapa
1181 1117 1227 1165 est
1241 1125 1292 1166 ex·

99 1205 217 1263 tinctus.

141 1306 207 1361 133.
228 1302 366 1361 Ioannes
380 1301 464 1361 XIII.
481 1252 584 1361 deinde
599 1302 760 1377 cathedram
774 1303 874 1362 tenuit.
917 1303 1087 1362 Ottonem
1076 1303 1221 1381 juniorem
1235 1322 1297 1362 cor·

100 1401 197 1458 onavit
211 1400 422 1476 imperatorem.
466 1400 512 1458 Eo
533 1399 650 1458 sedente
669 1400 775 1458 Poloni
790 1400 825 1459 ad
846 1399 932 1459 fidem
953 1401 1086 1459 conversi
1099 1413 1175 1471 sunt,
1190 1409 1219 1458 et
1232 1397 1300 1458 fidei

99 1516 247 1574 praecones
262 1498 292 1555 in
307 1495 489 1556 Wandaliam
505 1498 597 1555 missi.
640 1496 719 1556 Obiit
734 1502 751 1555 8
767 1497 835 1556 ldus
850 1499 1027 1574 Septembris
1042 1501 1112 1558 972.

142 1599 207 1654 134.
230 1596 424 1654 Banunrcrus
439 1595 491 1655 Vl.
508 1597 560 1654 sub
575 1596 663 1654 finem
675 1596 844 1654 Decembris
859 1595 966 1655 electus
981 1606 1035 1666 est,
1046 1596 1096 1655 sed
1110 1606 1176 1674 post
1192 1614 1298 1655 annum

99 1712 192 1761 inrum¹
203 1703 231 1751 et
246 1712 359 1752 menses
374 1703 431 1752 tres
457 1694 486 1752 ιιι
509 1712 651 1752 carcerem
674 1704 767 1751 trusus
783 1703 811 1752 et
825 1694 1015 1771 strangulatus
1037 1704 1091 1762 est,
1106 1714 1123 1752 a
1137 1695 1298 1760 Francone,

94 1789 440 1863 'cardinali'nequissimm
458 1808 533 1849 anno
547 1794 617 1850 974.

143 1892 219 1947 135.
234 1887 338 1947 Douus
357 1887 397 1947 ll.
412 1889 561 1956 successit,
576 1889 654 1947 brevi
669 1888 704 1946 ad
719 1889 1077 1965 superostransfcrendus,
1092 1907 1167 1949 anno
1178 1893 1248 1950 975.

141 1989 206 2043 136.
229 1985 422 2044 Banuorcrns
435 1984 502 2042 Vll.
530 1996 593 2044 ante
608 1985 684 2044 diem
698 1990 737 2044 25
752 1986 850 2045 Martii
865 1987 981 2054 electus,
993 1985 1068 2043 sedit
1080 1992 1169 2045 annos
1185 2005 1300 2054 novem,

99 2092 129 2138 et
143 2098 255 2138 menses
270 2080 387 2153 aliquot,
403 2080 552 2139 defunctus
570 2086 606 2139 10
618 2081 635 2139 J
640 2081 689 2138 ulii
703 2084 772 2140 984.
815 2081 959 2158 Sergium
972 2081 1182 2157 metropolitam
1192 2081 1298 2139 Dama·

100 2198 218 2238 scenum
234 2199 250 2236 a
264 2179 414 2236 Saracenis
428 2179 581 2254 expulsum
604 2180 816 2256 perhumaniter
831 2181 955 2258 excepit.
979 2178 1098 2256 Synodo
1113 2180 1208 2238 habita
1221 2179 1299 2238 dam·

100 2277 179 2334 navit
193 2277 355 2353 antipapam
371 2277 562 2336 Bonifacium.

96 2356 98 2362 ¹
143 2377 209 2454 137.
230 2373 367 2431 loannes
381 2371 464 2437 XIV.
479 2375 629 2441 successit,
652 2375 703 2432 sad
725 2376 759 2432 ab
785 2377 919 2452 antipapa
942 2373 1074 2434 detrusus
1099 2375 1188 2433 estin
1204 2393 1299 2433 carce·

99 2491 172 2540 rem,
187 2473 235 2531 ubi
248 2473 318 2530 obiit
332 2492 406 2530 anno
421 2475 489 2531 985.
532 2473 698 2532 Bonifacius
721 2475 824 2551 pariter
845 2473 948 2532 eodem
966 2492 1042 2532 anno
1056 2474 1127 2532 obiit
1142 2483 1233 2533 morte
1254 2491 1297 2532 re·

101 2572 219 2648 pentina
234 2571 393 2646 perculsus.

144 2673 210 2727 138.
231 2668 368 2726 Joarruus
382 2666 451 2727 XV.
467 2687 565 2727 mense
580 2670 750 2728 Decembris
766 2673 825 2728 985
842 2668 988 2728 ordinatus
1004 2680 1048 2727 est
1061 2669 1204 2746 pontifex.
1248 2669 1301 2728 Le·

100 2777 197 2846 gatum
226 2767 303 2825 misit
329 2776 360 2824 ut
380 2767 562 2825 concordiam
583 2766 747 2825 conciliaret
768 2768 841 2825 inter
858 2763 1048 2848 Ethelredum
1069 2767 1181 2843 Angliae
1204 2785 1300 2845 regem

100 2877 129 2923 et
149 2863 304 2923 Ricardum
330 2861 561 2928 Normannorum
591 2863 713 2923 ducem:
736 2863 814 2938 quod
842 2863 962 2921 feliciter
989 2863 1016 2920 ei
1043 2865 1193 2924 successit.
1222 2864 1304 2926 Obiit

103 2980 179 3020 anno
193 2963 262 3019 996

109 3038 210 3118 139.
234 3059 410 3118 Gaueoruus
430 3057 577 3127 V,antea
599 3039 697 3118 Bruno
717 3070 908 3134 nuncupatus,
931 3058 1085 3136 plurimrs
1077 3077 1200 3137 insignis
1215 3061 1322 3152 virtu
1375 3126 1381 3137 ι

102 3160 177 3216 tibris
188 3159 260 3216 duos
270 3178 370 3226 annos,
382 3177 496 3216 menses
505 3169 580 3227 octo,
593 3159 654 3216 dies
665 3176 717 3215 sex
727 3158 809 3215 sedit.
833 3156 1138 3226 Crescentius,Rornae
1151 3118 1360 3235 ιιιιιιιιιιι,”ἰ

101 3257 243 3315 Ioannem
270 3255 468 3313 Placentinum
489 3257 657 3332 episcopum
685 3256 848 3331 antipapam
871 3255 987 3322 creavit,
1003 3272 1089 3327 quem
1110 3253 1273 3314 ludibrio'
1248 3275 1334 3314 ιιι·-

101 3350 256 3409 cumducr
244 3365 334 3430 jussit
359 3352 456 3409 Otto
451 3363 616 3428 imperator,
633 3352 802 3408 crescentio
826 3352 928 3428 capitis
954 3352 1099 3409 damnato.
1142 3351 1304 3413 Coronavit
1320 3326 1403 3380 ”“’··

102 3449 238 3515 Ottonem
265 3448 319 3506 lll.
334 3450 534 3525 imperatorem
559 3447 696 3525 pontifex.
740 3448 865 3524 Nuptias
889 3466 960 3521 quas
977 3449 1120 3506 Robertus
1137 3443 1351 3510 Galliarum
1375 3450 1386 3489 1

101 3566 153 3605 rex
174 3566 239 3605 cum
265 3547 350 3605 Berta
374 3548 586 3624 consanguinea
600 3566 651 3604 sua
665 3560 853 3614 contraxerat,
880 3545 1007 3614 rescidit,
1038 3557 1136 3624 utpote
1163 3549 1298 3608 incestas.
1326 3559 1353 3638 ι’

106 3645 187 3702 Obiit
203 3648 239 3702 18
254 3645 402 3703 Februarii
417 3648 486 3704 999.

148 3744 213 3799 140.
236 3741 412 3799 Sunvasrua
436 3742 487 3809 ll.,
511 3754 591 3801 antea
617 3743 783 3809 (imbertus,
808 3741 912 3800 Galliis
935 3740 1082 3810 oriundus,
1105 3743 1207 3803 humili
1221 3745 1300 3813 loco,

105 3839 184 3916 prius
199 3837 431 3914 archiepiscopus
447 3839 611 3905 Remensis,
627 3839 763 3915 deinceps
780 3839 1017 3906 Ravennatensis,
1033 3840 1146 3899 tandem
1168 3841 1300 3917 pontifex

103 3946 214 3994 creatus
229 3947 282 4002 est,
297 3935 402 3994 Ottone
415 3935 535 3994 favente.
578 3937 750 3995 Liberalium
764 3938 875 4005 artium,
888 3956 960 4011 quas
974 3938 1004 3996 in
1019 3932 1122 3997 Galliis
1138 3939 1295 4008 suscitavit,

1328 3227 1374 3281 ’1

100 4180 245 4246 pontificem
255 4180 302 4230 sibi
312 4179 435 4231 addictum
446 4171 586 4242 creandam,
598 4181 704 4232 Romani
715 4182 795 4232 virum
807 4182 853 4232 sibi
867 4183 953 4233 utilem
971 4191 996 4234 et
1014 4192 1142 4249 acceptum
1153 4185 1300 4248 querebant,

102 4266 209 4339 ideoque
220 4267 291 4316 facile
302 4266 458 4328 contingebat
475 4276 504 4317 nt
521 4284 625 4333 quaeque
644 4268 716 4318 factio
733 4269 875 4333 pontificem
891 4268 1037 4330 designaret.
1070 4269 1113 4319 Ex
1130 4286 1179 4334 quo
1198 4270 1300 4322 Patricii

102 4351 211 4414 dignitas
219 4351 315 4401 familiae
324 4350 487 4414 Oarolvingire
499 4354 589 4402 tributa
596 4361 641 4414 est,
649 4363 674 4403 et
682 4353 813 4419 imperialis
821 4356 934 4423 majestas
941 4353 1056 4418 deinceps
1063 4354 1153 4416 agnita,
1170 4357 1226 4420 jura
1237 4372 1301 4419 qua·

102 4438 160 4487 dam
171 4437 194 4486 ei
213 4439 388 4500 competebant,
400 4454 454 4500 qua
467 4447 548 4488 tamen
560 4454 610 4488 non
623 4440 682 4488 satis
697 4447 766 4490 erant
782 4439 889 4499 delinita,
901 4445 925 4488 et
936 4440 966 4488 ab
977 4439 1060 4489 invitis
1071 4441 1214 4505 plerumque
1226 4449 1303 4492 extor·

102 4523 248 4586 quebantur
281 4520 351 4582 Qui
344 4523 418 4584 rgitur
436 4524 545 4586 graviora
562 4525 626 4573 mala
643 4525 733 4588 quibus
745 4539 859 4591 oppressa
866 4525 944 4590 jacuit
955 4540 984 4574 ca
1001 4532 1072 4574 etate
1083 4525 1194 4575 Ecclesia
1206 4528 1303 4590 cogitat,

101 4608 175 4657 debet
185 4607 295 4657 civilium
306 4624 386 4658 rerum
398 4609 562 4660 conditionem
574 4626 622 4674 prae
630 4611 707 4660 oculis
719 4611 814 4670 habere,
822 4618 847 4660 at
857 4625 937 4660 rerum
949 4626 1094 4672 cognoscere
1101 4626 1194 4661 canses

147 4692 225 4751 Vor..
241 4693 292 4750 lV.
294 4698 373 4751 -33
