2812 5092
148 356 207 412 aas
474 322 978 418 uu¹rrtiuuasr1urrrouu

144 512 195 572 aad
208 531 309 573 omnes
322 512 358 571 ad
372 512 565 591 poenitentiam
579 513 729 573 reverti.’'²
769 514 854 574 Mora
868 515 917 574 illa
930 516 1079 594 contingit,
1094 524 1128 574 ut
1142 514 1353 592 peecatoribus'

148 613 320 689 poenitsntiae
341 612 379 671 sit
398 613 489 681 locus,
504 632 560 687 qua
584 614 728 672 interitum
752 614 891 673 evadant:
914 614 992 674 nullo
1018 616 1104 692 igitur
1129 615 1269 674 absoluto
1292 615 1343 674 Dei

145 708 258 768 decreto
283 709 406 768 interitui
420 708 606 771 destinantur,
620 709 671 768 sed
686 729 721 768 eo
747 722 853 770 tantum
868 730 946 779 casu,
962 730 1021 786 quo
1040 713 1249 789 penitentiam
1269 731 1342 791 agere

148 818 290 865 recusent.

190 909 253 963 tuo.
275 904 309 963 ln
330 904 376 963 die
393 903 497 983 judicii
518 904 652 963 Christus
673 904 800 963 dicturus
822 917 865 963 est
884 907 1031 983 reprobis:
1054 907 1245 966 “Discedite
1266 928 1283 966 a
1304 927 1343 966 me

149 1001 289 1063 maledicti
298 1004 328 1060 in
342 1003 438 1080 ignem
449 1012 595 1070 aternum,
603 1002 652 1075 qui
661 1012 773 1079 paratus
785 1014 829 1060 est
838 1002 959 1071 diabolo,
971 1013 1000 1062 et
1010 1006 1121 1083 angelis
1132 1007 1218 1083 ejus:
1234 1006 1343 1065 Esuriti

145 1100 232 1168 enim,
247 1109 276 1157 et
289 1119 347 1159 non
360 1098 478 1158 dedistis
500 1100 570 1157 mihi
591 1098 808 1158 manducare.’'⁹
848 1100 893 1158 Ea
914 1110 957 1158 est
977 1121 1063 1160 causa
1080 1102 1219 1162 interitus
1242 1105 1342 1171 aterni,

147 1195 223 1270 quod
234 1196 410 1274 neglexerint
421 1197 533 1273 reprobi
544 1195 686 1255 charitatis
696 1195 800 1263 officia,
813 1196 858 1254 rel
870 1197 925 1255 alia
935 1200 1032 1257 munia
1042 1199 1197 1258 christiani
1210 1201 1341 1260 hominis.

145 1293 214 1352 Non
228 1293 312 1370 igitur
324 1293 381 1351 Dei
396 1293 525 1352 voluntas
537 1302 565 1351 et
580 1292 726 1351 decretum
741 1311 826 1350 causa
841 1294 1046 1370 suppliciorum
1061 1296 1169 1369 quibus
1182 1306 1343 1371 torquentur

147 1391 229 1469 impii
244 1390 406 1450 habendum
423 1403 475 1449 est.

187 1487 338 1548 Probatur
352 1487 395 1546 II.
411 1505 448 1546 aa
461 1485 617 1546 Patribus.

188 1591 253 1646 126.
276 1588 372 1654 Quum
386 1587 577 1663 Augustinurn
592 1598 620 1644 et
634 1588 696 1665 ejus
711 1586 868 1665 discipulos
883 1589 1008 1648 maxime
1029 1589 1178 1665 appellent
1193 1589 1339 1648 Praedesti·

145 1684 261 1750 uatiani.
287 1683 341 1742 hos
369 1684 523 1761 prasertim
545 1696 630 1742 testes
652 1683 763 1742 damus.
807 1686 999 1744 Aucusrruus
1027 1686 1114 1745 dicits
1147 1687 1253 1746 “Hoc
1280 1707 1341 1766 ergo

147 1783 254 1840 bonum
270 1781 346 1854 quod
360 1789 405 1838 est
417 1781 560 1854 requirere
575 1779 680 1849 Deum,
696 1800 754 1840 non
774 1791 834 1840 erat
854 1784 904 1857 qui
924 1783 1037 1853 faceret,
1052 1803 1110 1843 non
1124 1794 1189 1842 erat
1203 1802 1296 1859 usque
1311 1784 1340 1843 ad

145 1893 247 1947 unum,
262 1878 357 1937 sedin
372 1896 525 1954 eogenere
545 1877 694 1937 hominum
709 1879 787 1953 quod
812 1879 1040 1956 praedestinatum
1061 1890 1107 1939 est
1126 1881 1164 1938 ad
1186 1881 1338 1942 interitum.

147 1977 242 2056 Super
262 1977 315 2035 lros
330 1977 407 2035 enim
428 1977 554 2052 respexit
568 1974 626 2034 Dei
646 1977 835 2052 praescientia,
857 1977 1029 2054 protulitque
1049 1978 1276 2037 sententiam.”⁸
1312 1974 1341 2038 ln

148 2073 210 2133 lraeo
236 2073 429 2151 magistri-sui
450 2073 534 2131 verba
557 2072 654 2129 scribit
674 2072 861 2150 Fulgentius:
884 2074 993 2131 “Satis
1019 2073 1169 2133 evidenter
1197 2076 1246 2133 his
1269 2075 1341 2134 dictis

147 2171 280 2239 ostendit,
295 2173 362 2245 quia
375 2169 455 2228 Deus
470 2178 586 2246 peccata
601 2168 840 2251 hominumrvidit
853 2171 955 2244 quibus
970 2171 1140 2230 sententiam
1165 2172 1343 2250 praedestina·

148 2269 226 2327 tione
240 2266 403 2327 dictavit.”⁴

190 2369 258 2425 127.
281 2366 458 2442 Augustinus
474 2367 595 2425 iterum:
619 2365 751 2424 “Bonus
776 2374 820 2422 eat
839 2363 930 2431 Deus,
948 2364 1044 2440 justus
1064 2373 1109 2421 est
1130 2362 1237 2422 Densa
1260 2375 1343 2443 potest

145 2463 256 2537 aliquos
271 2463 332 2520 sine
347 2464 429 2521 bonis
444 2464 553 2522 meritis
567 2463 696 2530 liberare,
712 2464 779 2534 quia
794 2464 961 2520 bonusest:
984 2480 1042 2521 non
1057 2473 1154 2538 potest
1169 2481 1340 2538 quemquam

144 2562 207 2618 sine
220 2560 303 2618 malis
318 2560 425 2617 meritis
440 2560 584 2626 damnare,
600 2560 666 2632 quia
684 2561 779 2635 justus
800 2557 891 2616 est.”⁵
932 2559 972 2617 Et
992 2559 1061 2616 alias
1082 2557 1205 2618 Julieuo
1226 2579 1337 2638 respou-

145 2659 215 2718 dens
230 2658 277 2716 ait.
320 2666 339 2693 ‘⁴
353 2658 422 2716 Non
444 2658 566 2715 abstinet
590 2657 671 2715 Deus
692 2659 799 2714 bonum
823 2656 1000 2716 formationis
1024 2658 1194 2716 succedam
1221 2661 1338 2737 astirpa

146 2757 285 2815 &mnata
327 2754 386 2814 Sed
406 2755 433 2812 si
447 2755 497 2813 tibi
518 2754 650 2832 displicet
666 2755 761 2813 Deum
782 2773 878 2812 creare
894 2773 966 2828 quos
988 2753 1126 2823 damnet3
1148 2756 1297 2815 contradic
1308 2757 1339 2822 ei,

146 2856 172 2913 si
186 2849 278 2932 potes,
293 2872 329 2925 ne
340 2863 416 2912 creet
428 2871 490 2920 eos,
506 2871 578 2927 quos
594 2852 685 2911 melos
700 2851 820 2919 futuros,
833 2862 862 2909 et
876 2853 905 2910 in
915 2852 1089 2928 malignitate
1103 2870 1202 2927 usque
1217 2855 1251 2912 in
1266 2855 1339 2913 lineus

147 2961 385 3032 perseveraturos,
400 2961 429 3009 et
454 2952 490 3010 ob
515 2951 570 3009 hoc
595 2953 658 3008 sine
672 2949 855 3008 dubitationae
880 2948 1055 3008 damnandos
1069 2967 1136 3008 esse
1158 2950 1341 3029 praescirit.''⁵

147 3049 188 3109 Et
201 3051 288 3109 alias:
312 3050 420 3116 “Quos
435 3066 526 3122 usque
541 3048 570 3106 in
591 3048 679 3106 linem
699 3046 763 3103 sine
778 3046 945 3123 poeuitentia
966 3046 1090 3104 victuros
1104 3047 1137 3105 in
1153 3047 1301 3125 impietate
1314 3067 1339 3106 aa

146 3150 300 3209 sceleribus
328 3149 408 3207 suis:
438 3167 471 3204 aa
498 3166 550 3224 per
576 3146 631 3204 hoe
652 3154 758 3203 aeterno
779 3145 923 3222 supplicio
944 3144 1105 3222 puniendos
1129 3146 1266 3224 ignorare
1291 3165 1338 3207 uon

148 3260 242 3326 potest
256 3247 392 3324 praescius
407 3245 535 3303 omnium
550 3241 759 3301 futurorum.”⁷

151 3357 160 3379 t
188 3343 480 3403 resupinarum
504 3338 578 3396 “Hi
604 3337 638 3395 ds
663 3339 766 3412 quibus
789 3337 909 3396 dicitur:
934 3337 1004 3397 ‘Ex
1029 3338 1112 3396 nobis
1139 3341 1338 3412 exieruntsad

149 3462 207 3502 non
222 3444 336 3502 fuerunt
349 3459 386 3498 ex
403 3441 496 3506 nobis,
510 3439 536 3496 si
551 3438 628 3497 enim
642 3436 764 3496 fuissent
778 3456 814 3496 ex
828 3437 923 3504 nobis,
938 3438 1112 3496 mansissent
1132 3441 1237 3514 utique
1258 3443 1341 3503 nobis·

148 3559 212 3598 eum
227 3539 246 3597 :’
273 3540 416 3597 voluntate
443 3536 584 3602 exierunt,
606 3533 749 3593 voluntate
770 3533 943 3593 ceciderunt.
982 3533 1022 3593 Et
1046 3535 1115 3609 quia
1136 3541 1265 3614 praesciti
1285 3549 1339 3598 sunt

147 3637 250 3705 casuri,
279 3656 337 3696 nou
364 3647 431 3694 sunt
458 3633 658 3712 predestinati.
700 3633 809 3691 Essent
835 3642 929 3691 autem
947 3631 1161 3710 predestinati,
1193 3639 1221 3696 si
1249 3650 1337 3696 essent

148 3733 299 3801 reversuri,
314 3746 342 3792 et
361 3735 391 3792 in
405 3732 550 3791 sanctitate
565 3751 597 3789 ac
612 3729 727 3788 veritato
748 3731 885 3790 mansuri.
927 3732 969 3788 Ac
984 3749 1036 3808 per
1058 3730 1116 3789 hoc
1136 3734 1339 3811 praedestinatio

150 3835 206 3894 Dei
221 3834 317 3893 multis
332 3841 376 3890 est
388 3851 474 3891 causa
487 3830 590 3899 standi,
605 3830 713 3888 nemini
733 3839 776 3887 est
788 3848 873 3888 causa
892 3828 1112 3887 labendi.”⁸—“
1127 3833 1229 3894 Nemo
1249 3855 1266 3893 a
1285 3824 1339 3893 Deo

149 3934 189 3992 ita
202 3942 312 3992 creatus
327 3940 382 3999 est,
395 3940 427 3987 ut
440 3939 545 4006 pereat,
561 3928 628 4001 quia
641 3927 695 3986 alia
715 3937 762 3995 est
780 3945 867 3985 causa
885 3926 1030 3997 nascendi,
1045 3927 1100 3987 alia
1118 3932 1269 4007 pereundi.
1308 3929 1340 3990 Ut

416 4089 458 4154 (1)
477 4085 514 4136 ιι.
526 4085 624 4136 Potiu.
636 4087 661 4133 9.

415 4176 458 4241 (2)
477 4173 549 4223 Matt.
561 4188 620 4223 xxv.
631 4173 674 4222 41.

401 4251 439 4328 ’(3
441 4273 453 4328 t
472 4259 503 4312 L.
515 4260 545 4309 de
553 4259 650 4324 perfect.
659 4261 721 4325 just.
729 4264 814 4309 contm
826 4256 970 4309 Coelestium
982 4274 1004 4310 e.
1015 4257 1067 4309 xiii.

410 4349 452 4414 (4)
472 4345 502 4397 L.
514 4346 539 4396 ii.
551 4345 582 4396 ad
594 4343 735 4395 Mouimum
746 4361 768 4395 c.
781 4344 856 4396 xxvii.

410 4435 454 4501 (5)
474 4431 504 4482 L.
514 4432 549 4482 iii.
556 4437 641 4482 corrue
652 4430 745 4481 Julian.
757 4447 778 4481 c.
791 4430 860 4480 xviii.

413 4521 454 4584 (6)
474 4516 504 4566 L.
516 4518 531 4567 i.
543 4532 607 4582 oper.
619 4515 754 4580 imperfecti
764 4531 790 4566 ιι.
805 4516 861 4564 130.

445 4606 456 4669 )
475 4604 568 4653 ibidem
579 4603 596 4652 l.
604 4617 628 4653 r.
639 4617 666 4652 n.
678 4603 719 4650 64.

412 4691 455 4755 (8)
470 4689 510 4738 Ad
522 4704 575 4752 erp.
586 4688 675 4754 object.
686 4687 805 4740 Vltreeut'
816 4688 844 4740 in
855 4699 919 4754 resp.
929 4687 959 4738 ad
971 4685 1015 4738 xii.
