2798 5092
100 349 160 407 m
529 342 586 405 DE
608 341 858 405 tribunatuo.

138 503 236 582 usp..
250 503 354 567 Daniel
372 514 448 562 certe
468 519 526 563 nou
546 502 671 576 loquitur
689 502 725 561 da
738 501 896 569 millannio,
910 501 1005 560 statim
1025 501 1104 559 enim
1126 500 1290 578 subjungit:

100 603 214 679 “cujus
241 618 370 679 reguum,
395 616 514 677 regnum
535 600 741 677 sempiternum
763 597 839 658 est.”
880 598 971 675 Igitur
989 597 1025 656 de
1049 597 1158 656 calesti
1182 597 1292 657 Christi

100 717 189 778 reguo
203 697 402 776 intelligendus
415 708 469 766 ast,
482 698 558 772 quod
571 697 686 772 quidam
701 699 731 758 in
745 698 826 757 terris
840 698 950 774 incipit,
965 706 1104 771 quatenus
1119 697 1166 755 his
1182 707 1293 774 paratur

100 797 233 859 Ecclesia
246 797 294 857 illa
307 815 371 870 qum
385 807 486 875 postea
498 808 647 874 regnatura
659 807 704 855 est
716 795 850 873 gloriosa.
891 794 962 854 ldao
974 806 1068 854 autam
1082 795 1165 872 regni
1185 794 1293 872 magni·

101 894 170 957 tudo
201 913 266 969 quaa
284 904 329 953 est
351 897 447 954 subter
470 912 555 954 omne
578 897 690 962 caelum,
716 893 780 952 data
804 894 910 970 populo
942 903 1105 952 sanctorum
1129 892 1243 959 dicitur,
1264 903 1295 951 ut

99 993 205 1052 nullius
214 993 352 1053 terrestris
367 993 540 1070 principatus
551 1003 675 1069 potestas
686 990 797 1068 judicio
806 1004 933 1050 extremo
944 1008 1095 1068 superasse
1107 990 1292 1068 intelligatur.

99 1091 250 1151 Psalmista
262 1091 299 1150 de
311 1090 450 1149 Ecclesiae
467 1089 578 1148 Christi
592 1088 746 1148 diffusione
760 1107 811 1166 per
824 1107 924 1148 omnes
936 1098 1034 1158 terras,
1046 1089 1159 1166 objecto
1172 1089 1204 1147 in
1218 1088 1293 1157 loco,

98 1188 273 1254 vaticinatur.
289 1190 328 1246 uti
346 1190 406 1265 jam
428 1187 562 1245 vidimus.
604 1185 694 1244 isaias
714 1185 750 1243 de
767 1185 878 1245 Christi
899 1185 993 1264 primo
1013 1185 1134 1244 adventu
1156 1185 1295 1258 loquitur·

97 1302 163 1344 nam
178 1283 214 1343 de
228 1303 263 1343 ao
277 1283 402 1361 explicat
414 1282 570 1361 Apostolus
585 1301 670 1342 voces
691 1299 756 1356 quta
776 1283 870 1342 statim
892 1290 1067 1356 sequuntur:
1090 1291 1110 1318 “
1123 1281 1157 1340 ln
1172 1280 1221 1340 die
1236 1281 1294 1348 illa,

96 1382 178 1441 radix
190 1382 286 1450 lesse,
301 1384 350 1456 qui
364 1392 419 1441 stat
432 1383 461 1441 in
475 1383 590 1460 signum
604 1381 786 1458 populorum,
798 1381 893 1457 ipsum
906 1390 1004 1457 gentes
1016 1377 1307 1457 deprecabuntur.”¹·

96 1480 239 1558 imagines
265 1492 357 1539 autem
383 1481 485 1554 quibus
513 1481 599 1538 utitur
628 1491 720 1548 vatos,
735 1479 981 1539 mansuetudinem
1009 1478 1136 1552 aliasque
1164 1479 1294 1549 virtutos,

96 1577 199 1647 quibus
215 1594 279 1644 vora
293 1576 442 1635 hominum
458 1575 577 1634 felicitas
591 1587 779 1651 comparatur,
794 1585 1007 1653 representaut,
1023 1575 1208 1654 Evangelicae
1225 1595 1294 1654 prae-

96 1673 245 1733 dicationis
264 1674 381 1742 fructus,
405 1675 508 1748 quibus
533 1686 628 1733 tamen
647 1686 743 1734 carent
767 1675 881 1752 plurimi
901 1675 1019 1732 Christo
1043 1674 1120 1733 haud
1144 1677 1290 1753 obtempe-

96 1781 200 1830 rantes.
243 1772 368 1831 Scieutis
383 1770 501 1831 Domini
515 1791 581 1830 rere
594 1771 704 1850 repleta
717 1785 761 1832 est
777 1783 859 1840 terra,
875 1773 1028 1846 quasenim
1048 1773 1141 1832 semel
1154 1774 1293 1833 enarravit

96 1869 270 1947 Unigenitus
282 1868 338 1929 Dei
351 1870 454 1937 Filius,
464 1869 651 1948 predicantur
665 1870 771 1944 ubique
782 1870 921 1948 gentium,v
932 1881 961 1928 et
974 1869 1147 1929 infidelium
1159 1869 1291 1929 cordibus

95 1977 211 2026 manent
223 1967 374 2045 insculpta.
416 1968 571 2045 Apostolus
585 1968 711 2027 ostendit
722 1967 798 2026 baud
813 1968 921 2040 absquo
935 1966 1033 2026 divino
1044 1967 1179 2057 *consilip
1194 1967 1292 2027 infide·

97 2065 207 2125 litatem
220 2065 387 2124 iudeorum
402 2066 567 2142 contigisse,
583 2064 735 2139 Deumque
750 2067 857 2123 interea
868 2073 967 2141 gentas
980 2082 1033 2123 sua
1045 2065 1134 2142 gratia
1159 2064 1196 2124 ad
1209 2065 1293 2125 fidem

94 2159 245 2227 adducere,
265 2162 345 2239 ipsos
364 2159 482 2219 Judaeos
504 2159 616 2219 tandem
638 2160 747 2220 lumine
767 2160 817 2219 illo
837 2160 943 2219 caslasti
964 2160 1184 2220 illustratorum.
1225 2162 1292 2222 Non

91 2260 158 2319 iude
172 2260 239 2320 licet
250 2260 353 2318 inferre
367 2270 457 2318 toturn
472 2258 579 2318 Orbem
595 2258 708 2318 tandem
723 2256 876 2332 aliquando
887 2257 954 2317 iidai
966 2259 1075 2317 unitate
1088 2269 1119 2319 et
1133 2260 1292 2320 animorum

91 2357 243 2417 concordia
257 2356 431 2426 donandum,
446 2356 518 2416 adeo
532 2368 564 2416 ut
576 2358 670 2417 omnis
686 2356 798 2416 tollatur
807 2375 885 2416 error
897 2366 926 2416 et
940 2369 1089 2435 paccatum
1103 2377 1112 2415 a
1135 2359 1201 2417 haec
1213 2360 1291 2419 anim

89 2465 157 2513 sunt
178 2454 272 2512 dulcia
293 2455 406 2512 somnia
423 2472 487 2527 quae
509 2473 575 2512 cum
600 2473 697 2515 rerum
724 2454 839 2513 veritate
864 2472 924 2513 non
944 2464 1084 2514 constant.
1128 2454 1200 2516 ldco
1225 2457 1290 2533 ipsa

91 2550 308 2611 Rosenmlieller
319 2550 368 2623 qui
379 2550 489 2609 notioni
503 2550 543 2608 illi
555 2549 590 2608 dc
604 2551 807 2609 florentissima
820 2549 991 2610 Christiana
1006 2551 1173 2629 reipublicae
1195 2553 1290 2612 condi·

91 2649 169 2706 tione
182 2647 353 2724 suffragatus
367 2657 420 2714 est,
436 2649 565 2706 monuit:
587 2657 607 2685 ‘⁶
620 2646 700 2706 Care
716 2648 770 2706 hoc
785 2649 824 2706 ita
838 2648 992 2727 intelligas,
1006 2650 1090 2722 quasi
1112 2649 1239 2711 luiturum
1249 2652 1292 2714 sit

92 2756 215 2822 tempus,
231 2763 288 2819 quo
302 2746 337 2804 ab
351 2747 483 2805 omnibus
498 2746 581 2823 plane
594 2747 736 2805 erroribus
750 2747 863 2804 etvitiis
874 2747 962 2807 libera
974 2747 1068 2807 lutura
1079 2749 1119 2805 sit
1131 2750 1292 2827 respublica

90 2844 292 2903 christiana.'’²
331 2844 415 2912 Quod
430 2863 544 2904 oramus
560 2856 590 2903 ut
604 2863 722 2923 regnum
739 2845 849 2904 Christi
864 2845 995 2903 adramat
1015 2844 1051 2903 ad
1071 2845 1216 2906 Ecclesiae
1230 2849 1290 2927 ejus

90 2942 285 3011 diffusionem,
300 2954 329 3001 et
348 2942 382 3001 ad
397 2943 494 3022 gloriae
508 2943 630 3003 caelcrtis
645 2943 825 3022 adeptionem
839 2954 905 3022 apte
925 2943 1061 3004 refertur:
1084 2955 1104 2983 “
1116 2956 1149 3004 nt
1168 2966 1289 3026 cognos-

89 3057 187 3097 camus
201 3039 230 3098 in
248 3039 329 3097 terris
344 3040 418 3098 riam
432 3050 520 3106 tuam,
535 3040 564 3099 in
579 3041 712 3100 omnibus
726 3041 857 3119 gentibus
871 3040 991 3099 salutare
1006 3042 1118 3102 tuum.''

132 3141 198 3195 114.
224 3136 289 3216 obj.
305 3142 333 3195 b.
354 3137 474 3196 ludaica
488 3137 621 3196 Ecclesia
635 3138 775 3198 Massiam
790 3157 841 3216 per
851 3138 1033 3213 millo'annoa
1045 3141 1076 3199 in
1091 3142 1175 3201 terris
1191 3161 1289 3222 regna·

91 3247 184 3294 turum
207 3235 335 3302 credidit,
358 3234 443 3308 idque
470 3254 574 3312 magno
597 3253 738 3296 consensu
760 3235 918 3295 docueruut
943 3237 1041 3296 Patras
1060 3240 1145 3298 trium
1160 3233 1289 3316 priorum

89 3332 269 3399 saeculorum.
285 3319 360 3389 adeo·
377 3343 408 3389 ut
431 3333 503 3390 inter
527 3330 660 3409 dogmata
680 3333 831 3409 primitivas
853 3332 994 3392 Ecclesia
1015 3335 1216 3412 reponendum
1237 3321 1287 3398 sit.

93 3428 135 3485 lta
164 3423 317 3495 Barnabas,
337 3427 468 3486 lustinus
492 3427 628 3496 Irenaeus,
657 3427 862 3495 Tertullianus,
890 3447 1010 3502 quorum
1031 3429 1191 3491 doctrinam
1217 3433 1288 3492 Lac·

93 3527 197 3584 tantine
212 3535 310 3599 quarto
332 3524 437 3584 saeculo
460 3523 662 3604 ‘propirgnavit
702 3527 776 3603 Ejus
797 3543 863 3585 cum
877 3528 1085 3588 rasurrectione
1101 3548 1195 3589 noxus
1219 3531 1289 3591 adso

95 3632 140 3681 est
154 3622 271 3680 intimus
285 3633 316 3680 ut
329 3623 397 3681 huic
412 3622 514 3681 vulnus
529 3623 665 3681 inseratur
678 3640 712 3681 ea
725 3623 872 3701 denegata.
943 3617 953 3625 ⁴
980 3637 983 3643 ‘

28 3780 31 3785 ,
134 3719 222 3799 Rrap.
243 3720 370 3780 ludaico
384 3721 524 3780 Ecclesiae
548 3734 612 3780 anta
638 3721 785 3780 Christum
806 3720 919 3781 traditio
943 3741 1000 3782 non
1016 3726 1085 3783 satis
1102 3728 1241 3803 probatur
1253 3746 1290 3787 ax

94 3814 287 3879 Rabbinomm
303 3827 369 3895 post
383 3816 492 3876 Christi
509 3817 662 3877 adventum
684 3818 808 3895 seriptis.
850 3818 993 3879 Ceterum
1021 3830 1040 3858 ⁴⁶
1050 3821 1094 3879 bis
1110 3822 1190 3881 mille
1206 3825 1288 3882 annis

91 3914 153 3975 dies
182 3913 292 3973 Christi
301 3913 320 3941 '⁸
343 3913 514 3973 definiuntur
541 3932 578 3973 ax
599 3913 746 3972 traditione
768 3912 870 3974 domus
893 3915 976 3984 Elisa,
1002 3917 1042 3975 uti
1063 3918 1150 3977 refert
1170 3919 1287 3979 Made·

92 4014 217 4073 Vocatur
231 4011 347 4088 quidem
372 4024 484 4090 tempus
507 4013 683 4072 remissionis
698 4013 728 4071 in
756 4032 813 4086 quo
828 4013 909 4072 Deus
934 4014 1012 4072 solus
1033 4016 1216 4087 exaltabitur,
1237 4017 1287 4077 sed

93 4110 295 4171 Chiliaatarum
320 4128 438 4188 regnum
464 4129 521 4169 non
546 4109 716 4188 depingitur.
759 4111 829 4170 Non
853 4130 1003 4190 gravamur
1024 4122 1121 4173 tamen
1147 4115 1230 4175 lateri
1250 4135 1286 4175 cx

94 4205 257 4267 ludaeorum
272 4206 308 4265 de
323 4205 439 4265 Massia
459 4224 547 4285 regno
569 4206 685 4265 notione
699 4209 867 4271 sententiam
891 4207 967 4273 illam
982 4206 1165 4270 derivatam.⁴
1204 4210 1288 4280 Quod

457 4402 499 4468 (l)
519 4400 583 4451 Vide
594 4399 665 4450 Rom.
677 4415 719 4451 xv.
730 4403 770 4452 tu.

463 4491 501 4552 (2)
519 4486 617 4537 Scholia
628 4486 655 4535 iu
666 4486 743 4551 Apoc.
754 4502 798 4537 xx.
811 4489 836 4537 3.

456 4575 499 4640 (3)
519 4573 583 4622 Vide
594 4572 702 4622 Newton
713 4573 740 4623 in
751 4579 803 4623 not.
814 4588 838 4638 p.
849 4575 907 4623 588.

455 4663 492 4722 (4)
511 4659 631 4711 Moshoim
643 4659 700 4711 bist.
712 4659 774 4712 Soc.
782 4662 807 4711 ³.
819 4663 843 4723 ς.
854 4662 896 4710 38.
