2798 5092
439 338 496 407 DE
517 339 947 407 ruffinusutunutonu.

583 1035 725 1095 CAPUT
746 1036 799 1095 Vl(

381 1289 440 1341 Dlt
474 1288 1001 1344 PRAEDESTINA'I'IONE.

134 1517 200 1574 116.
224 1513 366 1576 Consulto
381 1518 570 1578 abstinuimus
585 1540 601 1578 a
615 1519 718 1579 divinis
739 1518 860 1578 decretis
882 1519 1047 1580 evolvendis
1062 1540 1114 1599 pro
1135 1521 1282 1602 theologo·

94 1630 154 1670 rum
171 1632 261 1683 more,
277 1633 330 1674 nos
345 1626 422 1675 tanto
437 1619 517 1694 operi
531 1619 655 1696 impares
670 1618 816 1677 exanimo
831 1619 964 1697 professi.
998 1620 1282 1683 Praedestinationem

94 1708 159 1780 Dei,
175 1724 279 1772 eterna
293 1715 402 1774 scilicet
415 1715 518 1775 divine
533 1718 636 1777 mentis
652 1716 780 1783 consilia,
796 1719 975 1795 agnovimus,
991 1729 1019 1777 et
1039 1739 1173 1797 supremo
1188 1721 1284 1798 provi·

94 1807 195 1869 dentiae
211 1810 305 1870 ordini
318 1813 416 1872 omnia
429 1815 547 1873 subesse
558 1815 727 1874 docuimus:
762 1827 896 1892 negantes
909 1825 1002 1875 tamen
1015 1814 1110 1875 Deum
1130 1817 1197 1875 mali
1219 1836 1284 1878 esse

94 1917 247 1976 auctorem,
263 1907 335 1966 adeo
348 1919 379 1967 ut
393 1928 446 1968 nec
466 1910 590 1985 aliquem
615 1909 783 1968 necessitate
804 1910 948 1987 impulerit
968 1909 1003 1968 sd
1024 1913 1211 1989 peccandum,
1227 1934 1281 1974 uec

94 2004 187 2081 poenis
202 1994 325 2076 eternis,
337 2008 393 2066 nisi
405 2009 442 2066 ob
454 2021 569 2086 peccata
579 2008 668 2068 libera
679 2007 822 2066 voluntate
836 2019 953 2085 patrata,
966 2007 1121 2069 destinarit.
1144 2010 1284 2071 Calvinus

93 2114 151 2163 tum
175 2104 344 2164 electionem
370 2106 404 2165 ad
428 2108 547 2186 gloriam
562 2119 590 2165 et
613 2107 743 2185 gratiam,
769 2119 828 2164 tum
843 2107 1070 2184 reprobationem
1090 2118 1119 2168 et
1139 2110 1283 2188 supplicia

94 2212 196 2258 eterna
211 2200 245 2259 ad
261 2202 373 2260 unicam
384 2202 479 2261 retulit
493 2201 551 2261 Dei
565 2202 736 2261 voluntatem
750 2221 758 2259 r
780 2201 1062 2262 animadvertitenim
1072 2202 1107 2262 de
1122 2205 1281 2282 Apostolo:

96 2306 114 2333 ‘⁴
124 2297 275 2356 Subnectit
288 2299 454 2368 clausulam,
469 2301 565 2359 Deum
588 2300 670 2376 cujus
686 2298 745 2356 vult
766 2299 904 2367 misereri,
919 2310 948 2359 et
967 2318 1054 2375 quem
1071 2302 1135 2360 vult
1149 2301 1281 2362 indurare

96 2392 193 2470 (Rom.
205 2396 236 2453 9.
256 2394 315 2472 18).
338 2393 429 2453 Vides
444 2405 475 2453 ut
489 2396 519 2453 in
533 2394 627 2453 solum
642 2394 699 2453 Dei
713 2394 856 2453 arbitrium
872 2404 1024 2471 utrumque
1036 2398 1182 2457 conferat?
1203 2398 1283 2479 Ergo

95 2490 193 2550 sinon
207 2510 360 2568 possumus
376 2492 514 2551 rationem
528 2492 685 2568 assignare,
700 2510 751 2549 cur
764 2509 832 2549 suos
852 2490 1049 2551 misericordia
1069 2492 1212 2572 dignetur,
1226 2496 1282 2554 nisi

96 2587 229 2660 quonism
245 2588 283 2645 ita
296 2588 338 2646 illi
353 2588 464 2666 placet:
485 2588 671 2662 nequeenim
692 2587 722 2645 in
736 2587 799 2645 aliis
814 2589 999 2665 reprobandis
1021 2589 1098 2648 aliud
1113 2591 1282 2650 habebimus

94 2704 176 2759 quern
192 2686 255 2763 ejus
269 2685 490 2745 voluntatem.”²
530 2684 813 2745 Praedestinationem
834 2684 941 2745 idcirco
955 2688 997 2744 sic
1010 2688 1153 2765 explicat:
1177 2698 1197 2726 ⁴‘
1210 2709 1280 2767 pre·

94 2782 310 2842 destinationem
327 2801 461 2841 vocamus
476 2793 610 2841 eternum
634 2781 691 2839 Dei
706 2779 861 2848 decretum,
876 2800 934 2855 quo
956 2782 1031 2860 apud
1052 2782 1084 2841 s'e
1097 2784 1282 2847 constitutum

94 2880 202 2949 habuit,
217 2879 286 2955 quid
300 2880 336 2939 dc
350 2897 523 2953 unoquoque
538 2879 654 2937 homine
668 2877 731 2936 fieri
746 2876 839 2936 vellet.
873 2877 941 2936 Nou
956 2878 1032 2937 enim
1049 2880 1109 2956 pari
1121 2879 1282 2943 conditione

95 2990 223 3037 creantur
236 2995 337 3037 omues
350 2997 358 3036 ι
388 2976 440 3036 sed
453 2976 517 3035 aliis
531 2976 588 3035 rita
599 2988 712 3043 eterna,
724 2975 786 3033 aliis
798 2973 941 3033 damnatio
952 2985 1057 3035 aeterna
1069 2978 1282 3053 preordinatur.

94 3075 192 3151 ltaque
207 3086 291 3154 prout
305 3077 334 3137 in
349 3076 512 3134 alterutrum
528 3076 615 3134 finem
632 3075 753 3149 quisque
768 3072 899 3131 conditus
913 3083 966 3142 est,
979 3073 1018 3133 ita
1030 3075 1074 3133 uel
1088 3075 1123 3134 ad
1138 3078 1223 3137 vitam
1238 3079 1284 3137 vel

95 3174 129 3232 sd
144 3184 264 3233 mortem
279 3172 512 3250 proedestinatum
527 3170 697 3231 dicimus.”⁸
736 3170 770 3229 Id
784 3170 894 3229 dedda
907 3170 971 3249 ipso
985 3168 1118 3229 affirmat.
1154 3182 1173 3210 ‘⁶
1186 3173 1283 3240 Quum

95 3290 151 3331 non
166 3271 220 3330 ulia
237 3272 344 3330 ratione
357 3288 421 3344 que
435 3270 603 3328 suturasunt
617 3268 780 3345 praevideat,
791 3268 847 3327 nisi
860 3268 926 3342 quia
938 3268 978 3326 ite
988 3278 1020 3326 ut
1032 3269 1133 3328 fierent
1146 3270 1281 3339 decrevit,

95 3371 197 3430 frustra
210 3370 245 3429 de
260 3369 439 3448 prescientia
451 3368 487 3426 lis
501 3377 641 3436 movetur,
656 3367 704 3427 ubi
726 3378 836 3426 constat
856 3366 1033 3441 ordinatione
1054 3369 1147 3445 potius
1162 3380 1190 3427 et
1210 3381 1281 3430 nutu

96 3469 191 3549 omnia
205 3468 329 3527 euenire.
360 3467 483 3527 Disertis
498 3469 591 3527 verbis
605 3468 660 3527 hoc
675 3478 771 3526 extare
786 3478 900 3545 negant,
915 3467 1059 3529 decretum
1073 3470 1162 3529 luisse
1176 3492 1194 3531 a
1208 3471 1282 3542 Deo,

96 3580 124 3626 ut
135 3587 188 3626 sua
202 3566 360 3626 delectione
375 3567 479 3645 periret
492 3554 594 3625 Adam.
636 3567 726 3635 Quasi
742 3585 807 3625 vero
821 3565 899 3627 idem
912 3566 961 3625 illc
978 3566 1069 3636 Deus,
1085 3587 1171 3643 quern
1187 3572 1283 3652 Scrip.

98 3679 156 3725 tura
169 3665 306 3744 praedicat
326 3662 418 3723 iacere
440 3683 629 3739 quecumque
644 3665 712 3731 vult,
727 3665 859 3742 ambiguo
881 3664 938 3723 fine
960 3665 1118 3727 condiderit
1138 3671 1280 3730 nobilissi-

97 3783 169 3823 runm
185 3782 222 3823 ex
237 3763 297 3821 suis
315 3763 461 3822 creaturis.
484 3804 492 3820 .
515 3803 524 3819 .
548 3804 555 3820 .
578 3762 732 3821 Decretum
746 3761 862 3835 quidem
883 3762 1016 3822 horribile
1031 3763 1137 3825 fateor:
1163 3768 1284 3827 inficiari

97 3872 187 3921 tamen
210 3880 295 3920 nemo
316 3861 419 3938 poterit
433 3861 501 3934 quin
518 3860 693 3936 praesciverit
708 3859 798 3928 Deus,
816 3878 901 3934 quem
916 3860 1023 3918 exitum
1039 3878 1120 3922 esset
1136 3864 1283 3924 habiturus

96 3960 191 4028 horno,
208 3969 360 4032 antequam
374 3960 470 4036 ipsum
484 3956 628 4025 conderet,
644 3970 672 4015 et
685 3956 750 4015 ideo
763 3955 945 4033 prescivent,
960 3957 1026 4032 quia
1040 3959 1083 4018 sic
1096 3948 1283 4019 ordinaret.’'⁸

134 4064 201 4119 117.
226 4057 397 4115 Gomaristae
424 4055 553 4134 magistri
567 4046 611 4113 sui
632 4054 745 4113 duriora
759 4053 861 4130 placita
881 4068 1095 4131 propugnarunt
1115 4057 1144 4114 io
1162 4056 1281 4133 Syucdo

97 4154 293 4223 Dordracena,
308 4156 337 4214 in
359 4164 508 4232 peccatum
529 4153 647 4230 originis
663 4152 849 4212 nihilominus
862 4153 1067 4229 reprobationis
1089 4172 1203 4213 causam
1217 4156 1281 4235 reji·

92 4256 218 4318 cientes:
242 4253 404 4314 Arminiani
417 4253 514 4312 mitius
529 4262 709 4313 censuerunt.
751 4250 964 4330 Presbyteriani
978 4250 1083 4309 veteris
1098 4250 1202 4312 solsolae
1215 4254 1280 4317 illos
1305 4314 1314 4331 ‚

457 4478 498 4542 (1)
515 4476 646 4528 Inst.l.iii.
656 4477 751 4527 cdxii.
762 4493 788 4528 n.
802 4480 840 4527 ll.

456 4566 497 4631 (2)
518 4564 580 4615 lust.
591 4564 607 4614 l.
619 4563 653 4614 iii.
664 4578 687 4613 c.
697 4563 748 4614 xxi.
760 4580 786 4614 u.
798 4567 822 4612 5.

456 4650 498 4716 (3)
517 4649 609 4702 Ibidem
620 4665 641 4700 c.
652 4648 720 4700 xxiii.
731 4665 757 4701 n.
768 4653 792 4699 7.
824 4690 827 4695 .
933 4705 936 4710 ,
