2798 5092
144 402 205 461 866
632 395 858 458 APPENDlX.

143 601 147 607 -
185 557 244 626 Qui
258 557 410 623 Sarrana,
424 573 475 614 seu
493 552 633 633 Sitoking
649 551 794 624 Quokerr,
808 552 940 615 dicuntur
954 550 1181 612 a'l'rsmsutium
1196 544 1336 608 ausudir-

148 662 304 721 cesserunt,
327 652 488 711 auctoribus
509 652 619 712 Jacobo
642 650 792 728 Wardley,
816 651 938 728 Anglico
960 657 1231 717 summoturum
1251 642 1335 712 itlius.

147 751 198 813 sed
220 751 362 828 precipue
385 768 486 827 agmen
509 749 630 809 ducente
652 749 736 810 Anna
757 748 828 816 Lae,
843 766 907 822 qua
921 758 1010 809 mater
1023 745 1155 806 omnium
1168 743 1267 822 agnita
1287 750 1338 811 est,

146 866 223 908 anno
239 851 315 909 1774
329 847 480 915 adlittora
504 847 708 907 Neo-Eboraci
730 846 910 924 appulerunt,
924 855 954 904 et
965 845 996 905 ia
1019 842 1146 904 Albania
1168 843 1241 901 arba
1255 840 1339 918 liujus

147 944 301 1022 provinoiae
316 944 414 1004 aedem
428 944 562 1003 fixerunt.
591 944 705 1004 Docent
718 945 831 1004 Annam
846 960 953 1002 uorum
972 958 1093 1018 reguum
1106 936 1261 1016 spirituale
1282 935 1342 996 fun

122 1056 129 1103 ,··
145 1040 240 1109 (lassa,
255 1060 344 1118 reguo
358 1041 468 1101 Christi
484 1040 645 1118 perfectius,
660 1058 781 1114 eamque
802 1039 890 1099 filiam
912 1037 1038 1116 Spiritus
1051 1036 1152 1096 Sancti
1174 1033 1338 1112 pradicant.

106 1142 117 1211 ,ί
146 1137 213 1216 lpse
227 1118 346 1215 Spiritui
361 1156 452 1215 genus
465 1137 632 1197 stamineum
645 1137 790 1196 tribuunt:
812 1135 983 1213 mysterium
1005 1132 1156 1193 Trinitatis
1169 1130 1339 1209 repudiant:

144 1235 247 1296 Jeaum
262 1245 358 1295 natum
372 1254 389 1294 e
403 1235 531 1312 Josepho
543 1245 573 1294 et
586 1234 680 1293 Maria
690 1244 830 1300 asserunt,
846 1233 999 1311 ipsumque
1011 1251 1027 1290 a
1037 1231 1168 1301 Christo,
1181 1230 1235 1303 qui
1245 1228 1341 1289 unctio

146 1331 281 1391 divinitus
298 1332 325 1389 in
340 1331 442 1390 Jeaum
457 1332 587 1389 immissa
601 1331 635 1388 ab
650 1330 685 1388 iis
700 1329 829 1399 habetur,
844 1329 1032 1406 distinguunt.
1056 1326 1189 1387 Seruum
1204 1341 1344 1385 commer-

146 1429 222 1487 cium
247 1427 282 1486 ad
308 1427 510 1504 procreandam
536 1426 664 1485 sobolem
685 1425 804 1485 omuino
829 1424 974 1491 damnant,
999 1422 1131 1497 quamvis
1158 1421 1294 1481 mulieres
1315 1429 1345 1492 et

91 1510 96 1573 ³-
135 1518 279 1585 'hortinas
305 1525 333 1582 in
349 1524 450 1583 iisdem
467 1524 600 1583 homibus
615 1523 751 1591 habitent,
766 1534 796 1581 et
815 1523 845 1580 in
864 1522 978 1598 templis
1000 1521 1123 1594 aliisque
1144 1518 1218 1581 locis
1238 1535 1343 1577 coarc-

146 1621 235 1682 uiant.
277 1621 385 1679 Saltant
398 1621 543 1680 ordinibus
557 1620 669 1678 duobus
684 1620 835 1681 mulierum
850 1630 879 1678 et
893 1620 1023 1679 virorum
1044 1617 1220 1686 constitutis,
1234 1613 1342 1675 Doum-

147 1734 204 1791 que
215 1716 258 1775 sic
269 1716 369 1776 dicunt
379 1716 446 1776 coli.
469 1718 575 1776 Totam
587 1716 759 1777 Societatem
774 1716 877 1776 mulier
886 1716 1023 1793 gubernat
1035 1723 1055 1752 ⁴⁸
1067 1711 1213 1775 Mantuan
1228 1711 1344 1778 numine

147 1813 294 1890 insignita,
310 1814 355 1871 cui
368 1812 475 1874 assidet
488 1814 531 1872 vir
545 1824 683 1891 potestate
699 1814 726 1872 ei
741 1813 895 1874 secundus.

187 1910 420 1970 Sannauanranr
441 1929 490 1969 seu
514 1911 672 1972 Genesium
695 1909 951 1988 (Sacramentum
972 1927 1004 1969 or
1023 1906 1184 1987 Glauritea)
1199 1916 1346 1968 auctorem

148 2008 254 2067 habent
267 2006 420 2080 quemdam
437 2007 599 2065 Sandeman
616 2009 743 2066 nomine.
773 2007 888 2066 Docent
901 2007 986 2064 tidem
1002 2024 1059 2079 qua
1075 2005 1271 2083 justificamur
1283 2023 1348 2064 ease

149 2121 258 2163 merum
274 2122 422 2162 assensum
445 2103 574 2163 revelate
592 2103 710 2162 veritati.
752 2103 881 2180 Singulis
904 2102 1066 2162 Dominicis
1089 2100 1214 2161 Omnem
1230 2101 1348 2163 Eucha-

149 2202 273 2262 ristioaut
289 2201 405 2270 faciunt,
420 2213 448 2259 et
462 2201 535 2260 inter
549 2201 699 2261 matutinas
711 2214 740 2259 et
754 2201 930 2277 vespertinas
944 2218 1044 2278 preces
1060 2200 1228 2261 convivium
1242 2201 1348 2261 amoris

152 2296 326 2379 (love-seori)
344 2299 495 2366 celebrant,
511 2298 539 2357 in
555 2317 612 2371 quo
627 2317 727 2358 omues
743 2299 912 2357 seinvicem
926 2298 1100 2367 osculantur,
1111 2297 1192 2372 quod
1203 2298 1349 2357 stlaciuut

152 2395 388 2469 quotiescumque
420 2395 522 2468 aliquis
549 2413 647 2454 eorum
671 2396 834 2454 societatem
858 2396 1048 2472 amplectitur,
1070 2395 1348 2472 Apostolieanerba

151 2492 237 2551 nimis
252 2492 286 2549 ad
301 2493 419 2550 litteram
436 2491 635 2567 intelligentes.
657 2492 790 2550 Mortuus
806 2505 849 2553 est
863 2504 961 2552 auctor
974 2493 1066 2554 Serre
1083 2493 1113 2555 iu
1129 2492 1344 2572 Nova-Augila,

152 2606 211 2661 quo
224 2607 262 2647 ex
276 2589 394 2673 Europa
407 2589 550 2666 migrarat,
566 2608 641 2646 anuo
665 2593 753 2648 1771.
845 2612 848 2617 ·

191 2685 309 2745 Jsrrms
323 2682 517 2754 Wmarnson,
527 2686 630 2744 mulier
642 2687 822 2754 Americana,
838 2688 959 2746 asseruit
973 2687 1009 2748 se
1019 2707 1093 2747 anno
1111 2692 1190 2748 1776
1206 2694 1346 2747 mortuam

149 2796 226 2852 esse,
241 2794 271 2843 ct
284 2784 318 2842 ad
332 2785 421 2843 ooelos
444 2783 658 2853 conscendisse,
674 2795 775 2861 postea
790 2784 857 2844 verb
874 2786 939 2844 vita
954 2788 1121 2856 restitutam,
1137 2797 1166 2845 et
1189 2786 1348 2846 futurorum

148 2885 209 2962 jam
229 2883 385 2959 presciam,
397 2883 491 2942 cordis
508 2902 673 2942 areanorum
696 2885 853 2951 consciam,
866 2886 1029 2959 morborum
1041 2885 1232 2947 curandorum
1255 2895 1367 2963 potea'

152 2996 207 3040 tate
230 2982 376 3058 praeditam
392 3001 456 3039 sese
475 2983 611 3059 jactabat,
627 2995 781 3042 sectatores
797 2983 908 3042 invenit
920 2985 1083 3045 nonnullus.

194 3081 396 3141 Hornrnsrsnr
412 3079 628 3160 (Hoplcinst’utts
643 3100 676 3140 or
694 3079 950 3160 Hoplirttonians)
967 3083 1059 3141 vocati
1083 3094 1151 3141 sunt
1175 3104 1193 3142 a
1215 3082 1349 3155 Samuele

154 3179 300 3256 Hopltina‚
315 3197 456 3256 praecone,
472 3181 520 3253 qui
542 3179 661 3256 primam
677 3181 827 3238 ecclesiam
850 3180 1214 3259 congregationaliatarum
1235 3183 1268 3241 in
1288 3183 1350 3241 loco

154 3275 238 3354 vulgd
253 3276 328 3335 dicto
349 3286 368 3312 ‘⁶
380 3276 530 3352 Newport,
545 3275 647 3335 Rhode
663 3276 780 3335 lslaud'’
793 3279 917 3353 regebat.
952 3279 1176 3339 calvinistarum
1191 3279 1349 3349 doctrinam

155 3374 189 3432 de
201 3374 446 3452 predestinatione
459 3384 564 3441 tenent,
575 3374 697 3448 ideoque
711 3374 906 3451 Hopkinsiani
918 3375 1084 3435 calvinista
1096 3376 1242 3437 dicuutur.
1266 3358 1351 3437 Asse·

154 3457 220 3531 runt
233 3490 282 3529 eos
297 3472 345 3546 qui
361 3471 456 3533 Deum
470 3490 527 3530 non
542 3482 638 3529 amant
652 3472 723 3530 nihil
738 3472 875 3548 perficere
890 3471 959 3530 dum
981 3471 1142 3550 Religionis
1163 3472 1262 3532 officia
1275 3483 1351 3532 exte·

153 3567 213 3629 rius
227 3568 380 3644 complent.
422 3568 492 3627 Adae
507 3568 618 3645 lapsum
634 3588 698 3628 esse
720 3580 827 3627 tantum
851 3569 1032 3628 occasionem
1048 3587 1099 3628 cur
1120 3569 1203 3629 Deus
1219 3583 1349 3648 posteros

154 3670 217 3747 ejus
243 3681 357 3745 peccato
382 3670 543 3743 inquinatos
569 3671 597 3728 in
625 3668 762 3728 mundum
790 3669 914 3735 inducat,
938 3687 1053 3727 causam
1077 3652 1145 3728 berb
1168 3687 1347 3744 nequaquam

153 3766 302 3828 affirmant.
1060 3771 1065 3780 '

193 3865 364 3932 Hrcasrrm,
379 3875 492 3923 auctore
507 3864 574 3922 Elia
588 3864 693 3932 Hicks,
709 3883 725 3922 e
740 3864 937 3930 Quakerorum
960 3875 1038 3922 secta
1058 3874 1122 3923 ante
1137 3883 1248 3942 paucos
1263 3883 1349 3926 ausos

71 3962 78 3995 ³
153 3964 207 4024 orti
220 3974 295 4022 suut.
338 3963 478 4038 Scriptam
493 3960 559 4020 fidei
573 3963 734 4028 formulam,
744 3968 773 4020 et
784 3962 958 4038 predicandi
973 3975 1086 4038 tempus
1106 3973 1244 4022 statutum
1261 3963 1347 4022 vindi·

155 4070 239 4130 cant3
261 4060 412 4118 Deismum
438 4071 532 4117 tamen
553 4059 708 4118 christiano
734 4060 852 4118 nomine
873 4059 1006 4118 dicuntur
1030 4059 1168 4136 profiteri.
1211 4062 1348 4140 Magnum

156 4158 261 4217 exarsit
285 4159 313 4216 in
335 4169 412 4216 secta
432 4155 594 4222 dissidium,
609 4166 637 4215 et
652 4156 687 4214 de
709 4156 841 4214 domibus
862 4168 891 4215 et
915 4160 1000 4215 rebus
1020 4157 1129 4215 caeteris
1150 4158 1350 4234 temporalibus

50 4294 53 4321 ,
157 4257 334 4331 gravissimae
347 4257 411 4315 lites
426 4275 522 4314 eoram
537 4255 724 4313 tribunalibus
738 4255 870 4313 civilibus
886 4256 914 4314 in
930 4256 1009 4313 Statu
1033 4255 1229 4314 Neo-Jersaeae
1239 4257 1349 4334 agitate

157 4362 241 4420 sunt;
262 4372 315 4411 nec
330 4373 386 4429 pax
400 4354 560 4430 composita
580 4365 634 4419 est,
650 4353 705 4410 nisi
732 4353 822 4410 scissa
842 4364 930 4410 secta.
972 4352 1097 4417 Quakeri
1113 4353 1200 4430 igitur
1213 4354 1250 4412 ab
1264 4353 1351 4414 Hick-

159 4447 222 4505 sitia
233 4449 292 4525 jam
309 4450 528 4526 distinguuntur,
545 4461 572 4506 et
586 4458 732 4526 separatos
747 4449 892 4508 celebrant
904 4460 1073 4507 conventus.

197 4545 393 4605 Monuommu
408 4560 472 4606 ante
494 4567 600 4624 paucos
627 4566 717 4605 annos
732 4549 785 4605 orti
807 4557 883 4615 sunt,
898 4557 1011 4605 auctore
1032 4547 1165 4624 losepho
1184 4549 1288 4616 Smitlr,
1302 4546 1350 4622 qui

153 4643 259 4703 librum
289 4643 385 4718 magui
410 4644 493 4720 pretii
521 4663 552 4701 se
581 4643 726 4702 invenisse
754 4643 876 4718 dicebat,
904 4661 990 4716 quem
1017 4643 1155 4703 Monrron
1183 4645 1347 4722 appellabat.

100 4766 102 4770 ’
143 4740 238 4806 Huuo
249 4741 407 4805 historiam
421 4741 524 4804 dicunt
538 4762 617 4815 esse,
630 4754 661 4803 et
672 4741 823 4821 religionis
841 4741 983 4809 codicem,
992 4741 1131 4816 scriptum
1150 4741 1345 4818 squibaadam
