2798 5092
452 339 509 401 DE
529 339 664 402 enolto
686 337 921 401 GOELIBATU.
1249 345 1290 403 87

99 520 161 563 nera
171 501 227 560 illis
241 501 412 560 tribuuntur
423 498 576 559 ostendunt
589 499 782 560 conditionem
797 498 955 577 virgineam
976 499 1073 578 magni
1092 501 1166 570 fieri,
1182 510 1211 560 et
1231 521 1290 561 am·

98 599 252 678 piissimam
266 598 411 672 consequi
425 596 598 657 mercedem.

130 695 287 757 Probatur
309 693 352 754 11.
374 712 412 754 es
424 693 580 755 Patribus.

132 795 198 852 178.
220 792 255 851 8.
271 791 449 851 Ouesssuns
464 791 589 869 virginee
603 791 647 849 sic
662 790 832 865 alloquitur:
855 791 972 851 “Nunc
998 792 1081 851 nobie
1103 794 1137 853 ad
1162 796 1287 874 virgines

96 906 188 948 sermo
201 897 259 957 est,
272 907 395 963 quarum
409 907 467 963 quo
481 889 629 947 sublimior
649 888 739 965 gloria
758 897 812 956 est,
826 889 917 966 major
937 898 966 948 et
979 907 1046 948 cura
1060 899 1114 950 est.
1155 892 1225 951 Flos
1246 905 1291 954 set

97 987 145 1047 ille
157 986 348 1046 ecclesiastici
361 987 510 1063 germinis,
524 985 611 1044 decus
624 996 709 1059 atque
723 995 921 1047 ornamentum
935 987 1031 1064 gratie
1045 989 1211 1067 spiritualis,
1226 992 1291 1051 lete

95 1083 214 1151 indoles,
229 1082 323 1144 laudis
338 1093 368 1143 et
380 1082 498 1143 honoris
522 1102 595 1160 opus
621 1084 761 1160 integrum
786 1093 870 1158 amne
890 1084 1106 1162 incorruptum
1128 1086 1184 1145 Dei
1195 1089 1291 1167 imago

97 1181 273 1259 respondens
288 1179 325 1240 ad
338 1180 556 1240 sanctimoniam
571 1179 702 1249 Domini,
717 1180 853 1239 illustrior
866 1181 959 1259 portio
972 1183 1067 1259 gregis
1082 1182 1239 1242 Christi.'’²

135 1281 202 1340 170.
225 1279 259 1338 8.
286 1278 491 1338 Hmnonursns
514 1298 552 1337 ex
577 1278 706 1357 professo
732 1276 887 1337 vindicavit
908 1280 1078 1356 virginitatis
1098 1284 1290 1358 prestantiam

97 1386 192 1438 nnana
203 1377 404 1443 desinianum.
446 1377 524 1437 luter
537 1390 639 1436 caetera
652 1376 738 1435 dicit:
761 1385 781 1414 ‘⁶
794 1377 920 1437 'Pontum
935 1388 978 1436 set
992 1376 1076 1457 igitur
1090 1380 1163 1439 inter
1177 1382 1290 1458 nuptiae

97 1485 125 1535 et
134 1475 340 1554 virginitatem,
354 1486 493 1550 quantum
508 1476 581 1535 inter
596 1494 653 1534 non
667 1493 786 1552 peccare
800 1484 830 1534 et
842 1475 1007 1535 benefacere
1020 1496 1028 1546 ι
1050 1477 1141 1538 immo
1154 1489 1187 1538 ut
1199 1479 1291 1539 levius

99 1572 199 1643 risam.
214 1585 353 1648 quantum
369 1576 443 1634 inter
457 1575 562 1634 bonum
578 1585 607 1633 et
619 1573 769 1633 melius.”⁹

135 1675 203 1731 180.
225 1671 260 1730 S.
275 1672 465 1730 dunecanus:
488 1669 598 1738 “Quid
621 1680 665 1729 cst
686 1670 800 1728 castitas
821 1668 978 1747 virginalis,
991 1671 1048 1730 nisi
1072 1690 1177 1750 expers
1198 1686 1293 1734 conte·

99 1768 191 1848 gionis
206 1770 379 1848 integritas?
420 1771 515 1843 Atque
529 1769 592 1846 ejus
607 1770 756 1828 authorem
771 1787 857 1842 quem
871 1787 1027 1846 possumne
1046 1771 1222 1842 existimare,
1238 1775 1294 1832 nisi

100 1866 312 1927 immaculatum
334 1866 390 1925 Dei
412 1866 531 1934 Filium,
553 1867 635 1943 cujus
657 1885 723 1924 caro
743 1885 802 1924 non
822 1865 893 1924 vidit
912 1853 1134 1944 corruptionem,
1150 1869 1293 1929 Divinitas

100 1981 155 2025 nen
174 1973 221 2023 est
240 1975 361 2042 experta
383 1963 608 2042 contagionem!
648 1962 753 2022 Videte
773 1963 860 2040 igitur
878 1975 984 2037 quante
1004 1965 1172 2042 virginitatis
1193 1969 1294 2026 merita
1322 1978 1328 1984 “

100 2061 200 2121 sint.”⁸

135 2158 291 2221 Poturae
303 2158 364 2218 III.
380 2158 531 2239 menapiis.

136 2264 206 2320 m.
236 2259 372 2318 Christus
406 2258 550 2318 Dominus
581 2257 770 2335 virginitatem
802 2274 917 2316 summo
942 2255 1073 2336 dignatus
1101 2269 1146 2318 est
1172 2259 1292 2330 honore,

100 2367 183 2419 mane
198 2357 291 2416 electa
305 2356 427 2434 virgine.
469 2357 633 2414 Praecursor
646 2356 710 2432 ejus
733 2356 813 2432 virgo
835 2355 1000 2433 permansit.
1042 2356 1226 2433 Discipulum
1240 2359 1295 2418 vir-

100 2455 181 2534 gineo
194 2453 300 2513 decors
315 2453 459 2530 insignem
473 2452 593 2529 speciali
607 2462 776 2528 prosecutus
790 2463 835 2510 est
855 2452 977 2522 affectu3
999 2462 1027 2512 et
1048 2454 1162 2513 felicem
1184 2469 1295 2515 sancto·

99 2567 157 2613 rem
171 2551 204 2611 in
216 2568 280 2609 nvo
294 2549 390 2608 tuturo
405 2547 599 2608 conditionem
613 2549 644 2606 in
664 2567 701 2607 eo
722 2548 879 2626 presertim
902 2549 1041 2626 angelicae
1061 2551 1185 2611 similem
1199 2552 1292 2612 dixit:

101 2650 159 2709 “in
180 2647 393 2708 sesumctione
416 2645 496 2706 enim
516 2663 611 2719 neque
631 2645 749 2712 nubent,
762 2663 859 2719 neque
878 2645 1036 2705 nubentur:
1057 2646 1111 2705 sed
1124 2657 1207 2708 erunt
1219 2649 1294 2709 sicut

102 2747 191 2826 angeli
205 2746 264 2805 Dei
277 2746 308 2804 in
321 2744 442 2804 coelo.’'⁴

135 2840 291 2903 Probatur
305 2839 362 2901 IV.
377 2839 546 2900 rationibus
560 2839 746 2918 theologicis.

138 2945 206 3001 len.
227 2939 414 2999 Continentia
428 2939 553 3016 perlecta
566 2939 694 2997 animum
708 2937 845 2997 idoneum
859 2937 927 2996 iacit
946 2958 1041 3000 rerum
1062 2942 1219 3002 celestium
1234 2962 1293 3002 ms·

104 3035 237 3103 buboni,
253 3050 283 3094 et
295 3035 400 3093 mentis
415 3035 589 3106 quibuslibet
601 3034 757 3093 exercitiis.
798 3033 881 3093 Siout
895 3034 1086 3112 voluptatibus
1100 3036 1188 3096 dediti
1210 3039 1293 3100 facile

105 3134 304 3195 martensis·
328 3143 357 3191 et
380 3135 495 3210 penitus
520 3133 597 3191 vitiis
619 3132 790 3209 mancipati;
812 3132 851 3190 ite
870 3151 886 3191 e
907 3141 1004 3191 contm
1024 3135 1073 3208 qui
1088 3131 1293 3213 cupiditatibus

105 3231 293 3298 medemnas,
306 3247 413 3303 easque
434 3229 489 3288 sibi
512 3229 638 3288 subditas
659 3237 767 3298 tenent,
782 3229 897 3289 virtutes
912 3229 1005 3290 colere
1028 3250 1131 3309 magno
1150 3231 1245 3293 studio
1266 3245 1296 3295 et

106 3329 178 3390 lelici
188 3346 328 3390 esocem
340 3337 471 3406 possunt.

495 3541 693 3584 berumodus
717 3542 903 3584 SOLVUM'UR·

144 3688 208 3743 tet.
227 3683 295 3764 obj.
314 3688 340 3744 1.
363 3682 435 3752 Quas
450 3683 557 3742 Paulus
572 3682 640 3741 dicit
653 3682 689 3741 dc
705 3685 865 3759 prestantia
876 3683 939 3742 vire
953 3683 1060 3743 calibis
1074 3686 1191 3763 respicit
1203 3707 1297 3748 rerum

108 3780 248 3857 inquibus
264 3782 367 3843 fideles
388 3793 456 3841 tunc
480 3782 664 3840 versabantur
685 3781 898 3860 adjuncta—ord
908 3784 954 3855 seir
965 3786 1079 3850 ἐνεςωσαν
1090 3783 1218 3857 brebem:
1241 3805 1298 3845 vox

52 3920 54 3945 ,
110 3880 179 3940 enim
191 3882 290 3942 eadem
307 3881 381 3941 Luc.
398 3882 458 3940 xxi.
473 3886 523 3939 21.
538 3880 688 3939 adhibetur
701 3880 736 3938 de
751 3880 830 3939 clade
845 3900 931 3955 quam
946 3883 1069 3943 Romani
1084 3884 1189 3943 illaturi
1207 3893 1296 3943 erant.

52 3948 55 4023 i
110 3974 149 4036 01
159 3978 323 4058 ingruentes
342 3978 557 4056 persecutiones
572 3977 722 4054 prestabat
734 3977 849 4035 familia
863 3997 960 4039 curam
977 3999 1035 4042 non
1049 4000 1206 4042 assumere.

143 4073 226 4159 Resp.
248 4075 317 4157 lpsi
341 4072 497 4133 adversarii
519 4073 670 4142 Calvinus,
692 4082 721 4130 et
741 4073 883 4131 Milnerns
905 4074 1028 4135 fatentur
1046 4076 1216 4153 Apostolum
1242 4097 1304 4137 ver·

108 4170 143 4231 bis
159 4177 339 4252 generalibus
367 4170 402 4228 de
421 4171 580 4250 virginitate
603 4183 632 4229 et
654 4169 835 4231 matrimonio
850 4170 989 4232 disserere
1012 4176 1199 4246 rationeque
1215 4176 1295 4235 cuili-

440 4384 482 4450 (1)
501 4383 532 4435 Ι..
543 4383 574 4434 de
584 4382 712 4448 disciplina
723 4390 748 4434 et
758 4383 843 4435 babitu
854 4384 983 4448 virginum

438 4471 480 4536 (2)
499 4469 530 4521 Ι..
542 4470 597 4520 adv.
607 4470 732 4520 Jovinian.

437 4557 477 4620 (3)
496 4554 527 4606 L.
542 4558 553 4603 l
567 4556 597 4607 de
608 4555 760 4618 Virginibus.

440 4641 482 4707 (t)
503 4641 573 4693 Mutt.
584 4642 645 4691 xxii.
656 4640 697 4691 ³0.
762 4687 764 4691 ,
