2798 5092
362 936 805 1090 TRAOTATUS
853 987 1044 1066 xun-
1094 1081 1097 1087 7

196 1333 327 1452 nn
388 1265 1165 1460 'Matvnrnouru

586 1962 728 2023 CAPUT
749 1962 773 2021 1.

290 2206 352 2256 on
387 2201 697 2256 Honssrnrs
735 2179 1076 2253 narnrnonrrq

133 2387 155 2442 l·
175 2386 399 2446 Marmnonnnr
414 2385 519 2444 dictum
537 2381 647 2441 videtur
659 2385 742 2456 quasi
754 2384 852 2442 matris
867 2383 1007 2447 munium,
1018 2379 1087 2454 quia
1100 2396 1136 2436 eo
1150 2374 1282 2452 dirigitur

100 2488 126 2536 ut
137 2485 219 2558 proles
236 2486 363 2562 pariatur
376 2496 404 2542 et
415 2483 513 2541 alatur.
543 2481 611 2559 lpse
628 2482 799 2540 matrimonii
815 2487 984 2540 contractus
998 2478 1141 2541 definitur.
1156 2487 1284 2535 contrac-

100 2584 135 2632 tus
147 2578 287 2655 legitimus
301 2581 394 2638 virum
411 2583 484 2637 inter
498 2591 526 2636 et
539 2577 687 2636 foeminam
704 2597 761 2651 quo
783 2579 837 2636 sibi
859 2578 982 2636 invicem
998 2594 1114 2636 snorum
1130 2590 1282 2650 corporum

98 2673 236 2738 dominium
254 2691 424 2757 perpetuum
447 2677 561 2735 tradunt
584 2677 611 2735 in
635 2696 717 2734 usum
734 2678 872 2754 conjugii.
918 2675 1023 2735 iuratus
1040 2672 1214 2744 matrimonii
1230 2690 1283 2729 seu

98 2776 232 2854 conjugum
249 2776 377 2835 conditio
392 2775 495 2835 dicitur
515 2776 545 2833 in
561 2775 737 2856 catechismo
753 2775 907 2833 Romano:
931 2774 1014 2830 “viri
1036 2783 1065 2830 et
1080 2772 1209 2830 mulieris
1224 2790 1283 2829 rna·

97 2872 169 2933 ritalis
182 2877 360 2954 conjunctio,
372 2876 445 2934 inter
458 2874 599 2952 legitimas
615 2891 765 2949 personas,
777 2871 952 2931 individuam
969 2873 1032 2930 vitae
1045 2869 1283 2930 consuetudinem

97 2972 239 3033 retinens.'’
861 3040 862 3044 η

126 3075 150 3130 2.
171 3073 291 3132 Veteres
307 3072 511 3150 quamplurimi
534 3071 659 3129 haeretici
681 3070 794 3147 nuptias
818 3089 934 3148 prorsus
960 3068 1140 3135 damnarunt,
1157 3068 1285 3127 Saturni-

61 3191 64 3194 ·
97 3187 140 3228 nus
165 3173 285 3238 scilicet.
301 3173 444 3237 Marcion.
460 3172 611 3238 Troianus,
636 3171 800 3238 Encratitae‚
824 3168 1007 3228 Eustathiani
1034 3168 1199 3235 maaianai,
1215 3187 1285 3243 quo·

97 3287 146 3328 rum
170 3292 304 3355 propago
332 3273 362 3329 in
391 3271 596 3348 albigensibus
630 3270 692 3326 visa
720 3280 773 3329 est.
815 3269 990 3339 AnnaLee,
1019 3280 1083 3328 nata
1117 3269 1147 3328 in
1175 3268 1284 3346 oppido

96 3361 279 3435 Mantineion,
296 3369 330 3426 de
346 3387 403 3441 qua
418 3379 501 3426 antea
517 3369 602 3426 verba
617 3366 749 3433 fecimus
762 3378 859 3426 contra
874 3385 994 3427 curnem
1008 3369 1097 3427 veluti
1113 3367 1199 3427 totins
1215 3366 1283 3426 mali

95 3463 208 3534 radicem
223 3487 298 3526 anno
321 3471 397 3525 1770
414 3466 608 3524 testimonium
626 3465 741 3541 publice
756 3465 829 3533 tulit,
845 3486 931 3525 omne
953 3467 1049 3525 viriet
1065 3466 1192 3524 mulieris
1206 3485 1284 3524 corn·

98 3569 218 3621 mercium
235 3565 401 3640 reprobans.
443 3563 478 3621 ln
494 3563 661 3620 Amerinam.
679 3571 830 3639 postquam
853 3583 889 3621 ex
910 3563 1065 3641 ergastulo.
1082 3565 1183 3637 inquo
1199 3564 1285 3623 veluti

95 3675 178 3718 amens
193 3661 307 3718 detenta
328 3671 397 3726 erat,
413 3644 532 3718 dimissa
557 3660 668 3728 luisset,
683 3679 759 3718 anno
776 3665 853 3720 1774
870 3662 1008 3736 pervenit,
1024 3680 1060 3719 ex
1083 3681 1140 3734 qun
1155 3678 1233 3720 secta
1254 3663 1283 3720 in

96 3757 172 3814 varias
187 3758 294 3816 diffusa
310 3758 407 3834 plagas
429 3757 536 3834 oppida
560 3759 656 3822 habet.
680 3757 723 3815 vel
746 3757 867 3815 aedilicia
889 3759 1036 3835 perampla
1061 3760 1233 3836 oppidorum
1249 3760 1282 3816 ad

58 3862 62 3872 “
102 3852 185 3923 instar,
201 3854 229 3913 in
247 3856 401 3932 provinciis
415 3855 548 3921 oniensi,
561 3855 782 3922 Kentnckiensi‚
793 3867 821 3912 et
834 3856 912 3913 alibi.
934 3856 1078 3915 Homines
1095 3859 1285 3930 mulieresque

95 3947 119 4006 iu
130 3951 221 4011 eadem
237 3942 324 4009 donno
339 3953 448 4015 vivunt.
464 3951 515 4008 sed
538 3952 649 4010 cellulis
664 3954 860 4030 separatisset
874 3972 905 4010 se
922 3953 956 4010 ab
972 3955 1051 4011 nrnui
1074 3953 1167 4010 carnis
1185 3953 1286 4030 volup·

95 4056 139 4105 tate
160 4051 310 4108 abhorrere
337 4050 523 4106 vehementer
549 4049 728 4124 profitentur.
770 4050 811 4109 Hi
835 4050 949 4127 nuptias
972 4051 1105 4126 profanas
1130 4049 1282 4119 aestimant,

96 4150 320 4226 turpitudinisque
346 4148 511 4206 velamenz²
541 4148 570 4205 in
597 4168 631 4206 en
654 4151 860 4207 constituentes
889 4148 1008 4226 originis
1035 4157 1182 4225 peccatum
1205 4153 1283 4224 quod

122 4307 157 4374 (l)
175 4309 266 4359 “How
278 4308 338 4359 then
350 4308 372 4357 is
379 4307 405 4366 it,
417 4308 470 4357 that
481 4308 523 4358 the
534 4310 608 4359 fallen
620 4309 734 4372 posterity
746 4309 774 4358 ol
782 4309 864 4358 Adam
876 4308 939 4358 have
952 4307 1030 4358 under
1041 4307 1082 4357 the
1094 4307 1177 4357 sacred
1189 4319 1284 4374 pretext

95 4390 117 4439 ri
126 4408 138 4442 a
147 4394 273 4445 command
285 4409 313 4442 or
324 4393 456 4442 ordinuoce
468 4393 497 4441 of
511 4393 575 4453 God,
584 4393 715 4458 pretended
728 4403 753 4444 to
765 4393 898 4442 solemnizc
908 4393 962 4442 thot
973 4390 1056 4441 which
1072 4392 1099 4441 in
1117 4393 1186 4442 itsclf
1198 4394 1219 4443 is
1230 4413 1284 4462 pro·

95 4473 143 4536 itur,
152 4480 197 4530 rod
207 4488 231 4531 to
242 4477 351 4543 sanctify
363 4477 416 4526 that
427 4478 532 4527 unclean
545 4479 622 4540 thing.
636 4486 679 4527 out
691 4479 720 4527 of
734 4477 814 4526 which
827 4477 885 4541 they
897 4476 959 4525 hove
971 4475 1060 4540 proved
1070 4485 1096 4526 to
1108 4492 1122 4526 a
1133 4477 1284 4532 demonstra·

95 4556 134 4611 litu
143 4563 189 4616 that
197 4566 256 4630 they
269 4579 317 4613 con
326 4561 398 4623 bring
410 4556 516 4624 nolhing
525 4564 593 4612 clean
603 4561 632 4610 l”
668 4562 725 4612 'l'he
736 4562 883 4626 Testimony
895 4560 924 4610 os
930 4559 1035 4611 Christ's
1046 4563 1137 4613 second
1149 4562 1283 4631 appearing

95 4647 140 4716 lll-
149 4651 183 4702 cb.
194 4651 226 4703 iv.
238 4644 267 4702 n.
285 4651 328 4698 67.
365 4646 416 4699 The
427 4653 540 4716 mptterp
549 4647 581 4717 of
593 4648 715 4716 inr‘prn'lp.

307 4739 309 4745 .
446 4749 454 4759 ,
480 4732 505 4769 ,ζμ
689 4742 726 4798 9*
