2798 5092
479 348 537 409 De
557 349 841 413 PURGATORIO.
1232 356 1289 412 2111

97 511 181 573 multa
203 507 357 571 excludere
382 526 440 568 nou
468 508 571 585 poterit
592 508 767 577 charitatem,
783 509 930 584 quomodo
951 528 1014 570 eam
1039 511 1115 590 ignis
1135 509 1289 569 excludet?

96 609 150 669 Sed
165 609 215 669 ille
229 606 440 673 examinabitur
453 617 487 664 ut
497 616 665 682 argeutum
686 625 740 684 ego
760 608 944 666 examinabor
964 608 1179 685 11111111111111ς
1201 609 1293 668 donec

96 705 242 783 plumbum
258 704 393 771 tabescat,
409 701 522 760 ardebo.
564 703 597 760 Si
613 702 685 761 nihil
700 705 809 780 argenti
821 705 851 763 in
867 722 913 762 me
935 704 1081 763 inventum
1096 705 1201 779 suerit:
1225 704 1291 764 Heu

95 801 195 869 me,in
206 799 310 859 ultima
330 797 434 856 inferni
449 796 590 866 detrudar,
607 811 655 855 sut
668 808 699 856 ut
718 799 825 875 stipula
849 811 930 858 totus
950 818 1063 858 exurar.
1103 801 1136 858 Si
1157 802 1225 875 quid
1251 804 1293 862 in·

96 907 210 957 ventum
224 897 255 954 in
270 913 317 955 me
332 894 417 953 luerit
430 895 491 952 auri
506 894 552 952 rel
565 894 684 971 argenti,
699 914 756 953 nou
779 912 831 972 per
845 915 927 956 meos
949 907 1039 962 actus,
1054 895 1104 954 sed
1118 915 1170 973 per
1184 899 1293 956 miseri-

95 995 219 1061 cordiam
233 1004 263 1052 et
275 993 394 1072 gratiam
410 990 531 1060 Christi,
544 1010 596 1069 per
609 992 803 1055 miniterium
811 992 974 1063 sacerdotii,
985 993 1078 1052 dicam
1091 994 1209 1053 fortasse
1219 1015 1292 1072 ego:

95 1090 210 1150 Etenim
225 1089 276 1163 qui
290 1084 406 1171 sperant
419 1088 448 1146 iu
471 1097 499 1144 te
523 1106 582 1146 uon
602 1087 820 1148 confundentur.
863 1089 918 1149 lllo
932 1090 1017 1167 igitur
1030 1092 1115 1167 igneo
1129 1091 1223 1167 gladio
1237 1093 1292 1152 iui-

95 1189 184 1261 quitas
198 1196 334 1246 exuretur
348 1204 412 1260 quae
426 1183 507 1243 sedet
518 1203 605 1262 super
620 1185 755 1244 talentum
767 1186 979 1263 plumbeum.”¹
1009 1187 1115 1261 Liquet
1123 1189 1207 1265 juxta
1221 1191 1290 1250 Am·

94 1285 218 1344 brasium
233 1283 386 1362 perfectos,
401 1284 489 1341 instar
504 1282 626 1342 Joaunis
640 1295 669 1341 et
682 1283 760 1342 Petri
768 1285 866 1343 statim
881 1284 1001 1344 evadere
1016 1304 1023 1355 ;
1044 1296 1207 1362 peccatores
1221 1304 1284 1362 gra·

95 1382 184 1440 viores
206 1383 236 1440 in
252 1380 363 1439 inferna
374 1379 503 1447 detrudi;
519 1379 674 1437 levioribus
686 1379 779 1456 culpis
801 1382 957 1442 maculatos
971 1383 1054 1440 exuri
1068 1381 1159 1440 donec
1173 1400 1290 1441 enarres·

97 1488 157 1557 eant
170 1477 302 1536 macule.
343 1476 434 1554 Igitur
445 1474 526 1533 datur
540 1476 747 1552 purgatorium,
762 1476 839 1550 quod
853 1478 977 1536 subeunt
1000 1479 1103 1537 auimae
1117 1479 1210 1537 statim
1226 1491 1292 1555 post

98 1588 227 1653 mortem,
242 1594 309 1635 nam
319 1574 461 1652 judicium
475 1575 534 1651 jam
551 1587 694 1649 peractum
713 1574 783 1633 dicit
796 1576 976 1645 Ambrosius,
992 1577 1135 1635 affirmans
1149 1575 1290 1636 Joanuem

93 1675 147 1750 jam
162 1691 229 1733 esse
243 1673 274 1731 in
289 1672 431 1749 paradiso,
447 1670 564 1730 Christo
589 1673 786 1750 conjunctum,
803 1672 925 1747 ideoque
948 1676 1094 1732 transiisse
1115 1693 1167 1751 per
1183 1675 1291 1751 iguem,

97 1770 201 1828 scilicet
211 1768 372 1846 judicatum
387 1786 462 1836 esse,
478 1786 568 1841 quum
593 1768 664 1825 alias
680 1767 714 1826 ed
730 1787 848 1846 reguum
864 1789 923 1828 non
936 1780 1031 1846 pateat
1044 1770 1164 1829 aditus.¹>
1200 1772 1291 1831 Porro

96 1885 190 1943 preces
206 1866 346 1945 prodesse
361 1866 508 1925 animabus
525 1867 721 1942 purgatorium
736 1866 815 1925 illum
832 1868 929 1944 iguem
952 1869 1122 1944 patientibus
1137 1870 1290 1927 Ambrosio

98 1985 264 2043 persuasum
279 1976 333 2034 est,
343 1983 427 2023 secus
443 1982 496 2041 pro
511 1963 566 2021 illie
581 1963 657 2022 haud
671 1976 816 2022 oraturus:
840 1967 941 2024 “Tibi
957 1966 1066 2034 nnnc‚”
1093 1968 1185 2039 inquit
1199 1966 1289 2024 fratris

97 2066 138 2137 sui
149 2066 248 2142 Satyri
263 2063 467 2145 commendans
484 2063 619 2130 animam,
637 2064 846 2140 “omnipotens
861 2064 951 2132 Deus,
962 2064 1108 2122 innoxiam
1120 2065 1291 2155 pommeudo

97 2154 237 2221 animam:
261 2162 313 2220 tibi
336 2161 458 2220 hostiam
475 2178 568 2218 meam
590 2159 696 2219 offero:
719 2178 789 2237 cape
804 2162 943 2238 propitius
958 2181 991 2219 ac
1005 2180 1123 2220 serenus
1137 2161 1290 2221 fraternum

96 2257 611 2330 1111111111,111111111111111111111111.”3
651 2260 691 2317 Et
707 2259 742 2318 ad
757 2258 895 2318 orandum
911 2279 962 2337 pro
985 2262 1079 2318 anima
1097 2260 1287 2319 Valentiniani

96 2359 270 2435 imperatoris
284 2358 383 2416 fideles
398 2340 546 2415 invitarit:
571 2366 591 2393 ‘⁶
602 2354 675 2414 Date
700 2357 827 2415 coelestia
840 2368 1024 2416 sacramenta.
1066 2357 1148 2416 Pium
1162 2359 1287 2420 animam

97 2457 199 2515 uostris
214 2456 390 2515 orationibus
406 2449 661 2531 prosequamur.’'⁴

130 2550 178 2612 38.
210 2555 242 2612 S.
274 2552 477 2612 Hruuouunns
509 2551 545 2610 de
579 2552 726 2639 Paulinae¹
751 2553 854 2611 obitur
901 2562 920 2591 ‘⁴
938 2552 1042 2611 Ceteri
1064 2554 1167 2625 ‚mariti
1203 2573 1291 2631 super
1335 2544 1349 2591 ⁸*

96 2652 230 2710 tumulum
259 2651 414 2729 conjugum
438 2659 575 2727 spargunt
601 2651 702 2718 violas,
717 2669 807 2718 rosas,
834 2650 977 2724 floresque
1001 2669 1171 2728 purpureos,
1193 2664 1221 2709 et
1244 2652 1289 2710 his
1359 2700 1363 2707 .

96 2749 194 2809 officiis
225 2749 355 2808 dolorem
384 2749 543 2824 peccatoris
572 2749 764 2806 consolantur.
808 2748 1011 2805 Pammachius
1040 2760 1136 2807 noster
1163 2763 1289 2810 sanctam

97 2844 213 2905 favillam
235 2850 360 2919 ossaque
374 2843 548 2911 veneranda,
559 2843 752 2918 eleemosyna
767 2842 900 2900 balsamis
925 2843 1006 2918 rigat.
1051 2843 1106 2900 llis
1132 2845 1287 2920 pigmentis

96 2943 323 3018 atqueodoribus
337 2945 416 3003 fovet
428 2943 539 3000 cineres
551 2943 742 3014 quiescentes,
758 2941 852 2998 sciens
862 2941 1009 3016 scriptum,
1026 2943 1121 3014 ‘quod
1130 2944 1205 3002 sieut
1216 2965 1289 3018 aqua

99 3042 234 3120 extinguit
251 3043 359 3118 ignem,
374 3041 413 3099 ita
427 3040 613 3114 eleemosyna
627 3038 767 3116 extinguit
781 3037 990 3114 peccatum.’·”⁵

131 3142 179 3197 39.
201 3140 233 3198 S.
260 3139 473 3198 Aususnruusr
494 3146 513 3174 “
527 3137 597 3195 Non
624 3148 698 3194 sunt·
712 3135 957 3214 praetermittendae
982 3135 1206 3213 supplicationes
1235 3158 1286 3218 pro

99 3233 246 3312 Spiritibus
262 3250 458 3296 mortuorum:
475 3253 545 3310 quas
561 3234 705 3293 iaciendas
720 3254 772 3312 pro
787 3235 920 3293 omnibus
934 3237 965 3293 in
980 3234 1144 3292 Christiana
1155 3247 1183 3294 et
1198 3237 1287 3296 Cath-

98 3331 319 3421 11111δωὶ11111
333 3333 484 3403 defunctis,
500 3333 584 3392 etiam
600 3334 692 3391 tacitis
707 3332 869 3392 nominibus
885 3350 1130 3407 quorumcumque
1144 3334 1197 3391 sub
1211 3353 1279 3412 gen·

128 3572 165 3638 (l)
183 3571 214 3622 lu
225 3572 267 3623 Ps.
278 3571 362 3623 cxviii.
374 3571 456 3622 Serm.
468 3583 512 3622 xx.
523 3569 541 3623 i.

128 3659 168 3726 (2)
187 3659 342 3710 Oxouienses
352 3659 445 3720 dicunt,
456 3659 555 3708 recitato
566 3658 614 3709 hoc
625 3657 777 3709 testimoniet
796 3663 810 3689 ‘⁴
820 3652 843 3707 tt
861 3655 883 3706 is
899 3667 957 3706 now
973 3650 1119 3722 sufficieutly
1137 3653 1200 3709 clear
1221 3661 1288 3713 what

99 3739 129 3792 St
140 3743 279 3795 Ambrose's
289 3744 366 3794 belief
373 3760 431 3794 1111.
457 3744 513 3794 The
525 3745 584 3808 only
596 3744 664 3809 point
676 3745 705 3794 of
711 3742 906 3810 approximation
914 3744 1026 3807 between
1036 3743 1056 3792 it
1066 3743 1114 3793 and
1127 3744 1168 3795 the
1180 3746 1287 3797 doctrine

100 3827 123 3876 ol
133 3830 299 3896 Purgatoryis
320 3830 384 3891 this3
402 3831 455 3881 that
476 3829 508 3879 he
527 3830 657 3881 conceived
677 3831 730 3882 that
748 3831 784 3879 for
802 3829 834 3880 all
851 3831 895 3880 but
912 3829 953 3880 the
964 3829 1062 3892 highest
1072 3831 1156 3891 saints,
1167 3833 1193 3882 iu
1205 3833 1287 3883 whom
1385 3881 1394 3904 ⁴

101 3909 549 3978 11111111111111111111111111
567 3916 696 3976 whatever,
708 3932 776 3966 some
792 3914 911 3965 transient
922 3914 1053 3978 suffering,
1068 3931 1135 3967 more
1151 3934 1178 3967 or
1197 3919 1244 3967 less
1261 3919 1288 3969 in

102 3993 209 4063 1111111111,
220 4018 272 4052 was
284 4003 310 4052 in
322 4009 385 4052 store
396 4002 423 4051 in
440 4001 482 4050 the
500 4000 548 4065 dap
560 4001 589 4050 of
597 4001 735 4067 Judgmeut,
770 3999 828 4051 And
848 3999 926 4049 hence
943 3999 984 4049 the
1002 4000 1067 4050 force
1083 4000 1112 4049 of
1124 4000 1165 4050 the
1176 4001 1289 4068 ordinary

101 4092 186 4148 Pityers
197 4087 226 4137 of
239 4089 281 4137 the
292 4086 358 4151 early
371 4085 480 4144 Ohuroh,
501 4102 527 4134 as
539 4085 612 4135 based
624 4100 656 4136 au
669 4085 800 4149 Scriptum,
823 4083 884 4150 (and
896 4083 1019 4134 described
1030 4093 1055 4135 et
1073 4083 1157 4146 length
1169 4085 1199 4148 by
1211 4086 1290 4136 Arch-

101 4161 174 4237 bishop
185 4172 274 4234 Usher,
285 4173 312 4224 iu
325 4172 407 4233 Traot,
418 4172 468 4222 No.
481 4173 535 4238 72,)
550 4172 603 4223 11111
618 4170 734 4236 departsd
751 4172 867 4221 believers
883 4170 962 4232 might
972 4169 1035 4220 heve
1046 4187 1062 4219 a
1072 4169 1182 4220 merciful
1193 4171 1247 4222 trial
1265 4183 1290 4224 at

102 4245 270 4324 ihelaatdayss'
305 4258 380 4307 Tmot
398 4258 440 4317 79,
451 4273 476 4321 p.
488 4259 529 4307 35.
563 4257 702 4316 Falluntur,
718 4272 777 4306 nam
794 4256 824 4306 de
837 4256 932 4322 judicio
949 4255 1030 4304 statim
1046 4263 1102 4320 post
1121 4265 1224 4309 mortem
1233 4260 1285 4322 agit

103 4331 246 4405 Ambrosium
263 4352 288 4395 et
299 4339 411 4395 Ecclesia
424 4360 519 4409 semper
530 4345 656 4395 cousuevit
668 4359 736 4394 orare
744 4359 788 4409 pro
798 4342 881 4408 requie
893 4350 917 4392 et
925 4340 1001 4403 gloria
1013 4357 1071 4392 mox
1084 4342 1218 4395 tribuenda.

130 4424 167 4494 (³)
185 4431 252 4482 Orat.
265 4431 296 4481 de
305 4431 373 4481 obitu
386 4430 479 4495 satyri.

135 4512 173 4580 (4)
191 4517 258 4568 Orat
273 4517 304 4566 de
315 4517 383 4567 obitu
395 4515 572 4568 Valentiniani.

134 4600 171 4666 (ὅ)
187 4603 235 4670 Ep.
248 4603 316 4654 xxvi.
327 4604 358 4654 ad
369 4601 575 4654 Pammachium.'
607 4624 611 4629 -
