2798 5092
313 258 320 279 Ι
355 307 416 371 DE
434 305 818 370 SAGRAMENTORUM
839 306 1033 406 NUMERQ·
1233 312 1288 375 161

97 476 212 546 peccota
225 467 292 527 data
312 467 479 546 Apostolis:
502 466 662 544 “Accipite
677 466 817 545 Spiritum
832 467 990 528 Sanctum:
1013 485 1137 543 quorum
1150 468 1293 527 remiseri-

96 565 129 624 tis
143 575 262 644 peccata
276 567 457 627 remittuntur
469 565 530 624 eis:
552 583 674 640 quorum
687 566 859 624 retinueritis
874 577 982 625 retenta
998 565 1112 626 ιιιιιι.”1
1138 566 1292 626 Potestatis

95 663 181 742 hujus
195 664 364 725 exercitium
380 664 545 723 necessario
557 663 684 741 postulat
709 664 793 723 ritum
818 673 978 733 externum,
999 663 1102 741 judicii
1122 665 1229 732 instar:
1249 672 1295 723 est

95 763 170 823 enim
186 763 220 821 ab
235 762 402 822 bominibus
416 760 618 822 exercendain
630 761 774 831 homines,
789 781 875 822 causa
884 763 983 838 utique
999 763 1122 840 cognita,
1137 782 1174 822 ne
1187 774 1293 823 temere

97 871 124 922 et
137 879 289 938 perperam
302 869 478 919 exerceatur.

135 963 164 1019 7.
186 957 335 1019 Extrema
349 956 495 1017 unctionis
515 957 733 1015 Sacramentum
745 974 784 1015 ex
805 956 840 1015 Β.
862 955 967 1016 iacobi
985 955 1118 1034 Apostoli
1131 956 1244 1014 monito
1262 964 1292 1015 et

101 1054 233 1121 mundato
247 1054 430 1132 colligimus:
450 1064 471 1099 ‘⁶
482 1053 647 1114 Infirmutur
659 1055 724 1130 quis
739 1055 769 1113 in
779 1040 887 1113 'vobisl
908 1053 1025 1114 inducat
1037 1054 1220 1132 presbyteros
1232 1052 1292 1113 Ec·

99 1151 203 1221 olesim,
218 1148 249 1213 et
272 1161 353 1214 orent
377 1170 465 1229 super
488 1170 566 1222 eum,
580 1162 721 1230 ungentes
742 1170 807 1211 eum
829 1151 897 1210 oleo
916 1153 947 1211 in
971 1151 1089 1211 nomine
1108 1150 1244 1209 Domini:
1266 1163 1296 1210 et

99 1251 183 1311 oratio
197 1250 266 1312 fidei
280 1251 401 1310 salvabit
415 1251 572 1320 infirmum,
585 1261 615 1310 et
626 1251 770 1310 alleviabit
781 1269 846 1310 eum
862 1249 1025 1319 Dominus;
1048 1249 1112 1308 etsi
1125 1249 1154 1308 in
1170 1249 1295 1327 peccatis

100 1349 133 1407 sit
144 1349 323 1409 remittentur
336 1347 409 1406 ei.”¹
430 1348 537 1407 Unctio
552 1348 614 1406 bec
640 1347 861 1424 periclitantium
873 1347 941 1414 vita,
955 1345 1002 1404 cui
1016 1356 1197 1423 peccatorum
1211 1345 1296 1403 venia

102 1444 282 1522 promittitur,
298 1445 367 1505 ritus
382 1445 420 1503 sit
433 1432 554 1504 necesse
566 1453 611 1503 est
625 1443 773 1503 Christum
795 1442 905 1503 habens
919 1452 1085 1513 auctorem:
1109 1441 1201 1519 ipsius
1216 1442 1295 1502 enim

101 1555 140 1604 est
151 1545 272 1622 gratiam
285 1545 313 1602 ei
330 1543 491 1603 adnectere.

136 1645 165 1699 8.
188 1639 328 1699 Ordinem
349 1648 557 1699 sacramentum
580 1657 645 1698 esse
668 1657 705 1698 ex
726 1639 765 1698 D.
781 1638 873 1697 Paulo
899 1637 1051 1717 colligitur,
1065 1656 1201 1698 manuum
1217 1636 1296 1697 enim

102 1739 279 1816 impositione
294 1737 412 1816 gratiam
428 1748 456 1796 et
471 1747 641 1814 potestatem
659 1735 694 1794 ad
710 1755 790 1795 sacra
810 1755 929 1795 munera
948 1736 1019 1795 tradi
1043 1736 1136 1795 docet
1177 1735 1223 1794 Ad
1245 1735 1296 1795 Ti·

103 1835 243 1894 motheum
268 1833 403 1911 scripsit:
426 1842 446 1870 “
459 1833 611 1893 Admoneo
625 1844 663 1902 te,
684 1843 716 1892 ut
739 1834 893 1892 resuscites
914 1833 1031 1911 gratiam
1046 1833 1114 1902 Dei,
1129 1851 1195 1908 qnae
1208 1842 1253 1890 est
1266 1832 1296 1891 in

103 1940 125 1990 te
137 1951 188 2009 per
203 1931 419 2010 impositionem
431 1949 569 1990 manuum
583 1948 722 1988 mearum.
725 1928 756 1965 ”³

136 2030 164 2086 9.
187 2025 406 2086 Matrimonium
422 2044 486 2084 esse
507 2034 716 2084 sacramentum
731 2024 873 2103 colligitur
887 2000 924 2083 err
938 2023 1085 2083 sanctione
1098 2023 1203 2083 vinculi
1218 2023 1297 2098 quod

103 2124 168 2184 solvi
178 2124 288 2198 nequit,
300 2122 418 2183 Christo
429 2123 560 2182 dicente:
577 2123 686 2191 “Quod
698 2123 779 2182 Deus
791 2123 950 2201 conjunxit,
960 2122 1048 2180 homo
1060 2140 1118 2180 non
1128 2131 1250 2198 separet·
1243 2120 1299 2156 ·”⁴

104 2230 175 2280 etex
188 2241 270 2280 sacra
284 2222 309 2300 ej
314 2240 347 2279 us
362 2221 582 2301 significatione,
595 2240 680 2295 quam
696 2220 823 2300 explicat
833 2219 951 2289 Paulus,
966 2237 1102 2297 magnum
1117 2218 1147 2277 in
1161 2237 1196 2277 eo
1210 2219 1297 2276 latere

105 2321 267 2398 mysterium
283 2320 495 2399 conjunctionis
511 2319 621 2378 Christi
636 2339 701 2379 cum
714 2319 851 2389 Ecclesia
864 2318 1029 2381 affirmans·
1052 2319 1299 2381 “Sacramentum

104 2415 153 2475 boc
166 2434 304 2494 magnum
318 2424 371 2485 est,
387 2435 441 2494 ego
455 2426 549 2474 autem
559 2415 646 2475 dico
638 2436 668 2475 m
683 2414 801 2476 Christo
816 2425 846 2474 et
857 2417 888 2474 in
901 2414 1045 2475 Ecclesia.
1048 2414 1081 2452 ”⁵

136 2512 205 2582 Quae
221 2523 315 2592 patres
330 2514 366 2573 de
387 2514 508 2592 singulis
523 2515 716 2574 Sacramentis
730 2513 899 2574 tradidere
887 2534 950 2592 Jam
964 2514 1161 2584 recitavimus,
1175 2512 1252 2574 adeo
1266 2524 1297 2574 ut

105 2629 170 2690 opus
183 2631 241 2671 non
255 2612 294 2670 sit
306 2613 337 2670 in
351 2630 451 2671 eornm
462 2610 591 2671 doctrina
604 2610 772 2690 probanda
764 2612 922 2672 immorari.

138 2710 291 2771 Probatur
306 2709 350 2770 ΙΙ.
367 2708 470 2770 celebri
479 2710 717 2791 prescriptionis
732 2719 921 2790 argumento.

140 2814 184 2869 10.
206 2810 355 2884 Equidem
368 2821 451 2868 sexto
466 2810 580 2870 decimo
594 2810 717 2869 serculo'
710 2820 825 2868 ineunte
840 2818 953 2887 septem
967 2780 1195 2888 agnoscebantur
1208 2830 1300 2870 sacra·

106 2917 196 2969 menta
215 2927 268 2992 per
284 2918 370 2968 totam
392 2927 449 2982 qua
461 2908 516 2967 late
534 2908 647 2986 patebat
660 2906 844 2967 Ecclesiam:
867 2907 927 2965 imo
941 2917 970 2965 et
983 2906 1059 2984 apud
1076 2906 1194 2966 Grecos
1208 2909 1298 2968 schis·

108 3019 176 3066 mate
191 3028 208 3065 a
222 3007 335 3065 Latinis
349 3025 401 3083 per
415 3007 519 3065 saecula
543 3006 625 3083 plura
645 3005 784 3064 divulsos.
826 3005 872 3063 De
896 3003 1063 3063 Graecorum
1079 3004 1207 3064 doctrina
1220 3005 1300 3066 dubi·

109 3104 157 3162 tari
167 3106 289 3179 nequit;
305 3103 443 3162 habentur
458 3104 535 3163 enim
550 3104 674 3180 insignia
686 3103 750 3181 ejus
765 3102 946 3161 documenta.
986 3101 1127 3161 ieremias
1142 3103 1301 3179 patriarcba

108 3184 451 3278 Constantinopolitanae,
473 3219 590 3259 suorum
611 3199 728 3259 nomine
750 3199 866 3278 agnovit
886 3199 947 3258 “in
962 3218 997 3277 ea
1016 3199 1080 3277 ipsa
1101 3198 1251 3258 Catholica
1271 3211 1300 3259 et

109 3298 273 3361 Orthodoxa
296 3299 430 3358 Ecclesia
450 3311 561 3376 septem
583 3309 760 3357 sacramenta
780 3317 854 3368 esse,
885 3298 1059 3375 baptismum
1080 3298 1199 3367 scilicet,
1224 3299 1299 3358 sacri

106 3398 237 3487 unguenti
256 3397 431 3465 unctionem,
447 3415 555 3456 sacram
577 3386 1048 3464 communionemordinaticnem,
1071 3395 1295 3468 matrimonium,

110 3495 312 3571 penitentiam,
341 3502 369 3550 et
396 3502 529 3550 extremes
558 3491 700 3550 unctionis
734 3490 877 3550 oleum.”⁰
918 3490 1099 3569 Eucbologia
1131 3490 1299 3553 Graecorum

106 3592 136 3651 id
153 3575 342 3661 confirmant;
365 3588 443 3665 quod
457 3602 485 3648 et
499 3588 534 3648 de
549 3591 634 3648 sectis
645 3590 777 3648 omnibus
793 3589 985 3648 Orientalibus
1007 3589 1063 3647 dici
1077 3599 1182 3665 potest,
1198 3611 1299 3651 ornnes

110 3692 179 3750 enim
194 3702 305 3769 septem
320 3698 496 3748 sacramenta
510 3687 688 3766 predicent.⁷
728 3689 792 3748 Jam
808 3706 875 3745 vero
891 3706 980 3760 quum
996 3706 1032 3745 ex
1047 3687 1105 3746 illis
1126 3691 1302 3749 nonnullaea

112 3788 202 3861 quinto
217 3788 318 3847 saltem
333 3787 450 3854 saeculo,
466 3783 605 3844 aLatinis
620 3784 742 3849 divulsae
756 3787 823 3854 sint,
839 3803 957 3843 necesse
979 3796 1023 3843 est
1038 3796 1070 3842 ut
1083 3799 1192 3864 septem
1208 3788 1302 3865 agnita

142 3964 179 4029 (t)
195 3964 268 4015 Joan.
279 3981 322 4015 xx.
335 3968 378 4015 22.

144 4049 182 4117 (2)
200 4052 253 4102 Jec.
262 4068 286 4101 v.
298 4053 341 4100 24.

145 4133 180 4200 (3)
198 4141 213 4186 2
226 4137 292 4186 Τίιιι.
304 4137 321 4186 i.
333 4139 356 4185 6.

145 4223 180 4287 (l)
199 4223 269 4272 Mati.
282 4224 334 4274 xix.
347 4224 370 4272 6.

147 4306 184 4372 (6)
205 4307 271 4373 pr.
282 4324 306 4355 v.
318 4309 360 4376 32.

147 4390 184 4457 (6)
203 4391 316 4443 censure
327 4392 430 4442 confess.
444 4390 520 4441 Lntb.
531 4390 578 4441 sibi
587 4388 671 4441 obluta
682 4393 808 4442 1111676.
843 4391 907 4442 Vide
916 4390 991 4441 etiam
1008 4389 1085 4440 (lonc.
1098 4387 1306 4456 Consmntinopo

105 4463 208 4527 'lunum
218 4494 285 4527 anno
299 4479 364 4526 1638
386 4482 410 4526 et
421 4475 487 4526 ebed
498 4491 563 4525 enno
577 4477 651 4537 1642,
665 4475 773 4527 Primate
788 4477 883 4528 Russiae
895 4475 1031 4525 assidente:
1049 4474 1116 4526 ubud
1127 4489 1225 4541 quoqne
1236 4489 1301 4526 enno

124 4561 185 4612 1672.

152 4649 188 4716 (7)
206 4652 270 4704 Vide
280 4652 466 4703 Assemennum
479 4650 634 4716 Compendio
645 4649 740 4701 Storico
752 4651 809 4702 Vol.
820 4651 855 4702 111.
866 4648 931 4701 Ven.
944 4647 1018 4701 1736.
