2798 5092
107 352 165 409 278
426 349 482 411 BE
502 349 717 415 minorum
737 352 976 417 supensus.

144 507 235 589 Rerp.
256 508 347 569 Poena
360 509 454 570 delicti
468 520 512 568 est
522 511 642 587 punitio,
654 520 683 570 et
690 512 809 590 justitie
823 515 1002 584 exercitium,
1016 513 1140 590 ideoque
1153 514 1230 576 haud
1244 537 1293 579 ue·

105 610 228 670 cessario
243 608 279 668 ad
292 609 518 669 emendationem
532 608 670 687 dirigitur.
711 612 756 670 Ea
776 622 820 673 est
839 614 949 690 peccati
970 615 1123 692 turpitudo,
1146 628 1177 674 ut
1197 619 1292 693 puniri

106 707 216 776 debeat,
231 708 292 764 sive
306 703 512 765 emendationis
526 723 593 784 spes
610 708 711 776 subsit,
723 708 785 766 sive
799 718 930 786 peccator
943 709 1047 768 delicto
1061 711 1191 787 pertinax
1206 713 1293 773 iuhre·

104 817 172 865 reat.
213 802 346 863 Vindicta
369 803 441 872 haec,
464 822 527 878 quse
552 805 699 864 sanctitate
726 816 755 864 et
774 807 885 884 justitia
909 806 1005 866 divina
1032 809 1171 878 innititur,
1195 810 1291 871 Deum

8 922 12 927 ⁴
102 902 227 961 maxime
241 901 331 969 decet,
345 901 485 962 scelerum
500 903 598 976 utique
611 902 750 962 ultorem:
774 904 879 963 “Mihi
894 904 1035 964 vindicta:
1058 924 1111 983 ego
1125 908 1291 976 retribuam,

102 998 171 1059 dicit
184 997 373 1059 Dominus.”¹
414 999 580 1074 Numquam
602 1009 696 1059 autern
714 1004 892 1079 corriguntur
904 1002 1027 1078 reprobi,
1043 1003 1151 1080 quippe
1165 1023 1289 1078 quorum

103 1099 231 1158 voluntas
246 1099 275 1157 in
289 1097 364 1157 malo
378 1106 422 1156 est
435 1098 591 1166 obfirmata,
606 1098 704 1176 elapso
727 1098 901 1176 poenitentias
920 1099 1023 1177 spatio,
1039 1100 1115 1173 quod
1126 1101 1293 1178 Justissimo

100 1193 156 1253 Dei
177 1194 288 1273 judicio
310 1193 382 1252 intra
402 1180 488 1270 hujus
512 1193 576 1251 vira
595 1192 700 1251 limites
724 1193 894 1253 continetur.
934 1194 1034 1252 Manet
1060 1194 1145 1272 igitur
1173 1215 1293 1274 semper

99 1313 191 1371 poenre
202 1313 298 1362 causa,
313 1294 441 1352 voluntas
452 1292 563 1350 scilieet
574 1312 591 1349 a
602 1291 666 1351 Deo
680 1310 789 1352 aversa.
804 1295 805 1298 ’

140 1397 189 1453 80.
215 1390 282 1471 obj.
297 1395 326 1450 9.
349 1391 427 1451 luter
440 1389 573 1449 delictum
586 1401 614 1448 et
625 1409 738 1467 poenam
753 1392 899 1469 proportio
913 1389 1050 1449 servanda
1064 1402 1129 1450 estc
1147 1393 1209 1470 jem
1225 1392 1292 1453 rerd

97 1491 231 1552 delictum
247 1490 381 1567 temporis
398 1500 541 1548 momento
556 1489 723 1566 plemmqne
736 1489 893 1549 admissum
917 1490 1025 1549 nullum
1039 1489 1124 1549 habet
1145 1510 1213 1551 eum
1229 1509 1293 1550 cru·

96 1590 215 1648 cialibus
230 1587 341 1646 aeternis
356 1587 578 1665 proportionem.

137 1685 226 1763 Rerp.
249 1678 381 1743 Gravitas
395 1683 489 1742 delicti
504 1683 640 1760 temporis
654 1684 747 1761 spatio
761 1682 837 1757 quod
859 1683 889 1742 in
901 1702 936 1743 eo
952 1681 1089 1761 patrando
1103 1685 1289 1763 impenditur,

96 1801 155 1842 non
169 1792 214 1841 est
226 1780 407 1850 dimetienda,
422 1781 473 1840 sed
489 1801 518 1840 re
533 1782 606 1858 ipsa,
618 1793 646 1840 et
655 1783 741 1840 animi
752 1781 907 1840 voluntate.
929 1781 1007 1840 lntsr
1018 1782 1151 1843 homiues
1164 1786 1287 1862 graviori

96 1898 173 1958 saepe
188 1883 342 1957 puniuntur
362 1878 505 1956 supplicio
526 1898 590 1953 quoe
612 1881 748 1956 temporis
773 1890 918 1938 momento
943 1879 1069 1937 admissa
1090 1890 1169 1949 suut,
1190 1900 1229 1940 vr
1251 1901 1287 1960 gr

95 1977 259 2045 homicidia,
270 1995 353 2050 quam
369 1995 434 2050 qum
448 1996 499 2054 per
512 1976 675 2036 diuturnum
691 1979 826 2055 spatium.
854 1975 940 2044 Quod
950 1975 984 2034 ad
999 1977 1108 2054 peccati
1123 1980 1288 2055 gravitatem

83 2077 201 2145 attinet,
217 2076 327 2135 infinita
338 2074 466 2149 quedam
484 2076 546 2134 Deo
561 2076 699 2153 irrogetur
713 2076 826 2153 injuria,
843 2074 911 2135 dum
929 2085 1069 2141 creatura,
1084 2075 1289 2137 beneficiorum

94 2175 190 2241 oblita,
206 2174 298 2250 legem
321 2172 439 2249 negligit
461 2183 489 2230 et
513 2171 609 2240 violat,
630 2190 695 2230 cum
715 2190 856 2249 supremae
877 2170 1034 2248 majestatis
1048 2171 1214 2249 dispendio.
1255 2173 1288 2235 Iu

94 2284 242 2351 peccatore
257 2271 438 2348 pertinaciter
458 2269 571 2328 crimini
592 2269 746 2328 inherente
771 2270 908 2347 reperitur
928 2269 1058 2327 voluntas
1083 2288 1203 2350 semper
1224 2290 1290 2351 per·

97 2367 200 2427 candi:
223 2368 341 2444 ipsaque
356 2364 446 2423 semel
460 2365 488 2423 in
504 2364 578 2424 malo
593 2380 683 2425 morte
698 2365 843 2425 obfirmata
857 2366 959 2436 nequit
972 2364 1006 2423 ad
1029 2365 1126 2425 Deum
1149 2377 1288 2440 converti,

96 2465 223 2537 nihilque
238 2462 354 2521 exhibet
369 2461 444 2535 quod
460 2479 521 2519 eam
537 2482 553 2518 a
567 2481 651 2537 poena
665 2462 693 2520 iu
709 2480 795 2536 quarn
810 2463 927 2523 incurrit
940 2463 1115 2526 liberandam
1130 2470 1258 2531 suadeat.

135 2566 183 2620 81.
209 2560 275 2639 ooj.
293 2564 339 2617 10.
363 2559 410 2618 Ab
424 2559 503 2617 omni
517 2559 698 2619 humanitatis
712 2579 800 2619 sensu
815 2563 946 2622 abhorret
956 2575 987 2623 ut
995 2567 1059 2640 quis
1071 2569 1140 2627 diris
1153 2570 1184 2630 iu
1194 2591 1288 2633 aarum

94 2658 234 2718 crucietur
254 2655 422 2734 suppliciis:
452 2675 469 2713 a
492 2654 588 2714 divina
613 2675 680 2734 erga
699 2657 831 2717 homiues
852 2660 1076 2740 pietateprocul
1093 2684 1160 2726 esse
1181 2669 1288 2740 debet;

95 2759 159 2833 quis
179 2756 255 2815 enim
278 2763 357 2832 pater
379 2754 501 2812 filiorum
523 2753 680 2812 delectetur
699 2756 848 2814 cmciatul
890 2757 1063 2822 Carnificem
1086 2766 1286 2842 potiusquam

94 2868 201 2936 patrem
216 2854 311 2913 Deum
326 2852 524 2926 exhibeatqui
536 2852 690 2912 inferorum
704 2863 809 2913 retorna
822 2856 978 2932 praedicant
991 2861 1143 2938 supplicia.

132 2952 223 3031 Reep.
243 2950 358 3010 ,iudicia
379 2949 475 3010 divina
496 2950 579 3009 nobis
605 2950 635 3008 in
661 2950 815 3028 Scriptnris
829 2956 945 3024 sanctis,
962 2968 991 3015 et
1005 2957 1140 3019 Ecclesia
1155 2961 1288 3036 docente,

93 3053 241 3135 patefacta,
253 3060 319 3109 sunt
333 3048 517 3117 attendenda;
540 3068 597 3108 non
613 3061 709 3109 noster
725 3052 754 3110 in
769 3052 805 3111 iis
817 3054 977 3114 scrutandis
991 3075 1093 3117 sensus
1108 3064 1287 3135 sequendus.

95 3152 261 3211 “Humano
286 3159 359 3206 errat
380 3145 516 3215 affectu‚”
541 3147 589 3219 qui
617 3154 800 3224 peccatorum
824 3170 925 3228 poenas
952 3154 1073 3215 leviores
1099 3161 1238 3233 estimat,
1260 3176 1290 3224 et

95 3264 115 3292 “
128 3261 204 3311 tanto
219 3247 360 3308 invenitur
382 3263 474 3304 errare
489 3243 653 3314 deformius,
674 3259 704 3306 et
722 3258 819 3308 contra
838 3260 914 3310 recte
937 3251 993 3311 Dei
1010 3256 1096 3314 verba
1108 3264 1290 3335 perversius,

94 3360 199 3427 quanto
212 3347 267 3407 sibi
282 3344 392 3403 videtur
404 3344 508 3401 sentiro
522 3342 738 3405 clementius.”¹
778 3348 859 3407 Deus
878 3349 995 3423 quidem
1015 3364 1095 3430 pater
1113 3356 1291 3437 benignissi-

93 3468 158 3510 mus
180 3456 270 3506 morte
298 3442 454 3521 peccatoris
476 3441 521 3500 vel
542 3443 604 3519 ejus
625 3461 709 3520 poena
729 3463 787 3504 non
806 3446 937 3517 letatur,
954 3449 1004 3509 sed
1021 3451 1113 3528 judex
1135 3474 1229 3529 quum
1250 3461 1289 3519 cit

94 3544 289 3605 sanctissimus
318 3550 346 3597 et
373 3538 564 3611 equissimus,
579 3539 639 3598 odit
653 3551 681 3599 et
705 3543 787 3618 punit
799 3542 936 3617 quidquid
964 3566 980 3604 a
1004 3549 1162 3610 sanctitatis
1184 3573 1285 3616 norma

93 3654 138 3706 est
150 3642 284 3702 alienum.
326 3640 459 3697 Attamen
473 3654 590 3696 necesse
604 3651 718 3698 nonest
730 3659 795 3700 eum
810 3644 962 3721 concipere
976 3664 1075 3723 poenas
1090 3649 1282 3729 irrogantem

92 3761 159 3805 nam
173 3758 211 3799 ex
224 3738 287 3815 ipsu
301 3745 479 3814 peccatorum
494 3735 666 3805 conditione,
682 3756 770 3811 quum
784 3740 881 3817 procul
904 3742 963 3800 sint
986 3762 1003 3801 a
1024 3763 1112 3823 regno
1132 3751 1280 3822 coelorum,

93 3841 248 3902 vehemens
269 3835 356 3894 oritur
375 3832 465 3901 dolor,
482 3833 540 3906 qui,
565 3834 696 3892 omnibus
719 3836 871 3896 latentibus
894 3839 1045 3918 theologis,
1066 3856 1111 3902 est
1137 3851 1279 3909 maximus

91 3941 287 4002 damnatorum
304 3931 454 3998 cruciatus,
470 3949 560 4010 prena
573 3930 678 3991 domni
696 3933 798 3993 dictus.
840 3936 912 4003 Quae
933 3951 1025 3998 autem
1049 3944 1193 4020 supplicia
1207 3949 1279 4027 ignis

92 4039 209 4100 nomine
225 4034 255 4093 in
271 4029 418 4106 scripturis
429 4028 620 4107 designantur,
632 4048 692 4088 non
705 4031 774 4089 satis
795 4031 914 4093 feliciter
935 4036 999 4108 quis
1014 4038 1207 4115 explicuerim
1229 4064 1276 4105 uec

91 4138 167 4196 enim
182 4134 240 4213 igni
255 4148 312 4205 qno
326 4128 455 4187 fovemur
468 4138 512 4186 est
525 4127 636 4186 similis.
679 4127 821 4189 Ceterum
836 4133 957 4191 carceris
971 4134 1062 4211 ipsius
1078 4147 1108 4195 ut
1129 4140 1168 4198 ita
1182 4142 1275 4217 loqur·

90 4251 164 4299 mur,
180 4231 310 4308 adjuncta
323 4226 419 4285 haberi
434 4235 554 4303 possunt
567 4244 753 4300 quecumque
773 4228 831 4287 sint
851 4241 967 4290 externa
990 4230 1188 4299 damnatorum
1215 4261 1277 4320 sup·

91 4331 185 4408 plicia,
200 4329 268 4403 quin
283 4326 363 4385 Deus
378 4343 412 4384 es
426 4324 549 4384 inferens
563 4325 748 4403 concipiatur.

486 4565 528 4633 (1)
547 4565 672 4616 noman.
685 4567 724 4618 ro.

485 4654 529 4721 (2)
547 4653 613 4717 Aug.
624 4655 641 4705 l.
652 4654 703 4705 xxi·
713 4653 746 4704 de
757 4652 803 4705 civ.
814 4651 861 4708 Dei
877 4667 899 4708 e.
910 4653 970 4710 xvii,
