2798 5092
92 329 148 384 1⁰2
185 312 188 317 ¹
367 322 425 412 DE
448 321 707 382 HONESTATE
730 320 1004 382 lllllTRlMONll.

89 483 174 543 Hera
188 482 259 543 Adeo
274 483 423 559 expetierit
438 482 613 542 consortium
631 482 789 540 maritum.¹
830 482 947 540 Pestem
967 481 1075 538 idcirco
1087 480 1118 538 in
1135 480 1299 542 Maniche-

88 599 171 640 orum
188 579 487 656 rariisprcpaginibus
503 579 588 637 toties
604 580 734 645 recisam,
751 579 853 637 iterum
867 577 1037 636 exscindere
1051 597 1127 655 opos
1142 589 1200 638 est.

591 755 774 796 Pttoeosrrto.

133 851 367 912 Matrimonium
380 858 423 908 eat
437 850 472 909 dc
485 869 516 910 ac
526 849 641 910 licitum
655 859 682 910 et
696 850 863 911 baccatum.

134 947 285 1007 Probatur
299 945 325 1005 J.
341 965 377 1006 em
394 945 568 1025 Scripturt'a.

134 1053 162 1106 t.
176 1058 194 1085 ‘⁴
206 1046 290 1105 Dixit
299 1063 416 1120 quoque
426 1044 571 1103 Dominus
587 1044 677 1103 Deus:
691 1045 720 1102 N
724 1063 761 1103 on
773 1057 817 1103 est
829 1046 934 1105 bonum
946 1066 1012 1106 esse
1024 1047 1174 1106 hominem
1188 1046 1297 1106 solum:

94 1147 232 1206 faciamus
256 1145 283 1202 ei
306 1142 478 1220 adjutorium
492 1142 587 1201 simile
608 1142 696 1201 sibi.”
740 1143 917 1217 “Dixitque
943 1139 1034 1204 Adam
1059 1187 1066 1203 .
1090 1186 1097 1204 .
1122 1186 1130 1204 .
1154 1144 1300 1219 relinquet

95 1247 182 1303 bomo
195 1251 303 1320 patrem
326 1260 420 1309 suum,
435 1256 463 1298 et
484 1251 614 1308 matrem,
636 1250 666 1298 et
681 1238 835 1312 adherebit
850 1243 932 1300 uxori
946 1262 1020 1310 suae,
1038 1255 1066 1302 et
1079 1255 1165 1302 erunt
1187 1243 1247 1302 duo
1268 1243 1298 1302 iu

96 1362 180 1404 carne
196 1339 298 1399 una.’'²
339 1338 535 1398 “Masculum
558 1355 588 1397 et
612 1339 757 1398 staminum
773 1341 879 1399 creavit
898 1360 961 1400 eos.
1002 1342 1215 1416 Benedixitque
1241 1343 1299 1400 illis

96 1440 188 1503 Deus,
210 1451 239 1496 et
250 1438 303 1496 ait:
327 1437 457 1494 Crescite
478 1450 506 1494 et
528 1436 768 1512 multiplicamini,
794 1449 822 1494 et
836 1439 941 1515 replete
968 1438 1118 1498 terram.'’⁸
1143 1439 1299 1497 Geneseos

97 1540 190 1596 verbis
206 1535 291 1611 paulo
307 1549 371 1591 ante
386 1534 478 1591 citatis
493 1553 509 1590 a
524 1533 643 1591 Christo
656 1533 751 1591 relatis
767 1535 805 1592 ita
827 1535 990 1594 concludit:
1014 1537 1142 1611 “ltaque
1153 1556 1216 1614 Jarn
1240 1554 1299 1594 nou

96 1649 163 1693 sunt
174 1634 241 1697 duo,
257 1632 306 1689 sed
321 1651 377 1689 una
391 1650 466 1689 caro.
509 1632 593 1699 Quod
609 1651 677 1708 ergo
692 1630 773 1689 Deus
790 1634 949 1710 conjunxit,
966 1635 1052 1693 horno
1067 1654 1124 1693 uon
1139 1634 1303 1711 separet.”⁴

98 1733 256 1807 “Propter
289 1729 503 1787 fornicationem
532 1741 626 1786 autem
652 1731 850 1804 unusquisque
873 1750 954 1789 suam
980 1741 1099 1791 uxorem
1126 1733 1240 1802 lrabeat,
1272 1745 1302 1793 et

97 1845 276 1901 unaquaeque
304 1844 389 1883 suurn
415 1825 507 1883 virum
536 1826 648 1884 habeat.
692 1826 784 1885 Uxori
810 1828 853 1885 vir
877 1827 1004 1889 debitum
1026 1829 1141 1889 reddat:
1164 1832 1301 1890 similiter

95 1944 188 1987 autem
204 1939 232 1983 et
247 1944 320 1982 uxor
333 1924 404 1982 viro.
428 1966 436 1981 .
460 1966 467 1982 .
488 1967 507 2006 ·.
519 1925 618 1983 Nolite
642 1925 769 1984 fraudare
792 1926 927 1995 invicem,
942 1929 998 1986 uisi
1013 1924 1084 1987 forte
1098 1948 1135 1986 ex
1150 1949 1299 1989 consensu

94 2026 128 2087 ad
144 2038 268 2101 ternpus,
285 2036 315 2081 ut
330 2022 435 2080 vacetis
450 2023 592 2081 orationi:
615 2023 759 2082 etiterum
774 2026 949 2084 revertimini
965 2027 992 2084 in
1008 2026 1134 2104 idipsum
1139 2069 1277 2090 .....

102 2121 263 2190 “Quodsi
284 2139 342 2178 non
365 2139 396 2176 se
418 2120 574 2184 continent,
590 2121 707 2186 nubant;
729 2121 832 2178 melius
848 2133 892 2179 est
904 2125 982 2180 enim
1004 2125 1120 2191 nubere,
1143 2143 1231 2197 quam
1247 2126 1302 2185 uri.

93 2225 133 2282 lis
149 2203 253 2284 autern,
270 2218 318 2291 qui
335 2218 514 2274 matrimonio
534 2217 625 2292 juncti
649 2230 725 2284 sunt,
742 2219 878 2296 praecipio
906 2238 962 2278 nou
985 2238 1050 2298 ego,
1066 2220 1118 2279 sed
1141 2221 1299 2292 Dominus,

99 2336 218 2377 uxorem
235 2336 249 2372 a
265 2315 398 2370 virenon
415 2314 571 2371 discedere.
615 2313 647 2371 si
669 2325 762 2372 atttem
782 2316 926 2392 acceperis
942 2336 1072 2385 uxorem,
1087 2337 1144 2377 non
1162 2323 1303 2396 peccasti.

96 2416 174 2476 Etsi
191 2411 319 2488 nupserit
335 2412 424 2486 virgo,
441 2429 498 2468 nou
514 2413 652 2486 peccavit.
676 2453 684 2469 .
709 2454 717 2469 .
741 2453 748 2469 .
772 2413 805 2470 Si
827 2415 891 2486 quis
912 2429 1007 2472 autem
1033 2427 1143 2492 turpem
1159 2435 1192 2475 se
1208 2417 1302 2478 videri

95 2513 242 2573 existimat
255 2528 342 2585 super
353 2508 465 2584 virgine
480 2526 542 2574 sua,
558 2508 634 2580 quod
650 2511 688 2566 sit
701 2511 895 2585 superadulta,
910 2527 938 2570 et
953 2514 992 2571 ita
1004 2524 1116 2589 oportet
1131 2514 1205 2582 lieri,
1221 2517 1302 2590 quod

97 2613 166 2678 vnlt,
183 2610 285 2673 saciat;
303 2626 358 2663 nort
387 2619 494 2682 peccat,
520 2607 542 2663 si
568 2606 664 2666 nubat.
707 2607 796 2685 lgitur
817 2612 909 2684 etqui
933 2613 1115 2672 matrimonio
1131 2614 1232 2692 jungit
1246 2616 1304 2674 vir·¹

91 2712 189 2788 ginem
203 2725 294 2770 suam,
312 2706 383 2762 bene
399 2703 485 2761 lacit:
508 2705 600 2776 etqui
616 2724 672 2763 uon
690 2706 787 2783 jungit
802 2708 905 2766 melius
920 2709 1030 2768 facit.'’⁶
1070 2711 1230 2788 “Spiritus
1246 2732 1298 2772 an·

92 2822 150 2867 tem
176 2802 324 2862 manilcste
349 2800 428 2867 dicit,
452 2801 518 2874 quia
542 2801 572 2859 in
592 2803 758 2862 novissimis
781 2807 960 2882 temporibus
975 2807 1124 2869 discedent
1138 2810 1259 2882 qrtidam
1282 2831 1300 2870 a

94 2904 162 2971 fide,
175 2899 522 2975 attendentesspiritibus
537 2900 651 2968 erroris,
666 2913 695 2959 et
708 2901 845 2961 doctrinis
867 2902 1085 2973 demoniorum,
1101 2907 1131 2965 in
1145 2907 1303 2986 hypocrisi

95 3001 273 3074 loquentium
285 2996 476 3062 mendacium,
492 3009 520 3055 et
534 2999 716 3057 cauteriatam
730 3001 894 3059 habentium
909 3021 990 3061 suam
1006 3005 1225 3074 conscientiam,
1239 3027 1306 3086 pro·

94 3099 253 3159 bibentium
265 3093 419 3153 nubere.'’⁰
441 3104 460 3130 ‘⁶
474 3094 550 3152 Volo
565 3114 632 3171 ergo
642 3096 773 3174 juniores
788 3099 906 3167 nubere,
922 3100 997 3158 lilios
1013 3120 1175 3178 procreare,
1192 3115 1302 3176 matres

97 3197 219 3257 s..milias
234 3191 347 3250 esse.”⁷
389 3190 514 3249 “Adam
529 3208 586 3249 uon
600 3212 632 3250 es
654 3194 807 3264 seductus;
827 3197 1033 3256 mulieritatem
1049 3199 1167 3259 seducta
1182 3203 1213 3260 iu
1231 3223 1305 3282 prae·

93 3292 263 3352 varicatione
278 3289 341 3346 suit.
357 3287 520 3344 Salvabitur
531 3298 625 3346 autem
642 3308 691 3365 per
701 3290 824 3350 liliorum
834 3294 1058 3369 generationem,
1069 3296 1095 3353 si
1108 3301 1304 3373 permanserit

94 3393 122 3448 in
138 3389 204 3453 tide,
220 3398 248 3444 et
263 3385 425 3448 dilectione,
447 3395 476 3440 et
495 3385 729 3453 sanctificatione,
752 3408 816 3447 cum
843 3392 1044 3450 sobrietate.”⁸
1086 3403 1106 3430 ‘⁴
1119 3395 1303 3460 Honorabile

95 3485 270 3546 connubium
294 3484 323 3540 iu
352 3482 499 3549 otnuibus,
526 3493 555 3541 et
580 3483 678 3542 thorus
712 3485 962 3548 imnraculatus.''⁰
1015 3492 1152 3552 Christus
1180 3497 1305 3559 refertur

89 3583 203 3660 ¹nuptiis
218 3580 369 3646 adsistens,
386 3579 564 3648 miraculum,
579 3601 654 3655 aqua
668 3583 697 3642 in
713 3584 810 3643 viuum
825 3597 942 3656 mutata,
959 3595 1124 3665 patrasse.¹⁰

136 3679 289 3738 Probatur
303 3675 364 3735 III.
384 3675 586 3738 Consiliorum
601 3679 793 3741 authoritate.

137 3779 306 3854 Gangreuse
321 3775 427 3833 saeculo
442 3774 495 3834 lV.
511 3780 609 3836 c‘ontra
624 3779 817 3839 Eustathium.
859 3793 880 3819 ⁰⁸
893 3784 926 3842 st
940 3787 1006 3859 quis
1019 3786 1160 3864 vituperat
1173 3793 1304 3870 nuptias,

260 3909 302 3974 (l)
321 3907 378 3957 'l'he
389 3907 536 3975 'Pmtimony
548 3911 577 3961 cf
591 3910 697 3962 Christ's
706 3914 796 3963 second
808 3917 941 3980 appearing
952 3918 992 3970 ch.
1000 3919 1034 3969 iii.
1045 3935 1070 3970 n.
1080 3923 1120 3972 19.

263 3996 306 4061 (2)
326 3994 391 4044 Gen.
403 3995 429 4045 ii.
442 3998 482 4046 ta.
493 4001 535 4048 23.

265 4083 307 4148 (3)
327 4081 420 4131 Ibidem
430 4082 447 4132 i.
457 4085 498 4135 27.

266 4169 309 4234 (4)
330 4168 404 4218 Mart.
415 4168 467 4220 xix.
480 4172 504 4220 6.
533 4223 534 4227 Ἰ

279 4256 307 4320 5)
330 4257 338 4302 1
356 4253 414 4303 Gor.
424 4256 465 4304 vii.
476 4259 501 4305 2.

296 4515 304 4567 )
323 4512 382 4561 Ibid.
395 4514 410 4563 i.
425 4516 465 4564 15.

298 4598 308 4659 )
328 4595 393 4648 Heu.
405 4601 456 4651 xiii.
468 4603 493 4649 4.

296 4682 325 4746 0)
346 4683 417 4734 qun.
433 4685 459 4735 ii.
