2798 5092
468 311 733 402 onvraerurs
754 312 908 374 curru.
995 330 998 335 >
1228 316 1285 375 an

496 570 695 613 ostno'rtourre
708 569 891 612 SOLVUNTUR.

131 715 176 770 82.
204 710 271 790 obj.
290 716 317 771 l.
338 712 418 771 ‘Satis
440 713 532 772 innuit
552 711 739 790 Evangelista
760 711 916 771 Matthaeus
943 712 1065 771 Mariam
1090 723 1157 791 post
1172 724 1285 791 partum

98 808 230 885 virginem
244 827 302 869 non
317 810 476 868 mansisse:
500 819 519 847 “
532 822 682 884 antequam
701 806 935 868 convenirent.''¹
974 813 994 845 ‘⁸
1005 809 1076 868 Non
1096 814 1288 888 cognoscebat

96 906 268 974 enm‚rdonec
282 910 394 986 peperit
407 909 499 969 filium
513 928 596 968 suum
615 906 884 986 primogenitum.”⁸

126 1005 216 1084 Reap.
240 1006 274 1066 In
287 1026 323 1065 eo
337 1016 413 1066 totus
428 1018 481 1075 est,
496 1006 568 1067 locis
584 1007 715 1085 objectis,
732 1007 899 1074 Matthaeus,
914 1015 945 1065 ut
965 1006 1095 1065 ostendat
1118 1007 1201 1067 Isaiae
1216 1011 1287 1069 vati·

95 1103 194 1162 oinium
210 1105 240 1162 in
257 1104 357 1163 Mariae
381 1116 463 1182 partu
485 1105 654 1182 impletum:
677 1104 798 1163 affirmat
821 1102 927 1162 idcirco
949 1106 1152 1187 oommercium
1175 1106 1286 1165 nullum

95 1219 150 1261 eam
164 1204 241 1261 inter
255 1214 283 1261 et
295 1202 314 1261 J
316 1205 408 1282 oseplr
423 1219 487 1263 ante
504 1216 614 1281 partum
630 1203 837 1261 intercessisse.
872 1203 963 1270 “Qui
977 1203 1181 1263 incarnationis
1196 1205 1287 1264 incor-

95 1314 202 1378 ruptum
218 1313 384 1378 susceperat
397 1305 515 1379 probare
531 1302 711 1379 mysterium,
727 1320 785 1360 non
799 1303 910 1378 potavit
923 1301 1038 1360 uberius
1053 1302 1287 1380 prosequendum

95 1400 260 1476 virginitatis
276 1401 376 1458 Mariae
391 1401 598 1470 testimonium,
614 1418 650 1458 ne
666 1399 799 1459 defensor
810 1401 901 1478 magis
915 1399 1053 1478 Virginis,
1065 1420 1150 1476 quam
1166 1413 1288 1462 assertor

97 1482 222 1574 mysterii
237 1498 447 1558 crederetur.''⁸
487 1498 571 1559 Nihil
585 1499 712 1576 profecto
724 1518 757 1556 ea
769 1499 876 1556 ratione
888 1498 1025 1572 loquendi
1038 1500 1196 1559 insinuatur
1207 1500 1242 1559 de
1251 1503 1287 1560 iis

96 1613 151 1668 quae
161 1596 478 1674 deinceps'evenerunt‚
489 1617 553 1672 quae
566 1596 684 1675 proinde
697 1594 969 1673 usurpatur'passim
983 1599 1013 1657 in
1024 1598 1157 1656 omnibus
1168 1598 1287 1677 linguis,

97 1695 158 1767 quin
173 1694 284 1768 aliquid
299 1695 334 1752 iis
350 1714 413 1768 quae
429 1697 508 1773 prius
523 1695 598 1754 dicta
612 1707 680 1754 sunt
693 1695 867 1753 contrarium
882 1707 1011 1754 secutum
1026 1714 1090 1754 esse
1104 1696 1286 1776 intelligatur,

98 1791 159 1851 Non
180 1792 286 1852 desunt
306 1794 336 1852 in
359 1794 515 1871 Scripturis
531 1794 636 1852 similia
657 1794 739 1853 loca:
763 1792 1040 1867 “Dixit'Dominus
1061 1793 1187 1854 Domino
1203 1814 1286 1855 meo:

99 1889 165 1948 Sede
177 1911 193 1951 a
206 1890 314 1949 dextris
327 1892 410 1960 meis,
423 1891 512 1950 donec
523 1910 628 1968 ponam
643 1891 775 1949 inimicos
786 1902 849 1949 tuos
861 1891 1016 1949 scabellum
1031 1892 1136 1968 pedum
1151 1899 1290 1953 tuorum.⁴

99 1994 115 2021 ‘⁶
124 1987 317 2046 Michol'filioe
331 1987 402 2046 Saul
416 2007 473 2046 non
486 1996 531 2045 est
544 1999 627 2046 natus
641 1986 718 2045 filius
732 2003 825 2063 usque
839 1986 873 2044 in
883 1986 959 2045 diem
972 1988 1071 2045 mortis
1083 1987 1190 2046 suoe.'’⁵
1229 1990 1287 2056 Qui

100 2087 198 2159 primus
214 2084 308 2144 editus
323 2096 366 2144 est
381 2085 599 2164 primo-genitus
614 2085 764 2143 consuevit
778 2084 883 2151 vocari,
897 2084 1010 2144 etiamsi
1024 2085 1097 2144 alius
1111 2103 1169 2145 non
1183 2105 1285 2161 seque·

99 2168 179 2251 retur,
195 2200 264 2242 nam
280 2193 300 2220 ‘⁶
310 2194 375 2261 post
388 2202 478 2242 unum
493 2181 644 2242 mensom’'
660 2181 823 2241 offerendus
838 2181 920 2241 erat.l

132 2284 178 2338 83.
205 2279 274 2360 Odj.
289 2286 319 2340 2.
342 2283 472 2340 Fratrum
494 2280 566 2339 lesu
582 2281 688 2358 sepius
710 2281 743 2338 fit
756 2281 863 2339 mentio
888 2280 917 2339 in
939 2279 1104 2358 Scriptum,
1119 2292 1147 2341 et
1170 2282 1286 2357 quidem

103 2392 149 2435 nna
161 2398 228 2437 cum
243 2388 343 2447 matre,
359 2377 435 2452 quod
450 2377 574 2438 ostendit
588 2376 623 2436 de
638 2378 769 2436 fratribus
781 2378 900 2436 uterinis
915 2396 980 2436 esse
993 2397 1175 2440 sermonem:
1199 2390 1219 2419 ‘⁸
1229 2380 1287 2441 De·

103 2478 203 2537 recudit
218 2477 421 2554 capharnaum
435 2477 499 2554 ipse
513 2489 541 2535 et
556 2490 646 2534 mater
660 2477 733 2553 ejus,
749 2485 778 2534 et
792 2476 891 2535 fratres
906 2477 931 2555 ej
937 2476 1019 2535 us.’'⁷

133 2573 221 2652 Κεφ.
243 2574 353 2632 Notum
367 2582 412 2631 est
426 2573 540 2632 fratrum
557 2566 673 2632 nomine
695 2573 873 2650 propinquos
889 2575 998 2650 passim
1011 2575 1044 2634 'in
1059 2576 1215 2655 Scriptnris
1235 2577 1285 2637 de·

104 2669 207 2747 signari,
234 2690 299 2730 nam
326 2671 468 2730 Abraham
494 2680 523 2729 et
545 2671 601 2730 Lot
621 2670 721 2729 fratres
742 2671 883 2739 dicontur,
899 2682 1017 2748 patruus
1042 2673 1109 2733 licet
1122 2684 1152 2733 et
1170 2680 1288 2754 nepos.⁸

106 2765 176 2833 Quod
192 2770 375 2828 nominentur
389 2787 525 2827 unacum
549 2778 649 2838 matre,
665 2787 723 2827 non
738 2787 789 2827 eos
804 2769 930 2827 uterinos
951 2769 1051 2828 fratres
1065 2772 1175 2848 probat,
1190 2792 1287 2853 recep·

107 2870 140 2922 tus
152 2867 228 2926 enim
251 2865 389 2940 loquendi
404 2885 467 2926 mos
490 2866 600 2925 sinebat
615 2865 709 2940 utqui
732 2883 797 2923 rere
821 2866 963 2942 sanguine
977 2867 1123 2944 conjuncti
1143 2883 1224 2930 erant
1244 2873 1286 2931 ric

108 2965 202 3034 passim
217 2975 396 3022 vocarentur.

137 3065 181 3120 84.
207 3060 275 3140 obj.
291 3066 320 3120 3.
343 3061 450 3119 Saltem
465 3061 549 3120 otiosi
564 3071 613 3129 est,
621 3059 747 3118 hominis
762 3058 798 3117 de
813 3058 973 3137 virginitate
988 3071 1054 3138 post
1068 3074 1178 3140 partum
1194 3069 1286 3143 inqui·

109 3172 167 3228 rere,
183 3157 283 3237 judice
298 3158 421 3217 Basilio.

137 3253 222 3335 Resp.
244 3256 401 3332 Perperam
416 3253 537 3317 affirmat
551 3250 737 3312 Bloomfield⁰
756 3264 822 3330 post
836 3251 957 3330 Taylor‚
972 3254 1057 3314 otiosi
1072 3255 1196 3317 hominis
1210 3278 1286 3328 esse,

110 3350 203 3414 Basilio
218 3355 329 3434 judice,
345 3356 515 3431 investigare
530 3352 599 3427 quid
620 3352 705 3412 suerit
720 3353 815 3412 Maria
837 3364 903 3431 post
926 3364 1048 3431 partum,
1062 3367 1158 3434 utpote
1180 3359 1286 3421 nullius

111 3453 232 3511 nomenti
246 3451 282 3511 ad
298 3451 486 3528 mysterium:
509 3467 567 3509 non
582 3449 659 3507 enim
673 3469 707 3508 ea
718 3448 771 3508 fult
781 3450 963 3509 sanctissimo
974 3450 1082 3511 doctori
1094 3473 1186 3524 mens,
1198 3476 1287 3533 quum

112 3542 163 3619 ipse
173 3549 360 3626 virginitatem
374 3547 437 3623 ejus
453 3556 617 3623 perpetuam
630 3545 720 3604 tradat
733 3566 765 3604 ac
779 3555 905 3605 tueatur:
929 3545 980 3605 aed
994 3549 1194 3612 incarnationis
1210 3574 1288 3632 mys·

112 3645 195 3705 terium
210 3659 316 3706 sartum
340 3654 444 3704 tectum
470 3663 593 3712 manere,
609 3643 749 3718 quidquid
773 3644 808 3702 dc
829 3663 862 3702 ea
885 3646 932 3713 alt,
949 3647 1047 3706 meritd
1071 3647 1158 3710 dicit:
1190 3656 1286 3713 “Nos

114 3750 200 3813 autem,
215 3741 327 3803 etiamsi
341 3742 396 3801 hoc
411 3742 483 3801 nihil
497 3742 610 3819 pietatis
625 3745 762 3802 rationem
778 3743 875 3809 vitiet;
899 3762 1068 3819 nemusque
1090 3747 1123 3805 ad
1139 3748 1287 3826 dispensa·

423 3954 466 4021 (ll
486 3954 547 4005 Mat.
558 3955 575 4005 i.
589 3955 626 4007 18.

430 4043 473 4108 (a)
493 4041 615 4103 rb.v,ao.

428 4126 471 4195 (3)
493 4128 520 4178 S.
531 4129 645 4180 Ambros.
663 4126 734 4181 Gom.
745 4129 773 4179 in
784 4127 830 4179 Er.
847 4128 910 4180 Luc.
922 4147 943 4181 c.
953 4133 970 4182 i.
982 4134 998 4184 l.
1009 4131 1031 4180 2.

428 4217 470 4283 (4)
491 4217 532 4266 Ps.
544 4218 591 4268 cix.

429 4303 472 4369 (5)
491 4303 524 4352 11.
534 4302 594 4365 Reg.
606 4303 637 4353 vi.
649 4305 691 4351 23.

429 4385 472 4452 (6)
492 4387 569 4438 Num.
580 4387 648 4438 xviii.
666 4389 704 4436 16.

430 4473 473 4538 (7)
493 4473 565 4525 Joon.
576 4473 601 4525 ii.
617 4478 655 4523 12.

432 4556 476 4624 (8)
495 4557 559 4610 Gen.
570 4559 621 4610 xiii.
633 4563 657 4611 8.

432 4640 475 4706 (9)
495 4640 527 4693 In
538 4659 559 4695 c.
571 4643 588 4695 i.
600 4646 641 4694 25.
653 4643 714 4693 Mat.
