2798 5092
490 110 547 173 DE
569 110 760 183 virtutum
781 111 936 174 CULTU.
1251 118 1310 175 209

143 269 196 326 76.
218 268 286 349 ooj.
302 275 331 329 2.
353 270 472 331 Rectitm
488 270 600 330 Christi
623 283 713 330 mater
727 270 820 330 Maria
844 269 959 340 dieitur,
973 289 1059 346 quam
1085 271 1220 350 Deipara,
1241 292 1304 347 quae

97 379 162 423 vox
178 367 314 445 ambigua
327 378 381 437 est,
396 377 426 427 et
438 367 550 428 videtur
562 368 626 428 Deo
640 388 658 426 a
674 387 706 426 se
720 368 856 428 existenti
869 369 1017 445 injuriosa.

138 463 236 543 Reap.
260 467 353 526 Seusu
376 467 462 526 obvio
476 467 570 526 Maria
584 478 673 526 mater
687 466 744 527 Dei
757 466 869 535 dicitnr,
895 485 931 527 eo
950 466 1026 541 qnod
1042 465 1193 527 Christum
1207 486 1309 526 conce·

93 562 220 638 peritet
230 565 383 641 pepererit,
394 564 500 623 Filium
511 565 578 634 Dei,
588 564 741 639 Deumque
749 566 853 643 ipsum.
870 563 979 623 Omnes
987 565 1224 625 noruntdivinam
1232 577 1312 624 natu.

92 675 163 717 ram
193 659 275 717 omni
295 678 391 718 carere
412 660 504 729 initio,
527 660 681 734 Deumque
707 659 827 737 proinde
848 677 914 718 esse
936 679 953 717 a
972 677 1015 727 se,
1037 658 1108 718 adeo
1130 671 1161 718 ut
1185 661 1308 734 quisque

93 754 201 814 statim
215 755 356 835 intelligat
370 756 494 815 Mariam
508 766 627 816 matrem
652 755 709 815 Dei
724 754 791 825 dici,
814 754 972 815 secundum
995 755 1150 815 humanam
1166 774 1250 829 quam
1266 775 1309 814 as·
1348 750 1357 775 ¹

92 851 232 926 sumpsit
253 862 393 922 naturam,
418 863 437 890 ‘⁶
450 852 584 913 divinitas
602 854 681 913 illam
706 854 793 912 etiarn
814 852 962 913 loeminam
989 851 1104 922 lecerat,
1129 871 1189 912 non
1210 854 1241 911 in
1262 853 1310 912 illa

93 949 178 1008 lacta
194 949 334 1020 lerecat,”
350 953 392 1011 nti
405 962 481 1012 recte
495 962 593 1012 monet
606 949 807 1030 Augustinus.²

136 1051 193 1106 77.
216 1045 284 1135 ooj,
299 1052 328 1107 3.
350 1048 530 1128 lmpietatem
544 1059 573 1109 et
585 1049 794 1127 blasphemiam
816 1048 924 1109 redolet
935 1048 1090 1128 appellatio
1100 1048 1167 1108 illa:
1191 1050 1308 1109 ‘Mater

98 1143 175 1203 Dei.

137 1243 238 1323 Besp.
260 1244 370 1304 Nititur
380 1245 519 1323 mysterio
534 1244 589 1304 Dei
603 1245 669 1304 laeti
681 1245 819 1315 hominis,
828 1244 906 1319 quod
916 1244 1081 1305 hominihus
1093 1263 1179 1304 suum
1188 1263 1307 1305 sensum

94 1341 296 1416 sequentibus
319 1342 440 1401 stultum
458 1343 587 1412 hahetur,
602 1343 652 1401 sed
674 1341 806 1402 fidehbus
821 1341 946 1402 divinam
962 1361 1029 1420 erga
1042 1341 1174 1401 homines
1199 1343 1309 1401 miseri·

95 1437 234 1498 cordiam
248 1450 278 1497 et
302 1437 484 1499 dilectionem
511 1440 614 1518 prodit.
657 1440 723 1500 Hoc
748 1439 933 1500 fundamento
956 1441 1042 1499 totius
1057 1439 1125 1498 fidei
1146 1440 1307 1515 christique

93 1536 212 1614 posito,
238 1534 360 1595 dubitari
389 1537 488 1613 nequit
513 1538 636 1598 Mariam
659 1538 716 1598 Dei
741 1547 859 1598 matrem
874 1554 949 1606 esse,
975 1548 1004 1598 et
1025 1536 1145 1615 proinde
1159 1537 1199 1595 ita
1212 1537 1309 1615 appel·

97 1633 232 1695 laudam.

402 2118 428 2191 §.
442 2113 483 2174 11.
498 2110 546 2173 Du
562 2130 720 2175 renerum
734 2113 851 2172 Marum
864 2127 1070 2170 vrnorrumrrn.

147 2359 195 2416 78.
218 2355 342 2415 Mariam
358 2353 512 2413 Christum
536 2353 706 2431 concepisse
727 2363 756 2410 et
780 2351 940 2430 peperisse,
955 2349 1047 2409 illeso
1061 2349 1190 2427 virgineo
1204 2346 1306 2407 decore

95 2453 292 2522 probavimus
317 2453 348 2511 in
369 2462 488 2511 tractatu
508 2449 543 2509 de
567 2450 772 2528 Redemptore.
812 2449 887 2509 Eam
903 2448 1043 2508 mansisse
1065 2444 1200 2523 deinceps
1224 2447 1308 2524 virgi·

94 2560 174 2610 nem
187 2551 304 2631 negavit
317 2549 417 2624 quinto
441 2549 548 2608 seculo
569 2548 761 2616 lovinianusr
781 2546 832 2605 sed
847 2547 973 2607 hominis
988 2544 1164 2620 impietatem
1179 2553 1237 2601 tota
1258 2562 1307 2602 ex·

96 2638 376 2709 honoramenta.
418 2646 496 2707 Inter
517 2649 689 2705 recentiores
714 2645 851 2703 sectarios
866 2641 1082 2720 Episcopaliani
1096 2655 1308 2700 consueverunt

96 2755 276 2825 Perpetuam
290 2747 354 2824 ejus
369 2744 560 2823 virginitatem
575 2744 730 2811 vindicare,
745 2741 877 2816 quamvis
891 2759 949 2799 non
970 2756 1072 2797 omnes
1086 2736 1188 2796 eodem
1203 2741 1306 2796 erroris

51 2860 57 2873 ·
95 2845 239 2904 contrarii
254 2844 332 2904 odio.
374 2843 480 2903 Ceteri
503 2843 635 2920 plerique
656 2840 850 2900 Protestantes
873 2855 937 2896 eam
952 2834 1084 2894 familiari
1099 2852 1231 2892 sermone
1254 2836 1305 2893 im·

97 2950 235 3021 pugnare
248 2960 307 3002 non
322 2940 459 3008 dubitant,
475 2959 511 2999 eo
525 2940 617 3016 magis
632 2957 663 2997 se
684 2939 715 2997 in
739 2935 850 2995 Christi
864 2936 941 2995 cultu
955 2933 1093 3011 prolicere
1108 2932 1305 3023 existimantes

101 3050 167 3108 quo
179 3040 296 3119 longius
311 3058 329 3097 a
342 3040 440 3099 matris
453 3039 517 3118 ejus
531 3037 641 3097 honore
655 3034 802 3096 recedunt.

615 3268 803 3313 reoroslrlo.

147 3431 186 3493 B.
199 3434 314 3504 Murio,
332 3431 445 3492 Christi
459 3426 585 3489 Domim
598 3427 708 3499 Mater,
722 3429 811 3507 uirgo
823 3426 991 3506 permensit
998 3433 1153 3505 perpretata.

153 3528 303 3592 Probatur
317 3529 344 3590 I.
360 3548 397 3590 aa
414 3527 590 3607 Scriptura.

154 3633 200 3688 79.
222 3630 335 3708 Angelo
348 3647 411 3688 eam
426 3627 464 3687 dc
484 3625 545 3685 lilio
559 3624 696 3703 pariendo
710 3624 859 3692 edocente,
874 3623 1027 3698 quesivit:
1050 3620 1236 3688 “Quomodo
1258 3617 1307 3674 fiet

120 3719 196 3796 istud,
211 3728 349 3802 quoniam
365 3729 457 3786 virum
472 3746 530 3787 non
551 3741 695 3801 cognosco
705 3723 751 3779 Ψ
791 3722 849 3782 Ista
863 3720 1056 3798 interrogatio,
1072 3718 1176 3778 latente
1192 3715 1304 3777 Grotio,

123 3834 219 3886 eertum
242 3827 330 3886 animi
344 3828 524 3904 propositum
550 3824 644 3903 prodit
658 3821 847 3900 virginitatem
872 3837 986 3896 semper
1006 3815 1156 3882 servandi3
1178 3815 1204 3871 si
1226 3813 1303 3871 enim

126 3923 246 4003 conjugio
259 3925 390 3984 licuisset
403 3925 454 3994 uti,
470 3925 547 3984 nulla
558 3924 631 3982 foret
644 3922 714 3981 ratio
726 3938 777 3978 cur
788 3927 926 3992 quereret
937 3913 1083 3990 quomodo
1094 3912 1216 3990 paritura
1229 3911 1301 3969 soret

126 4010 211 4080 filium.
251 4022 286 4081 In
300 4031 399 4081 sancto
414 4021 562 4099 proposito
575 4021 687 4078 firmata
706 4017 744 4074 sit
757 4032 876 4074 necesse
890 4025 945 4082 est,
959 4031 996 4071 ex
1011 4030 1068 4085 quo
1083 4009 1175 4067 Mater
1190 4007 1301 4066 Christi

129 4114 194 4190 lacu,
208 4123 333 4181 sanctior
346 4129 375 4179 et
388 4119 539 4198 perfectior
553 4117 684 4176 eraserit.

477 4319 520 4386 (1)
541 4317 571 4370 L.
582 4319 616 4370 ir.
627 4317 659 4370 de
668 4331 789 4369 cessem
801 4313 902 4374 harag.

479 4405 523 4472 (2)
541 4404 604 4458 Luc.
615 4403 631 4456 i.
643 4405 684 4454 at.

691 4475 727 4530 18
740 4474 756 4506 i
