2798 5092
160 357 220 414 240
472 354 531 415 DE
551 354 861 418 renunculorum
881 355 1050 418 ORUOIG.

114 507 122 525 ‘
161 513 302 573 crucifixo
316 513 374 572 illic
389 514 473 590 plane
497 515 628 575 sumitur.
669 515 736 593 lpse
751 517 896 594 angelicus
910 516 1010 577 doctor
1024 516 1244 577 animadvertit:
1270 517 1370 578 “Cru-

160 627 224 668 cem
249 609 420 683 alloquimur
444 620 473 668 et
494 610 681 688 deprecamur
695 613 788 685 ·quasi
812 613 909 690 ipsum
934 612 1150 672 crucifixum.”¹
1200 614 1260 672 Pro
1285 632 1369 673 more

160 719 258 766 nostro
272 706 307 765 de
321 707 526 785 disceptatione
540 708 711 767 scholastica
725 710 800 768 circa
813 711 907 769 cultus
921 729 1012 786 genus
1027 711 1102 771 haud
1117 730 1219 771 sumus
1234 711 1343 771 soliciti
1357 731 1367 781 ς

161 803 190 863 id
204 815 299 862 tamen
314 804 575 872 animadvertimus,
591 805 698 865 nullam
713 806 878 866 idololatria
892 807 986 866 labem
1002 825 1039 866 ex
1053 809 1146 866 crucis
1158 806 1261 875 lutrio,
1276 826 1367 882 quam

160 911 321 979 propugnat
334 901 366 959 S.
380 901 521 970 Thomas,
537 901 668 972 derivari,
684 921 771 976 quum
784 903 920 962 reseratur
930 903 1030 984 ultimd
1051 903 1085 962 ad
1102 903 1274 973 Christum3
1297 906 1365 982 ipso

161 997 280 1058 docente
290 1011 424 1058 creaturae
433 1000 594 1059 insensibili
606 1001 714 1060 nullum
727 999 825 1059 deberi
833 1000 983 1071 honorem,
998 1002 1054 1061 uisi
1063 1016 1180 1080 propter
1194 1003 1365 1065 relationem

146 1097 198 1157 'ad
212 1098 379 1157 rationalem
394 1107 532 1156 naturam.
1243 1107 1337 1131 ’μ’

667 1291 850 1333 moruorum.

205 1434 279 1495 Vero
293 1433 484 1511 crustaque
500 1431 638 1491 Christus
646 1450 760 1511 porrus
773 1440 817 1491 ert
827 1433 948 1512 speciali
962 1433 1071 1493 honore
1091 1442 1134 1494 ert
1148 1435 1257 1514 digno,
1274 1435 1363 1515 cujus

158 1531 248 1592 etium
259 1531 419 1610 participes
430 1536 502 1588 suot
516 1546 615 1611 cruces
628 1527 764 1607 quaelibet
777 1527 818 1587 cd
830 1547 895 1588 oum
909 1529 1287 1612 repraeremuodumfootu.

198 1628 353 1689 Probatur
366 1626 393 1686 Ι.
407 1645 443 1686 eo·
461 1624 635 1704 Scripturr's.
1148 1640 1149 1645 ¹

200 1734 267 1789 157.
290 1737 310 1764 “
323 1727 406 1784 Sicut
419 1725 541 1802 Moyses
556 1723 692 1782 exaltavit
710 1733 872 1801 serpentem
887 1725 917 1783 in
932 1723 1064 1784 deserto:
1087 1726 1126 1784 ito
1146 1717 1266 1784 exaltari
1277 1743 1363 1803 opor·

158 1839 198 1888 tet
210 1824 316 1884 Filium
331 1821 480 1881 hominis:
502 1830 533 1878 ut
546 1821 641 1879 omnis
656 1820 706 1893 qui
720 1819 810 1879 credit
823 1821 853 1878 in
866 1820 974 1898 ipsum,
990 1841 1047 1881 nou
1061 1834 1168 1900 pereat,
1184 1821 1237 1880 sed
1255 1821 1363 1881 habeat

157 1928 243 1985 vitam
258 1918 438 1981 auruum.”⁹
478 1918 551 1976 “Et
570 1936 624 1995 ego
645 1917 672 1975 si
692 1918 832 1976 exaltatus
852 1918 933 1978 sucro
948 1928 1063 1988 eterra,
1078 1921 1176 1979 omnia
1190 1920 1302 1979 traham
1323 1919 1360 1978 ad

116 2006 120 2067 1
155 2019 349 2102 meipsum.'’⁸
378 2016 488 2077 Christi
502 2016 533 2075 iu
547 2034 663 2076 crucem
675 2016 799 2075 sublatio
813 2035 901 2075 causa
914 2016 1012 2076 salutis
1027 2017 1081 2076 tuit
1094 2018 1192 2095 generi
1219 2018 1359 2088 humano,

113 2070 121 2125 l
154 2124 252 2203 glorie
267 2132 361 2180 autem
374 2116 503 2183 Christo,
518 2114 569 2188 qui
583 2112 695 2174 domuit
708 2115 805 2173 orbem
820 2133 879 2173 non
892 2115 977 2182 ferro,
993 2115 1045 2174 sed
1059 2117 1147 2194 liguo.
1191 2117 1273 2194 Ergo
1289 2137 1360 2177 crux

155 2220 205 2281 illa
219 2218 342 2298 pretiosa
356 2221 443 2272 estet
457 2211 590 2289 gloriosa,
606 2221 635 2268 et
649 2229 752 2289 magno
766 2210 875 2270 honore
896 2209 1020 2289 dignata,
1036 2213 1119 2290 cujus
1134 2213 1279 2291 particeps
1294 2232 1360 2273 esse

157 2317 241 2377 debet
254 2312 390 2388 quaelibet
404 2309 467 2386 ejus
482 2307 588 2384 imago.

124 2412 131 2439 '
199 2413 267 2471 158.
289 2408 396 2468 Paulus
419 2405 505 2464 dicit:
530 2402 638 2462 “Mihi
663 2414 757 2462 autem
775 2403 848 2462 absit
871 2401 998 2481 gloriari,
1012 2405 1068 2463 nisi
1092 2405 1122 2464 iu
1137 2425 1223 2466 cruce
1238 2405 1362 2467 Domini

159 2509 249 2571 nostri
274 2507 346 2565 lesu
370 2500 527 2562 Christi.”⁴
565 2501 645 2560 Dum
671 2501 719 2558 alii
745 2501 775 2559 in
789 2520 873 2560 carne
894 2502 1092 2580 gloriarentur,
1101 2504 1360 2573 ,circumcisionem

156 2608 289 2670 fidelibus
301 2606 336 2663 ab
350 2602 521 2662 ethnicismo
535 2599 681 2658 conversis
696 2598 858 2668 suadentes,
867 2599 975 2659 Paulus
988 2602 1017 2659 iu
1032 2620 1115 2660 cruce
1131 2601 1243 2661 Christi
1256 2603 1360 2680 gloria·

157 2711 247 2775 batur,
262 2703 350 2763 tidem
364 2701 393 2759 in
408 2718 473 2758 eum
488 2696 657 2776 praedicans,
673 2707 701 2754 et
713 2696 835 2754 salutem
849 2695 917 2755 iude
928 2715 1057 2774 sperans.
1101 2698 1182 2757 Crux
1195 2700 1283 2778 igitur
1297 2712 1357 2760 tum

157 2825 214 2882 qua
227 2805 446 2863 instrumentum
471 2797 545 2854 lacta
563 2805 606 2853 est
620 2793 730 2861 salutis,
753 2804 813 2852 tum
836 2812 893 2867 qua
915 2792 1080 2870 symbolum
1093 2806 1139 2859 ,est
1152 2796 1223 2855 fidei
1236 2798 1359 2875 speique

61 2945 74 2971 ,
157 2901 330 2965 christianae,
346 2893 484 2975 gloriandi
499 2907 543 2952 est
552 2893 631 2971 justa
644 2910 750 2960 causu;
773 2899 802 2948 et
816 2891 924 2950 honore
938 2892 1058 2969 proinde
1071 2892 1168 2970 digna.

195 2995 348 3057 Probatur
361 2990 404 3051 II.
420 2990 551 3049 Petrum
564 2986 705 3047 unanimi
723 3000 878 3046 consensu.

197 3099 265 3156 159.
287 3095 320 3152 S.
337 3092 490 3151 Ounruuus
506 3088 817 3146 Hrnnosonurrrssuus
831 3087 887 3144 ait:
911 3096 931 3126 ‘⁸
943 3086 1024 3147 Crux
1046 3105 1147 3147 omnes
1163 3090 1358 3168 congregarit,

155 3197 259 3257 Persas
280 3190 386 3249 servire
408 3187 485 3254 fecit,
501 3182 626 3259 Scythas
651 3182 971 3262 cicuravit,AEgypri0s
986 3203 1003 3242 a
1020 3186 1101 3242 cattis
1127 3194 1156 3242 et
1178 3187 1300 3245 canibus
1320 3185 1354 3244 ad

154 3295 210 3356 Dei
225 3290 418 3370 coguitionem
443 3281 572 3342 adduxit.
615 3281 705 3340 Curat
726 3283 855 3351 morbos,
878 3281 1024 3342 demones
1045 3283 1133 3360 fugat,
1149 3285 1357 3344 veneficiorum

154 3405 182 3451 et
195 3387 419 3451 incantationum
441 3381 541 3440 evertit
561 3385 753 3456 imposturas:
777 3399 842 3438 cum
857 3380 928 3439 Jesu
944 3381 1091 3457 apparebit
1104 3381 1133 3440 in
1149 3382 1280 3440 coelo.”⁵
1322 3384 1354 3443 S.

156 3493 343 3549 hunrosms:
367 3481 551 3556 “Sapienter
567 3477 680 3538 Helena
701 3478 769 3554 egit,
784 3495 848 3552 que
863 3497 976 3536 crucem
991 3479 1021 3537 iu
1037 3479 1130 3555 capite
1144 3479 1252 3538 levavit
1266 3491 1295 3539 et
1316 3482 1357 3540 lo·

154 3587 236 3646 cavit,
249 3597 281 3643 ut
293 3599 364 3641 cmx
379 3577 490 3637 Christi
503 3577 534 3634 iu
547 3577 662 3653 regibus
677 3574 855 3634 adoretur.'’⁸
896 3576 928 3634 S.
944 3574 1081 3635 Joauuus
1095 3575 1356 3638 Gunusosuouus:

155 3685 285 3760 “Reges
300 3680 433 3757 deposito
448 3675 607 3760 diademate
627 3693 740 3733 crucem
756 3675 926 3752 suscipiunt,
942 3676 1041 3734 mortis
1063 3675 1140 3734 illius
1155 3679 1285 3755 signum.
1326 3678 1359 3738 lu

154 3783 306 3862 purpureis
319 3776 446 3834 vestibus
458 3792 528 3832 orux
540 3774 632 3832 inest:
656 3773 686 3830 in
697 3769 902 3840 diadematibus
914 3792 1004 3831 crux:
1027 3772 1057 3830 iu
1071 3774 1250 3834 orationibus
1263 3797 1334 3836 crux
1348 3797 1356 3834 r

61 3884 71 3912 ²·
151 3883 180 3940 iu
201 3877 287 3938 armis
308 3891 399 3932 crux:
421 3873 450 3930 iu
465 3889 545 3928 sacra
566 3889 664 3928 mensa
684 3888 774 3935 crux:
797 3871 943 3944 erubique
959 3874 1094 3929 terrarum
1116 3891 1188 3931 crux
1206 3876 1268 3932 sole
1286 3877 1351 3952 ipso

152 3979 254 4037 clarius
269 3963 434 4048 refulget.''⁷
469 3967 718 4038 &fidissumos
733 3966 768 4025 od
783 3967 950 4025 Marcellam
961 3967 1088 4026 scribens
1109 3969 1200 4028 animi
1215 3973 1351 4049 gaudium

453 4145 494 4212 (1)
514 4144 584 4194 Sum.
594 4144 629 4194 iii.
637 4159 662 4209 p.
672 4159 715 4208 qu.
725 4159 784 4194 xxv.
793 4143 881 4212 art—iv.
898 4141 929 4192 Si
938 4157 1005 4212 crgo.

454 4234 491 4293 (2)
508 4230 581 4280 loon
593 4230 627 4280 iii.
639 4229 678 4278 14.

455 4315 662 4383 fflffiffiw

456 4405 493 4464 (4)
512 4403 567 4452 Gal.
578 4404 611 4453 vi.
625 4402 664 4454 14.

457 4493 497 4556 (5)
517 4488 619 4540 (letech,
630 4488 683 4538 xiii.

457 4578 500 4641 (6)
519 4575 549 4624 ln
562 4575 629 4624 Orat.
640 4574 694 4623 fun.
702 4572 845 4623 Theodosii.

458 4661 501 4725 (7)
520 4657 596 4710 Hom.
613 4657 656 4709 lxi.
669 4657 737 4726 quod
750 4655 870 4708 curetur
882 4656 918 4709 sir
928 4657 1006 4707 Deus.
