2812 5092
412 302 468 364 on
489 302 625 362 saeuo
647 300 881 384 omtruaru.
994 337 995 341 a
1213 304 1267 373 rr,

55 469 179 521 seratum
193 481 200 520 τ
224 462 292 535 quia
318 462 392 521 ferro
405 481 525 521 necesse
539 473 583 521 est
597 460 764 519 excidantur
777 459 895 517 vulnera
908 476 972 531 quur
987 458 1178 517 fomentorum
1193 475 1258 516 non·

55 559 200 617 senserint
214 560 431 619 medicinam.”²
472 560 517 619 De
531 561 594 637 lege
604 560 665 636 jam
680 559 714 617 ab
729 557 854 631 antiquis
875 558 1050 634 temporibus
1065 557 1178 633 rigente
1190 554 1253 613 nul·

54 654 116 714 lum
130 655 276 715 dubitandi
291 656 384 716 locum
400 659 536 731 relinquit
556 657 694 733 pontifex,
710 667 799 712 tantas
814 673 913 731 poeuas
928 654 1185 731 transgressoribus
1210 653 1252 711 in·

55 761 178 811 tentans.

93 853 161 908 150.
184 851 216 907 S.
243 835 308 908 lieo
333 851 377 909 M.
402 851 497 928 legem
521 851 663 926 vigentem
689 848 775 906 etiam
796 849 930 925 agnovit:
954 845 1048 904 “Lex
1073 845 1254 905 continentiae

55 945 154 1005 eadem
180 957 224 1004 est
237 949 374 1006 ministris
397 949 502 1014 altaris,
524 967 587 1020 quae
612 946 758 1022 episcopis
783 958 867 1018 atque
889 945 1087 1021 presbyteris:
1109 944 1162 1016 qui
1185 962 1251 1002 cum

55 1054 153 1127 esseut
165 1043 241 1110 laici,
257 1045 317 1103 sive
332 1044 462 1112 lectores,
477 1045 553 1103 licite
566 1054 595 1102 et
608 1061 712 1101 uxores
728 1040 842 1107 ducere,
857 1052 886 1099 ct
899 1041 974 1099 lilios
989 1059 1138 1117 procreare
1152 1031 1253 1117 potue·

54 1150 131 1197 runt.
181 1140 239 1198 Sed
264 1160 329 1200 curn
354 1141 389 1199 ad
412 1141 561 1217 pradictus
583 1141 764 1217 pervenerint
783 1138 897 1215 gradus,
913 1141 1000 1214 coepit
1024 1137 1065 1196 eis
1087 1155 1145 1195 non
1164 1136 1252 1195 licere

56 1235 134 1309 quod
149 1237 238 1295 licuit.
282 1238 367 1297 Unde
381 1251 410 1296 et
424 1237 458 1296 de
474 1237 579 1297 carnali
594 1238 643 1294 liat
656 1230 803 1313 spirituale
817 1236 994 1313 conjugium,
1009 1245 1121 1312 oportet
1133 1253 1184 1293 coe
1198 1253 1253 1293 nec

61 1334 203 1393 dimittere
218 1356 334 1405 uxores,
346 1350 375 1396 et
388 1338 470 1410 quasi
485 1355 544 1394 non
556 1336 688 1402 habeant,
698 1337 745 1392 sic
760 1334 947 1407 habere,quo
958 1333 1073 1392 etsalva
1081 1336 1119 1392 sit
1131 1332 1253 1392 charitas

57 1433 257 1510 conjugiorum
272 1445 301 1492 et
314 1447 428 1494 cessent
441 1440 527 1510 opera'
538 1432 747 1509 nuptiarum.’-’²

96 1529 249 1591 Probatur
264 1532 307 1590 II.
324 1532 516 1592 conciliorum
531 1531 663 1590 decretis.

100 1633 165 1687 151.
189 1630 397 1715 Eliberitannm
412 1631 576 1696 concilium,
592 1639 691 1701 quarto
704 1628 810 1687 saeculo
824 1629 940 1698 ineunte
952 1629 1089 1696 habitum,
1100 1629 1142 1687 sic
1156 1627 1252 1686 decre·

54 1727 114 1784 vit:
146 1728 289 1787 “Placuit
309 1729 339 1786 in
363 1739 451 1786 totum
475 1727 620 1804 prohiberi
642 1727 798 1803 episcopis,
823 1727 1009 1803 presbyteris,
1035 1727 1201 1785 diaconibus
1223 1736 1253 1783 ct

56 1825 276 1883 subdiaconibus
292 1827 393 1903 positis
410 1828 440 1884 in
456 1826 623 1892 ministerio,
639 1826 778 1883 abstinere
793 1844 855 1883 sea
875 1826 1046 1902 conjugibus
1060 1825 1131 1892 suis,
1146 1834 1175 1882 ct
1194 1843 1253 1882 nou

30 1965 32 1970 .
56 1940 191 1998 generare
212 1923 309 1980 filios:
332 1923 505 1996 quicumque
521 1920 588 1979 verb
611 1921 719 1987 fecerit,
735 1922 769 1979 ab
790 1921 898 1979 honore
921 1921 1068 1979 clericatus
1082 1921 1253 1979 extermine-

56 2017 148 2076 tur.’'³
189 2019 414 2077 prohibitionem
440 2019 515 2076 hanc
536 2027 628 2075 vetere
652 2017 803 2093 disciplina
825 2019 924 2075 nixam
938 2036 1002 2074 esse
1015 2028 1125 2076 constat
1138 2035 1174 2074 ex
1190 2016 1252 2073 aliis

57 2134 121 2190 qcae
136 2115 236 2185 damus
251 2117 438 2175 documentis.
483 2158 485 2166 .

100 2218 168 2273 152.
192 2213 357 2273 Concilium
381 2213 614 2298 Carthagirrensq
634 2211 673 2269 ΙΙ.
698 2231 772 2270 anno
798 2211 995 2270 390exhibet
1019 2211 1189 2288 episcopum
1209 2208 1253 2267 sio

58 2313 245 2386 loquentem:
270 2323 288 2349 ‘⁶
301 2315 377 2370 Cum
392 2314 421 2370 in
437 2313 578 2388 praeterito
593 2311 715 2369 concilio
729 2310 763 2368 de
778 2311 959 2369 continentiae
970 2322 998 2368 ct
1009 2309 1143 2368 castitatis
1157 2308 1255 2366 mode·

57 2410 168 2467 rumine
186 2419 358 2474 tractaretur,
374 2407 477 2486 gradus
492 2408 539 2466 isti
554 2417 610 2465 tres
624 2408 833 2484 conscriptione
848 2406 969 2481 quadarn
991 2406 1112 2465 castitati
1126 2424 1178 2482 per
1188 2422 1256 2463 con·

58 2509 233 2565 sacrationes
248 2508 353 2565 annexi
367 2518 454 2564 sunt:
476 2507 641 2583 episcopos,
657 2507 786 2578 inquam,
801 2510 996 2584 presbyteros,
1011 2516 1040 2563 ct
1053 2505 1200 2572 diaconos,
1216 2478 1255 2561 ila

57 2600 177 2682 placuit,
192 2617 222 2681 ut
242 2604 382 2662 condecet
406 2620 603 2662 sacrosanctos
623 2604 762 2670 antistites
776 2615 805 2663 et
829 2604 885 2662 Dei
906 2603 1078 2670 sacerdotes,
1094 2620 1206 2660 necnon
1227 2611 1256 2658 et

54 2704 168 2772 levitas,
183 2705 224 2761 vel
240 2698 289 2776 qui
303 2704 487 2761 sacramentis
500 2703 606 2761 divinis
616 2703 784 2770 inserviunt,
794 2705 973 2761 continentes
986 2720 1051 2760 esse
1066 2702 1096 2759 in
1108 2701 1252 2767 omuibus,

56 2821 116 2876 quo
130 2804 242 2880 possint
255 2802 433 2878 simpliciter,
449 2800 525 2873 quod
541 2821 557 2858 a
572 2800 636 2859 Deo
656 2802 809 2878 postulant,
831 2801 1001 2884 iurpetrare3
1023 2818 1063 2858 ur
1077 2817 1154 2864 ouon
1166 2801 1256 2857 Aros-

56 2919 129 2960 uocr
142 2918 332 2967 uocueuuu‘r,
348 2918 388 2957 aa·
402 2918 466 2957 rese.
486 2918 629 2957 snuvuvrr
643 2917 837 2974 nnmourrns,
847 2917 900 2959 nos
921 2917 1036 2972 quoque
1051 2898 1255 2956 custodiemus.
1344 2946 1349 2959 ,

58 2999 203 3058 Omnibus
226 2999 328 3074 placet,
345 2989 376 3055 u't
397 2998 537 3074 episcopi,
554 2997 724 3074 presbytcri,
739 3009 767 3054 et
789 2996 912 3064 diaconi,
935 2997 979 3054 rel
1004 2998 1054 3070 qui
1078 3008 1256 3055 sacramenta

58 3104 244 3162 contrectant,
262 3094 406 3171 pudicitiae
423 3092 567 3161 custodes,
583 3095 668 3151 etism
684 3096 718 3151 ab
732 3094 868 3151 uxoribus
883 3112 914 3151 se
926 3095 1095 3152 abstineant.
1137 3094 1182 3151 Ab
1196 3111 1257 3150 om·

59 3195 146 3253 nibus
161 3193 267 3263 dictum
282 3206 343 3250 est:
367 3193 465 3250 Placet
479 3200 509 3248 ut
524 3192 552 3249 in
568 3193 712 3259 omnibus,
728 3204 756 3250 et
770 3193 803 3250 ab
818 3192 951 3251 omnibus
965 3192 1102 3271 pudicitia
1116 3191 1256 3249 custodia·

58 3304 116 3360 tur,
132 3291 181 3364 qui
198 3291 277 3348 altari
291 3288 506 3347 deserviunt.”⁴

100 3393 167 3447 155.
191 3387 415 3465 Carthagincuee
445 3387 482 3445 V.
508 3386 653 3445 decrevit:
677 3386 781 3447 “Cum
804 3387 839 3446 de
864 3387 1052 3462 quorumdam
1075 3388 1254 3457 clericorum,

58 3487 191 3560 quamvis
206 3505 273 3561 erga
288 3504 392 3542 uxores
417 3485 555 3561 proprias,
579 3485 782 3544 incontinentia
803 3487 963 3554 referretur,
980 3487 1085 3562 placuit
1102 3469 1255 3564 episcopos

61 3599 90 3645 et
105 3587 289 3663 presbyteros
313 3594 342 3641 et
363 3583 510 3651 diaconos,
526 3584 684 3642 secundum
711 3585 805 3660 priora
827 3597 940 3653 statuta,
956 3585 1039 3642 etiam
1064 3586 1098 3645 ab
1120 3586 1256 3644 uxoribus

58 3683 217 3743 continere.
251 3681 343 3748 ¹Quod
358 3681 414 3751 nisi
428 3681 547 3739 fecerint
560 3682 595 3739 ab
610 3682 805 3740 ecclesiastico
821 3696 1019 3741 removeantur
1032 3682 1178 3743 officiam

104 3783 172 3837 154.
195 3778 358 3837 Concilium
375 3779 530 3835 Taurinate
545 3796 620 3835 anno
635 3781 693 3838 397
708 3779 821 3836 statuit:
846 3788 865 3815 ‘⁴
879 3778 920 3836 Hi
932 3792 1025 3839 auteur
1041 3780 1090 3853 qui
1105 3790 1203 3839 contra
1215 3781 1256 3839 iu·

60 3876 215 3937 terdictum
229 3886 296 3934 sunt
309 3875 441 3942 ordinati,
458 3875 502 3933 vel
517 3877 546 3932 in
568 3877 726 3934 ministerio
747 3877 823 3934 filios
843 3887 1012 3954 genuerunt,
1027 3896 1064 3937 ue
1079 3877 1115 3938 ad
1134 3878 1256 3954 majores

56 3975 163 4055 gradus
178 3975 309 4051 ordinum
323 3975 530 4051 permittantur,
546 3973 650 4049 synodi
665 3974 791 4032 decrevit
804 3975 1004 4033 auctoritas.”⁸
1089 4016 1090 4020 ,
1249 4043 1253 4051 ³

102 4073 176 4132 Haec
190 4070 378 4130 conciliorum
401 4070 514 4129 decreta
536 4070 717 4128 manifestum
740 4071 856 4139 faciunt,
878 4072 972 4148 legem
987 4075 1134 4132 coelibatus
1157 4083 1280 4146 quarto¹

359 4233 396 4291 (1)
415 4229 463 4294 Ep.
474 4225 506 4278 ed
520 4229 658 4283 Himerlum
670 4224 802 4280 Tarracon.
811 4247 833 4281 c.
844 4230 886 4282 vil.

363 4320 400 4377 (2)
418 4316 466 4380 Ilp.
477 4317 534 4365 xcii.
546 4316 577 4365 ad
589 4315 719 4366 Rusticum
728 4315 883 4370 Narbonem.
893 4317 957 4369 citi.

366 4406 402 4462 (3)
422 4402 486 4452 Can.
498 4403 585 4452 xxxiii.

366 4489 407 4554 (4)
426 4487 523 4541 Cen-ii.

365 4577 408 4642 (5)
429 4577 493 4629 Can.
504 4579 531 4628 ii,

361 4662 404 4730 (6)
424 4661 488 4712 Cen.
499 4663 550 4715 viii.
561 4663 626 4730 apud
636 4663 713 4714 Herd.
724 4671 740 4714 t
752 4663 769 4714 i.
780 4663 827 4715 col.
839 4664 897 4713 960.
948 4722 951 4726 ,
