2798 5092
489 358 546 419 nu
567 358 824 448 nnmerum„

568 635 753 678 mmmm·

96 773 207 834 Christi
223 791 355 853 regnum
370 793 438 836 curn
454 774 573 837 Sanctis
587 775 620 835 in
638 777 727 836 terris
734 794 790 856 per
803 775 883 837 mille
897 795 1002 847 annos,
1016 795 1068 838 nec
1085 776 1284 867 ScripttrrisX

64 887 112 930 tter
125 869 287 930 traditione
295 871 452 949 probatur.

92 967 255 1051 Probatur,
269 970 421 1031 evertendo
425 969 665 1051 fundumentum
679 971 837 1032 contrariu
848 972 1031 1033 assertionis.

95 1071 161 1127 tou.
176 1066 263 1134 Quod
277 1067 312 1125 ad
327 1068 487 1146 Scripturas
497 1069 627 1152 pertinet,
639 1086 703 1143 quae
718 1070 748 1127 iu
758 1067 937 1147 Apocalypsi
946 1069 1077 1130 dicuntur
1090 1070 1125 1129 de
1138 1068 1246 1148 duplici

57 1168 273 1234 resurrectione,
289 1166 367 1225 etde
382 1166 496 1226 diabolo
516 1185 568 1244 per
588 1167 665 1226 mille
680 1185 771 1226 anuos
785 1167 882 1246 ligato,
894 1179 923 1228 et
937 1167 972 1229 de
987 1170 1158 1248 martyribus
1179 1190 1244 1231 cum

56 1261 122 1321 Jesu
138 1263 216 1321 mille
231 1263 312 1322 aunis
334 1265 529 1343 regnantibus,
545 1265 688 1342 praecipue
711 1262 875 1324 afferuntur.
916 1265 962 1324 Ea
984 1278 1077 1326 autem
1094 1267 1187 1327 verbis
1202 1268 1243 1326 in·

56 1360 229 1438 signisaane
244 1361 417 1440 interpretis,
433 1362 597 1440 Augustini,
613 1363 710 1437 qui—et
730 1364 877 1422 senteutiae
897 1381 957 1422 suu
978 1362 1059 1423 affert
1079 1380 1244 1441 argumenta
1283 1381 1286 1386 ·

51 1455 129 1532 juvat
143 1456 309 1534 explicaret
325 1508 328 1513 Α
342 1467 362 1494 “
375 1457 449 1517 Sunt
462 1470 490 1517 et
504 1459 725 1517 resurrectiones
747 1457 825 1537 duae,
842 1478 898 1528 uua
919 1459 1012 1536 prima
1031 1478 1094 1535 que
1115 1479 1191 1535 nunc
1205 1472 1250 1520 est

55 1545 222 1624 animarum,
237 1574 300 1630 quae
315 1557 412 1615 venire
427 1575 483 1616 uun
500 1556 635 1634 permittit
648 1557 677 1615 in
692 1569 813 1615 mortem
827 1556 993 1620 secundam.
1034 1560 1100 1618 Alia
1109 1560 1245 1628 secunda,

55 1673 114 1728 quae
130 1671 208 1714 nunc
223 1674 280 1715 uon
295 1668 348 1723 ast,
361 1655 412 1715 sed
427 1656 457 1715 in
468 1656 567 1716 seculi
582 1656 639 1714 fine
661 1655 754 1716 futura
767 1668 828 1724 est;
850 1676 904 1716 uec
924 1658 1093 1727 animarum,
1114 1659 1166 1718 sed
1188 1679 1250 1720 cor·

54 1770 155 1827 purum
170 1763 231 1836 est:
254 1772 317 1826 quae
332 1772 384 1831 per
398 1752 529 1812 ultimum
546 1751 686 1830 judicium
702 1753 773 1812 alios
788 1754 880 1813 mittet
893 1755 923 1813 in
944 1755 1097 1816 secundam
1115 1768 1247 1818 mortem.

55 1848 96 1907 De
110 1848 162 1907 his.
174 1848 283 1908 duabus
297 1851 549 1909 resurrectionibus
565 1850 641 1908 idem
654 1850 782 1908 Joannes
798 1838 985 1928 Evangelista
1002 1852 1031 1911 in
1046 1872 1081 1912 eo
1102 1853 1174 1912 libro
1197 1855 1247 1928 qui

55 1944 155 2005 dieitur
179 1946 366 2024 Apocalypis,
382 1965 416 2006 eo
442 1946 528 2006 modo
552 1947 664 2005 locutus
689 1959 742 2014 est,
757 1958 788 2005 ut
812 1965 910 2008 earum
931 1949 1055 2023 primae
1080 1948 1249 2024 quibusdam

53 2044 156 2103 nostris
172 2063 229 2103 uon
244 2044 394 2114 intellecta,
409 2046 527 2121 iusuper
540 2044 625 2103 etiam
641 2044 669 2102 in
685 2043 823 2118 quasdam
845 2043 977 2103 ridiculae
998 2044 1118 2103 fabulas·
1129 2057 1250 2104 vertere·

56 2151 109 2198 tur.
151 2140 202 2198 Ait
221 2141 329 2217 quippe
350 2140 380 2199 iu
401 2140 474 2199 libro
497 2152 652 2198 memorato
665 2139 792 2199 ioannes
807 2140 985 2217 Apostolum
1008 2141 1068 2201 ‘Et
1081 2141 1139 2199 vidi
1154 2143 1251 2221 Ange·

56 2235 112 2296 lum
127 2236 350 2297 descendentem
363 2237 398 2296 de
413 2238 494 2305 crelo,
510 2238 661 2297 habentem
686 2238 793 2297 clavem
810 2238 918 2314 abyssi,
932 2247 962 2297 et
979 2248 1107 2298 catenam
1122 2240 1150 2297 in
1163 2259 1249 2320 manu

57 2348 115 2417 tna,
130 2344 161 2391 et
176 2333 266 2391 tenuit
280 2332 432 2393 draconem
448 2334 529 2392 illum
544 2346 706 2411 serpentem
730 2334 889 2408 antiquum,
905 2335 955 2409 qui
977 2336 1193 2425 cognominatus
1207 2348 1251 2396 est

57 2412 194 2498 diabulus,
206 2444 234 2488 et
246 2430 374 2498 Satanas,
387 2429 549 2509 et'alligavit
561 2430 638 2489 illum
652 2429 729 2488 mille
741 2431 834 2494 annis.
844 2444 873 2490 et
881 2433 960 2491 misit
969 2432 1067 2492 illum
1061 2452 1090 2492 tn
1102 2434 1255 2512 abyssum,-

56 2537 81 2584 et
102 2520 224 2585 clausit·
246 2538 275 2585 et
294 2528 417 2605 signarit
440 2546 527 2604 super
551 2545 617 2585 eum
638 2539 746 2586 utnon
767 2528 942 2587 seduceret
930 2549 991 2607 gam
1017 2542 1127 2607 gentes,
1157 2530 1249 2590 donec

57 2624 193 2683 liniantur
207 2624 285 2683 mille
299 2626 365 2684 anni
380 2644 387 2683 ε
409 2638 475 2703 post
489 2625 551 2707 haec
565 2637 677 2702 oportet
691 2644 758 2684 eum
771 2626 845 2684 solvi
860 2627 938 2685 brevi
962 2638 1099 2705 tempore.
1140 2628 1182 2686 Et
1195 2628 1251 2688 vidi

56 2722 151 2790 sedes,
168 2735 197 2780 et
211 2722 343 2781 sedentes
357 2742 444 2800 super
457 2740 517 2789 eas,
534 2736 562 2781 et
572 2723 713 2799 judicium
728 2723 823 2782 datum
839 2734 882 2780 est
895 2723 972 2781 illis:
995 2736 1024 2782 et
1045 2725 1154 2783 animas
1177 2725 1251 2785 occi·
1327 2780 1330 2786 .

51 2836 149 2880 sorum
166 2833 282 2898 propter
303 2806 497 2880 testimonium
520 2818 601 2888 lesu,
618 2833 645 2877 et
660 2831 775 2898 propter
791 2821 909 2878 verbum
925 2820 992 2900 Dei,
1034 2820 1112 2880 Etsi
1127 2824 1177 2896 qui
1192 2843 1250 2883 nou

51 2919 244 2979 adoraverunt
266 2920 395 2986 bestiam,
410 2937 463 2978 uec
489 2919 642 2995 imaginem
665 2918 750 2995 ejuse
773 2937 824 2976 nec
845 2927 1015 2995 acceperunt
1035 2918 1249 2999 inscriptionem
1280 2915 1281 2918 ¹

50 3013 80 3075 iu
94 3016 202 3083 fronte,
218 3025 266 3074 aut
286 3017 314 3074 in
330 3005 415 3076 manu
430 3034 492 3084 sua,
508 3028 537 3074 et
550 3024 739 3092 regnaverunt
752 3033 818 3072 cum
832 3013 904 3073 Jesu
925 3013 1002 3072 mille
1024 3015 1126 3073 annis:
1149 3019 1251 3092 reliqui

46 3128 153 3172 eorum
170 3131 227 3171 non
249 3113 390 3180 vixerunt,
416 3110 508 3170 donec
529 3110 661 3169 finiantur
682 3111 758 3169 mille
773 3111 849 3168 anni.
892 3108 964 3168 Haeo
978 3112 1145 3170 resurrectio
1159 3114 1251 3189 prima

43 3222 105 3270 est.
150 3210 257 3268 Beatus
272 3221 300 3268 et
314 3223 427 3269 sanctus
442 3221 496 3278 est,
513 3210 561 3282 qui
579 3209 662 3267 habet
677 3209 706 3266 in
721 3207 775 3266 hac
790 3207 881 3286 prima
900 3209 1104 3267 resurreetione
1125 3224 1245 3286 partem.

45 3304 88 3367 In
104 3307 171 3365 istis
186 3306 312 3365 secunda
326 3324 402 3365 mors
420 3324 476 3364 non
503 3305 586 3363 habet
609 3313 787 3381 potestatem,
810 3303 860 3362 sed
875 3316 957 3362 eruut
970 3303 1137 3365 Sacerdotes
1152 3303 1208 3362 Dei
1223 3316 1252 3389 et

41 3402 177 3470 Christi,
202 3418 232 3461 et
252 3403 409 3481 regnabunt
423 3420 488 3461 cum
504 3420 538 3460 eo
554 3402 632 3460 mille
647 3400 750 3460 annis!
792 3401 851 3469 Qui
875 3413 990 3479 propter
1011 3401 1072 3459 haec
1087 3401 1171 3478 hujus
1186 3402 1250 3460 libri

43 3504 143 3562 verba
169 3502 289 3579 primam
316 3500 549 3560 resurrectionem
573 3500 694 3558 suturam
720 3499 856 3574 suspicati
881 3510 948 3558 suut
969 3500 1155 3576 corporalem,
1179 3501 1252 3558 inter

32 3612 157 3658 caetera
172 3598 296 3657 maxime
322 3614 443 3677 numero
469 3596 606 3655 annorum
628 3596 706 3653 mille
729 3597 849 3672 permoti
871 3607 947 3654 eunt.
971 3637 978 3654 .
1002 3637 1010 3652 .
1030 3637 1038 3653 .
1061 3594 1143 3654 Mille
1158 3614 1250 3655 annos

35 3710 109 3772 pro
135 3682 218 3755 annis
243 3696 375 3755 omnibus
401 3695 486 3772 hujus
518 3693 615 3753 saculi
640 3693 745 3771 posuit,
773 3704 804 3751 ut
832 3693 958 3771 perfecto
991 3708 1110 3753 numero
1143 3708 1252 3754 notare·

30 3800 97 3855 tur
120 3797 185 3872 ipsa
209 3795 346 3871 temporis
372 3791 518 3871 plenitudo
522 3831 660 3850 .....
688 3788 773 3850 Unde
793 3804 822 3849 et
847 3790 917 3849 illud
945 3790 1048 3850 melius
1074 3788 1249 3869 intelligitur,

30 3893 131 3968 quod
148 3892 179 3949 in
207 3891 324 3949 Psalmo
345 3891 465 3967 legitur:
489 3889 623 3947 ‘Memor
645 3887 686 3954 ni
710 3889 739 3946 in
766 3888 901 3947 saeculum
923 3889 1085 3947 testamenti
1107 3890 1157 3955 tui,
1175 3887 1250 3946 verbi

29 3988 132 4064 quod
150 3986 294 4046 mandavit
309 3987 336 4045 in
352 3986 429 4045 mille
444 3984 664 4063 generationes,'
674 3985 702 4042 id
718 3995 772 4051 est,
787 3985 816 4042 in
831 4000 942 4043 omnes.
965 4027 973 4043 .
996 4026 1004 4043 .
1027 4026 1035 4043 .
1056 3984 1170 4043 Adhuc
1184 4002 1252 4062 ergo

30 4077 161 4165 ligatus
176 4095 220 4142 est
234 4082 374 4151 diabolus,
390 4097 419 4141 et
433 4083 559 4140 inclusus
576 4083 603 4140 in
618 4083 735 4159 abysso,
751 4088 783 4138 ut
798 4081 858 4158 Jum
881 4099 940 4140 uon
960 4081 1077 4139 seducat
1090 4093 1199 4158 gentes,
1215 4099 1252 4140 ex

29 4183 161 4258 quibus
176 4189 288 4239 constat
301 4180 443 4248 Ecclesia,
459 4197 530 4254 quas
544 4191 626 4238 antea
639 4177 769 4237 seductas
784 4180 905 4247 tenebat,
921 4189 1071 4252 antequam
1094 4189 1170 4235 esset
1194 4178 1252 4265 Ee·

33 4282 159 4341 elesia.
184 4321 191 4338 .
215 4321 223 4338 .
247 4321 254 4338 .
277 4279 411 4357 Alligatio
423 4279 539 4346 diaboli,
552 4288 596 4335 est
611 4296 667 4336 uon
680 4277 802 4354 permitti
813 4294 946 4335 exercere
960 4288 1045 4334 totam
1058 4275 1251 4346 tentationem,
1353 4321 1356 4328 .

35 4394 144 4455 quam
160 4387 264 4455 potest,
279 4377 324 4435 vel
343 4378 381 4444 vi,
400 4376 445 4434 vel
464 4376 541 4443 dolo,
555 4374 588 4433 ad
601 4372 778 4433 seducendos
791 4374 934 4442 homines,
952 4373 980 4432 iu
993 4384 1099 4450 partem
1110 4391 1189 4432 suam
1206 4394 1253 4433 co·

40 4475 152 4555 gendo
164 4476 311 4542 violenter,
322 4473 546 4533 fraudulenterve
556 4473 687 4531 sallendo.
710 4471 830 4540 Quodsi
842 4471 1049 4549 permitteretur
1060 4470 1088 4528 in
1100 4480 1156 4529 tam
1167 4472 1252 4550 longo

40 4582 200 4652 tempore,
218 4586 247 4633 et
273 4583 348 4632 tanta
374 4573 534 4632 infirmitate
562 4571 726 4639 multorum,
749 4569 887 4649 plurimus
912 4569 991 4637 tales,
1010 4569 1108 4643 quales
1124 4569 1203 4628 Deus
1224 4571 1252 4629 id

49 4674 171 4752 perpeti
187 4693 244 4732 non
259 4673 337 4744 rult;
357 4683 386 4732 et
410 4669 512 4731 fideles
524 4671 668 4750 dejiceret,
691 4682 718 4728 et
739 4688 775 4729 ns
800 4667 955 4737 crederent,
971 4667 1129 4747 impediret.
1170 4668 1255 4736 Quod

140 4771 217 4832 Von.
232 4771 367 4830 tlt-25
