2798 5092
93 339 150 396 rat
350 331 408 392 DE
428 329 742 391 lMPEDIMENTlS
761 330 1033 395 maminotum

133 499 183 556 74.
208 489 276 570 obj.
291 494 320 548 t.
342 488 429 549 Liber
449 488 569 549 ducrum
588 510 747 550 consensus
771 491 807 549 de
832 510 984 569 corporum
1004 512 1124 552 suornm
1146 493 1281 563 dominio,

91 593 168 668 quod
178 592 244 669 jure
261 600 366 649 nature
387 607 476 666 penes
495 606 728 662 unumquemque
743 600 796 657 est,
811 607 870 647 non
890 600 984 666 potest
997 590 1093 649 irritus
1107 590 1172 650 fieri
1186 593 1284 652 Eccle-

92 694 143 751 sie
157 691 332 750 auctoritate.

130 788 221 866 Resp.
243 787 428 858 Quicumque
442 785 584 862 baptismo
598 784 710 842 lustrati
725 783 810 842 fidem
826 783 995 842 catholicam
1015 786 1196 862 profitentur,
1211 788 1287 847 eires

92 899 160 948 sunt
186 885 348 962 reipublice
369 884 504 950 coelestis,
529 883 663 941 institute
686 883 795 941 scilicet
819 892 850 939 ut
873 882 950 939 cives
975 882 1048 940 coelo
1076 883 1199 943 fruendo
1222 886 1289 944 fiant

89 987 198 1046 idonei.
239 983 273 1042 ln
288 983 421 1041 omnibus
436 982 521 1058 igitur
545 1000 609 1055 que
623 981 658 1039 ad
673 981 794 1038 salutem
815 991 955 1056 spectant,
970 999 1113 1057 supreme
1128 984 1290 1042 auctoritati

90 1084 240 1151 Ecclesiae,
250 1099 314 1154 que
326 1101 342 1138 a
353 1080 417 1138 Dec
426 1087 481 1144 est,
493 1079 661 1145 subduntur,
673 1092 701 1135 et
713 1097 812 1136 eorum
825 1078 964 1145 voluntas,
977 1079 1088 1136 sicutet
1101 1089 1193 1148 actus,
1209 1100 1291 1140 sacro

92 1183 154 1259 ejus
169 1180 293 1257 imperio
307 1176 480 1236 moderanda
493 1189 547 1233 est.
589 1177 682 1234 Penes
698 1195 761 1233 earn
775 1187 820 1232 est
832 1173 1011 1234 conditiones
1032 1175 1153 1252 legitimi
1168 1197 1294 1239 consen·

90 1297 139 1336 sus
154 1276 283 1343 definire,
299 1293 362 1348 quae
377 1274 403 1330 si
417 1271 552 1350 neglectae
567 1272 790 1338 fuerint‚irritus
812 1273 875 1328 erit.
918 1271 1050 1329 Profecto
1066 1292 1125 1331 non
1140 1276 1179 1332 ita
1194 1286 1294 1352 potest

89 1375 288 1449 unusquisque
313 1370 348 1428 de
364 1390 417 1429 suo
437 1388 558 1446 corpore
582 1369 744 1446 disponere,
770 1368 845 1443 qnod
868 1369 971 1426 divine
992 1369 1075 1446 legis,
1100 1372 1147 1430 vel
1172 1373 1294 1432 ecclesi·

90 1473 186 1531 asticae
201 1471 278 1529 nulla
293 1467 421 1526 habenda
436 1469 473 1524 sit
487 1467 567 1525 ratic.
914 1452 926 1469 ⁸

130 1574 180 1629 75.
199 1566 265 1644 obj.
282 1571 310 1624 5.
332 1565 465 1624 Ecclesia
476 1565 584 1623 irritum
600 1562 768 1622 declarando
779 1563 989 1622 matrimonium
1000 1564 1087 1622 libere
1100 1576 1294 1635 contractum,

90 1666 177 1727 solvit
191 1663 266 1738 quod
280 1662 359 1721 Deus
374 1663 535 1738 conjunxit,
549 1662 666 1720 Christo
680 1660 709 1718 id
722 1673 842 1727 vetante,
855 1672 883 1718 et
897 1661 1030 1737 injuriam
1042 1663 1109 1721 lacit
1121 1664 1295 1724 contrahen-

90 1756 166 1821 xtibus
181 1774 210 1820 et
226 1761 309 1838 proli.
350 1761 430 1835 Ergo
445 1760 568 1817 abutitur
581 1767 719 1834 potestate
733 1757 762 1814 in
778 1757 1010 1816 destructionem.

134 1859 220 1936 Resp.
243 1857 323 1916 Deus
337 1856 413 1916 haud
434 1856 619 1933 conjunxisse
641 1853 801 1912 censendus
817 1865 860 1911 est
880 1873 930 1912 eos
945 1856 995 1927 qni
1010 1855 1087 1932 leges
1104 1856 1139 1914 ab
1155 1857 1294 1917 Ecclesia

91 1958 162 2016 latas
177 1967 324 2034 spernunt.
365 1953 451 2022 Quod
471 1954 496 2011 si
521 1951 664 2011 bonafide
688 1952 888 2019 contraxerint,
905 1952 1104 2028 impedimenti
1128 1954 1207 2012 ltaud
1223 1975 1296 2015 con·

90 2056 153 2122 scii,
176 2064 301 2131 potestas
326 2051 519 2110 ecclesiastica
543 2051 712 2127 plerumque
735 2060 884 2107 exercetur
910 2048 1105 2127 dispensando
1132 2064 1164 2109 ut
1179 2053 1297 2113 valeant

91 2153 267 2211 contrahere.
308 2149 504 2221 Quaecnmque
527 2148 623 2205 forsan
645 2147 791 2204 evenerint
816 2146 1008 2214 incommoda,
1025 2157 1173 2222 nequeunt
1194 2150 1296 2227 impu·

92 2251 142 2308 tari
157 2247 309 2312 Ecclesiae‚
325 2264 389 2317 quae
404 2244 632 2320 sapientissimas
646 2255 675 2300 et
686 2244 880 2301 sanctissimas
896 2245 959 2301 tulit
973 2247 1145 2304 sanctiones.

132 2350 181 2407 76.
207 2343 273 2421 Otj.
290 2346 317 2401 6.
341 2341 553 2419 Impedimenta
574 2343 621 2399 illa
635 2342 829 2400 ecclesiastica
842 2343 921 2399 civili
942 2344 1075 2419 potestati
1099 2345 1236 2421 injuriam
1257 2346 1299 2407 sa·

92 2443 181 2507 ciunt,
197 2458 262 2497 narn
287 2439 424 2514 conjuges
445 2437 566 2514 legitimi
585 2440 667 2514 juxta
682 2440 778 2514 patrie
800 2439 973 2505 sanctiones,
988 2436 1107 2497 adulteri
1123 2439 1169 2497 vel
1190 2440 1299 2502 incesti

93 2539 121 2596 in
138 2537 210 2603 soro,
224 2534 263 2593 uti
278 2535 365 2601 aiunt,
382 2532 577 2591 ecclesiastico
592 2534 739 2601 habentur,
756 2544 784 2590 et
798 2533 848 2590 filii
864 2534 963 2609 spurii.

131 2632 221 2712 Hesp.
245 2630 333 2689 Nulla
348 2631 380 2687 fit
391 2630 469 2688 civili
490 2631 623 2706 potestati
646 2631 758 2708 injuria,
776 2650 839 2688 nam
860 2631 950 2689 libera
964 2633 1082 2690 omuino
1106 2645 1135 2692 et
1148 2652 1291 2713 suprema

93 2730 176 2789 iniis
197 2745 260 2801 quae
285 2725 320 2784 ad
335 2724 465 2783 ordinum
479 2736 507 2783 et
529 2726 656 2802 regimen
679 2726 826 2802 politicum
851 2738 946 2784 manet
967 2730 1117 2786 auctoritas
1130 2749 1148 2786 :‹
1164 2731 1245 2803 quod
1266 2733 1294 2790 si

93 2828 170 2886 cives
185 2825 308 2884 coelestis
324 2825 486 2901 reipublice
512 2824 608 2882 haberi
631 2825 728 2892 velint,
743 2835 855 2900 oportet
869 2838 899 2882 ut
913 2836 1028 2883 servent
1053 2827 1197 2885 Ecclesia
1212 2828 1296 2901 insti·

93 2935 162 2983 tuta.
204 2923 250 2982 Ea
266 2933 372 2980 tanturn
388 2922 550 2980 conditione
563 2924 625 2999 ejus
641 2923 797 3000 privilegiis
813 2923 866 2981 srui
881 2923 956 2980 licet.
990 2923 1022 2982 Si
1037 2922 1122 2999 igitur
1136 2923 1295 2998 aliquando

93 3023 238 3098 contingat
262 3020 373 3092 aliquos
389 3017 524 3083 ciuiliter,
539 3021 580 3076 uti
601 3021 688 3085 aiunt.
711 3039 774 3077 esse
790 3021 967 3096 conjunctos,
983 3039 1056 3092 qtros
1078 3020 1153 3079 obex
1167 3022 1295 3099 impedit

92 3135 128 3177 ne
139 3118 222 3195 juxta
232 3116 326 3192 legem
339 3115 478 3174 Ecclesiae
491 3115 707 3190 conjungantur,
719 3116 824 3174 civium
837 3129 1011 3174 terrenorum
1024 3115 1155 3174 fruuntur
1165 3119 1295 3194 juribus,

94 3217 227 3274 amittunt
241 3212 386 3279 coelestia;
409 3228 468 3268 non
482 3209 559 3266 enim
574 3210 631 3268 Dei
647 3211 788 3288 judicium
804 3230 897 3270 rerum
909 3225 1056 3270 externam
1068 3213 1198 3289 speeiem
1212 3233 1297 3291 spec·

48 3368 57 3383 ,
94 3321 142 3382 tat,
155 3311 207 3372 sed
222 3310 379 3370 veritatem.

592 3501 773 3543 rnorosmo.
867 3499 868 3503 ’

135 3644 241 3704 Civilis
252 3644 406 3722 potestatis
420 3639 595 3702 coercitione
619 3643 652 3702 in
665 3644 868 3703 matrimoniis
894 3643 1071 3705 dirimendis
1092 3644 1172 3705 ultra
1188 3645 1292 3708 ciuiles

97 3741 216 3821 effrem
230 3757 291 3798 noo
305 3738 483 3799 extenditur.

135 3836 289 3898 Probatur
303 3854 339 3895 ec
353 3852 454 3893 rerum
467 3839 588 3892 nature.

136 3945 187 4000 77.
211 3936 315 3994 Civilis
331 3945 456 4011 potestas
472 3951 538 3990 eum
553 3935 581 3992 in
599 3936 684 3993 finem
700 3937 827 4012 instituta
841 3947 886 3994 est
899 3948 930 3994 ut
943 3939 1021 3996 cives
1036 3948 1114 4014 regat
1128 3939 1157 3996 in
1179 3939 1215 3997 iis
1230 3959 1295 4014 que

97 4038 239 4113 pertinent
253 4030 289 4089 ad
310 4031 438 4089 ordinem
453 4042 483 4086 et
497 4030 617 4088 salutern
638 4033 791 4109 publicam.
834 4035 930 4100 Quum
952 4035 1039 4111 igitur
1052 4035 1119 4092 finis
1134 4035 1176 4093 illi
1192 4056 1297 4115 propo·

98 4133 169 4190 situs
184 4133 222 4190 sit
235 4131 339 4198 civilis,
355 4130 417 4206 ejus
433 4129 584 4185 auctoritas
606 4141 662 4188 tota
678 4133 750 4189 intra
766 4151 815 4189 eos
837 4133 943 4190 limites
968 4134 1109 4190 consistit.
1152 4133 1297 4195 Praeterea

98 4245 157 4287 non
172 4228 255 4286 debet
269 4227 446 4304 singulorum
468 4225 589 4282 libertati
603 4225 711 4285 detrahi
733 4228 761 4285 in
784 4230 917 4286 societate
932 4229 1139 4296 constituenda.
1156 4230 1212 4288 nisi
1228 4238 1298 4305 qua'·

98 4334 181 4383 tenus
195 4324 224 4381 id
239 4326 327 4403 exigit
341 4325 403 4401 ipsa
416 4321 493 4380 salus
507 4326 667 4382 communis
682 4345 688 4381 :
713 4328 867 4400 presertim
883 4321 975 4399 quoad
987 4346 1020 4384 ea
1033 4345 1096 4399 quae
1111 4336 1218 4388 naturae
1229 4331 1297 4406 jura

97 4419 242 4499 precipua
255 4420 394 4479 videntur.
437 4421 475 4476 At
490 4436 557 4475 vero
571 4419 648 4477 salus
663 4423 823 4478 communis
839 4441 896 4479 non
911 4424 1000 4500 exigit
1013 4434 1044 4481 ut
1057 4422 1173 4482 libertas
1195 4428 1295 4485 matri·

95 4515 257 4578 munierum
270 4517 421 4584 minuatur,
431 4534 518 4590 quum
529 4515 818 4594 satis2praecaveantur
832 4517 906 4575 mala
916 4538 952 4576 ex
967 4519 1030 4595 ejus
1043 4519 1144 4588 abusu,
1155 4521 1292 4581 civilibus

97 4611 249 4674 effectibus
271 4631 369 4674 eorum
392 4632 455 4688 quae
481 4624 578 4672 contra
602 4614 680 4694 leges
709 4616 777 4673 inita
802 4615 915 4686 suerint,
945 4616 1100 4694 denegatis.
1143 4617 1205 4678 Res
1227 4640 1295 4681 vero
