2798 5092
120 352 179 408 rao
353 437 356 441 Ι
480 345 537 406 ms
560 344 705 406 cumo
726 346 965 408 rua-omum.

122 519 151 564 et
165 504 324 564 Catholicae
338 504 516 565 traditionem
531 504 683 573 Ecclesiae,
699 504 776 585 (nam
799 507 924 584 Spiritus
946 508 1044 566 Sancti
1065 507 1140 566 hanc
1160 526 1226 566 esse
1247 509 1331 567 novi·

121 624 197 672 mus,
213 605 262 678 qui
276 605 411 663 nimirum
425 607 455 662 in
470 605 531 680 ipsa
546 603 706 683 inhabitat)
722 604 875 664 definimus
890 607 919 664 in
934 607 1014 665 omni
1028 606 1198 665 certitudine
1213 617 1243 666 et
1263 606 1329 666 dili·

121 704 226 781 gentia,
238 702 322 760 sicuti
336 703 455 779 figuram
471 702 601 779 pretiose
614 723 647 760 ac
663 703 785 769 vivificae
797 705 901 771 crucis,
917 705 958 762 ita
972 705 1148 763 venerabiles
1163 717 1192 763 et
1212 720 1329 764 sanctas

120 800 261 877 imagines
281 797 490 876 proponendas,
507 810 642 873 tamque
664 819 701 858 ex
724 800 867 859 coloribus
893 811 922 858 et
944 802 1077 869 tessellis,
1093 821 1180 876 quam
1204 821 1268 875 quae
1292 822 1330 861 ex

122 898 177 956 alia
190 897 307 956 materia
320 909 508 975 congruenter
522 898 551 955 io
566 897 673 955 sanctis
689 897 745 955 Dei
759 898 901 966 ecclesiis,
911 908 940 956 et
953 901 1042 956 sacris
1056 900 1133 957 vasis
1146 912 1175 958 et
1188 900 1330 968 vestibus,

122 1007 151 1053 et
164 996 194 1053 in
208 995 363 1072 parietibus
378 1014 410 1052 ac
423 994 535 1062 tabulis,
551 993 683 1052 domibus
695 1006 724 1052 et
738 995 802 1062 viis,
816 1005 872 1054 tam
889 995 1020 1054 videlicet
1034 998 1192 1073 imaginem
1207 997 1331 1056 Domini

122 1093 179 1153 Dei
200 1102 229 1151 et
254 1092 409 1150 Salvatoris
433 1092 523 1150 nostri
542 1092 615 1150 ‚lesu
631 1092 752 1160 Christi,
768 1111 853 1166 quam
875 1095 1049 1152 intemeratae
1065 1095 1199 1154 Domine
1222 1107 1330 1154 nostre

122 1193 233 1251 Saoctae
245 1192 302 1251 Dei
316 1191 482 1257 Genitricis,
498 1191 766 1264 honorabiliumque
781 1191 958 1268 angelorum,
973 1206 1001 1251 et
1015 1193 1145 1252 omnium
1161 1204 1328 1253 sanctorum
1351 1223 1353 1226 ·

123 1288 209 1348 simul
234 1298 263 1346 et
287 1288 425 1346 almorum
451 1288 592 1344 vivorum.
634 1287 749 1354 Quanto
770 1290 847 1346 enim
872 1289 1051 1363 frequentius
1072 1309 1123 1365 per
1145 1291 1331 1368 imaginalem

123 1387 321 1447 formationem
340 1385 480 1452 videntur,
496 1397 573 1443 tauto
595 1386 643 1458 qui
666 1404 715 1442 eas
738 1386 976 1465 contemplantur,
995 1387 1113 1445 alacrius
1133 1388 1284 1465 eriguntur
1298 1390 1333 1448 ad

123 1485 334 1563 primitivorum
349 1502 447 1541 earum
462 1483 630 1541 memoriam
646 1496 674 1540 et
688 1482 872 1549 desiderium,
888 1494 917 1541 et
932 1483 966 1540 ad
982 1484 1124 1552 osculum,
1139 1496 1168 1543 et
1182 1485 1218 1543 ad
1240 1487 1332 1545 hono·

123 1583 225 1642 rariam
249 1581 294 1639 his
319 1580 512 1638 adorationem
538 1578 734 1638 tribuendam:
757 1599 814 1637 non
839 1592 932 1638 tamen
952 1579 987 1637 ad
1009 1599 1104 1639 veram
1129 1581 1333 1657 istriamque

141 1678 283 1738 ecuudum
296 1677 380 1734 fidem
389 1686 441 1743 est,
449 1695 570 1750 queque
583 1676 672 1734 solam
684 1689 811 1735 naturam
823 1675 947 1735 divinam
961 1675 1052 1744 decet,
1062 1678 1333 1755 impertiendam.”²

84 1771 86 1775 ’
166 1779 232 1834 138.
254 1772 455 1832 Adnotandum
478 1773 613 1831 duximus
635 1792 700 1831 cum
724 1773 843 1831 Petavio
864 1773 1022 1850 imaginum
1046 1793 1160 1833 sacrum
1187 1792 1272 1835 usum
1297 1777 1333 1836 ad

125 1871 305 1950 disciplinam
331 1872 482 1949 pertinere,
502 1880 651 1943 totumque
674 1888 711 1928 ex
732 1869 876 1929 Ecclesiae
903 1871 1067 1928 auctoritate
1091 1870 1243 1948 pendere,⁹
1267 1876 1336 1933 sunl

124 1971 201 2029 enim
225 1970 356 2047 supellex
389 1969 560 2045 templorum
594 1980 623 2025 et
646 1970 756 2026 ornatui
783 1967 870 2026 simul
897 1979 926 2025 et
950 1968 1128 2027 instructioni
1159 1971 1332 2033 inserviunt

125 2069 240 2147 Dogma
262 2079 355 2126 autem
376 2066 443 2125 fidei
466 2079 510 2123 est
536 2066 699 2124 Ecclesiam
727 2065 819 2124 labem
849 2065 1014 2123 idololatriae
1040 2085 1097 2125 uon
1120 2067 1272 2128 admittere
1299 2072 1334 2129 iis

126 2153 264 2238 utentem,
274 2168 319 2225 vel
331 2169 373 2224 eis
383 2165 508 2225 debitum
519 2165 632 2223 dantem
642 2165 791 2233 honorem,
804 2184 889 2239 quem
902 2165 1009 2225 cultum
1022 2165 1213 2242 appellamus,
1225 2168 1332 2237 latiori,

127 2286 211 2341 quem
227 2266 281 2324 sert
295 2264 465 2322 vocabulum
481 2264 547 2330 hoc,
564 2282 661 2321 sensu.

627 2458 810 2499 PROPOSITIO.

168 2598 322 2675 Imaginer
338 2596 460 2662 Christi,
476 2595 613 2674 Dciparoe
635 2595 782 2674 Virginis,
798 2604 825 2655 et
845 2597 975 2658 oliorum
986 2607 1158 2661 sauctorum
1173 2603 1336 2669 retinendae

129 2702 200 2753 sunt
213 2694 246 2753 in
260 2691 376 2771 templis
387 2693 563 2769 pracsertim,
581 2693 678 2770 meque
692 2692 786 2751 bonor
800 2700 827 2752 et
841 2696 989 2754 veneratio
1004 2697 1212 2774 impertienda.

168 2791 321 2851 Probatur
336 2788 361 2847 I.
375 2808 411 2847 ec
423 2789 632 2849 consaetuuiue
645 2791 858 2868 antiquissima
872 2792 1024 2852 Ecclesia.

135 2917 138 2926 ·
170 2893 236 2949 139.
260 2889 326 2955 Quo
340 2870 469 2964 tempore
481 2887 541 2946 Leo
556 2889 699 2947 isauricus
710 2890 849 2966 imagines
861 2911 955 2948 sacras
969 2892 1106 2950 tollendas
1117 2895 1218 2972 jussit,
1234 2918 1333 2958 earum

130 2994 199 3045 u'sus
227 2997 256 3046 et
285 2987 429 3044 veneratio
455 2986 560 3058 ubique
587 2987 766 3044 obtinuerant
793 3006 831 3046 ex
859 2988 1057 3060 antiquissima
1086 2992 1249 3062 traditione,
1278 3010 1337 3054 tota

129 3086 265 3163 probante
292 3083 435 3144 Ecclesia.
477 3083 558 3140 Illius
582 3085 759 3159 usus‘origo
787 3084 863 3142 haud
884 3086 1016 3155 innotuit,
1039 3088 1089 3146 scd
1118 3090 1153 3148 ad
1176 3093 1335 3167 primordia

130 3184 277 3262 religionis
302 3183 462 3242 christiaoae
486 3181 666 3246 referebatur,
696 3181 856 3258 insignibus
880 3185 1047 3258 presulibus
1070 3201 1195 3248 veterem
1222 3212 1334 3251 morem

131 3295 229 3342 contra
249 3280 428 3357 imperatoris
453 3281 577 3354 impetus
607 3277 823 3336 vindicantibus.
866 3279 911 3336 De
941 3281 1129 3343 Orientalium
1152 3289 1285 3345 moribus
1307 3304 1336 3347 et

130 3379 187 3439 fide
210 3378 330 3438 dubitari
353 3377 461 3450 nequit,
484 3394 571 3448 quum
596 3392 629 3432 ea
652 3377 803 3433 occasione
826 3376 987 3436 claruerint.
1029 3381 1095 3440 lam
1118 3396 1198 3443 aetate
1218 3387 1336 3452 Basilii,

132 3478 238 3536 saeculo
247 3473 558 3549 scilicetquarto,idem
570 3473 725 3549 imaginum
735 3494 878 3533 sacrarum
886 3477 976 3554 viguit
985 3480 1076 3538 cultus
1088 3502 1096 3540 :
1114 3492 1133 3519 ‘⁶
1144 3484 1337 3545 Characteres

133 3575 291 3651 imaginum
307 3574 420 3631 illorum
438 3571 623 3650 (sanctorum)
642 3572 750 3630 honoro
774 3582 803 3629 et
816 3573 909 3648 palam
925 3574 1022 3633 adoro.
1065 3578 1129 3637 Hoc
1150 3583 1228 3640 enim
1252 3587 1336 3643 nobis

132 3671 264 3730 traditum
293 3670 442 3729 a'sanctis
471 3669 618 3746 Apostolis
647 3689 703 3726 non
732 3680 775 3727 est
803 3670 1028 3756 prohibendum:
1062 3679 1112 3735 sed
1141 3680 1170 3737 in
1199 3684 1336 3740 orsurus

132 3769 274 3830 Ecclesiis
290 3771 394 3828 nostris
408 3786 508 3826 eorum
517 3767 648 3825 historias
665 3768 834 3843 erigimus.”
891 3779 963 3834 ‘Ouo
981 3776 1023 3829 καὶ
1036 3780 1091 3838 τοὺς
1107 3784 1266 3851 χαρακτῆρας
1285 3788 1336 3838 aba·

133 3869 229 3925 ἔικόνων
249 3867 329 3922 docto
346 3884 411 3935 repo
429 3866 471 3919 xci
484 3882 621 3934 προσκυνεω
637 3863 695 3920 xor’
707 3864 826 3933 ἐξαίρετον
841 3864 943 3921 codron
953 3868 1149 3936 παραδεδομένων
1159 3873 1189 3922 t'x
1201 3877 1250 3924 τᾶν
1261 3871 1337 3942 <ipsos

133 3959 283 4018 boscedano,
294 3959 336 4012 καὶ
348 3963 392 4010 dux
404 3955 608 4024 ἀπηγορευμένων,
619 3954 673 4009 ἀλλ’
685 3960 709 4008 ἐν
722 3953 810 4017 πάσαις
821 3958 877 4017 ταίς
893 3955 1032 4026 ἐκκλησίαις
1043 3958 1110 4026 ἡμῶν
1123 3958 1219 4012 τούτων
1236 3959 1333 4015 butero·

133 4051 270 4116 ronow-³

176 4151 242 4204 140.
264 4143 490 4205 Occidentalium
519 4142 670 4218 disciplina
694 4155 722 4200 et
749 4143 819 4200 fides
850 4145 955 4200 saeculo
984 4157 1065 4200 sexto
1091 4157 1216 4202 excunte
1237 4167 1275 4205 ex
1300 4149 1331 4206 S.

137 4242 270 4320 Gregorii
285 4243 328 4301 M.
345 4239 473 4317 epistolis
497 4239 647 4315 colligitur.
690 4239 734 4297 Ad
760 4239 955 4298 Secundinum
976 4241 1111 4314 scripsit:
1136 4242 1235 4301 “Scio
1257 4247 1334 4318 quod

134 4330 289 4416 imaginem
304 4338 461 4397 servatoris
476 4336 565 4393 nostri
589 4355 646 4395 non
667 4336 732 4395 ideo
747 4338 830 4414 petis,
848 4350 877 4396 ut
898 4338 979 4411 quasi
1002 4336 1094 4395 Deum
1117 4339 1208 4409 colas,
1223 4342 1277 4400 sed
1299 4345 1336 4401 ob

430 4517 473 4581 (l)
487 4516 542 4565 Act.
553 4515 594 4564 vii.
605 4515 651 4565 col.
662 4517 721 4564 455.
734 4523 751 4566 t.
763 4515 797 4565 iv.
808 4514 863 4564 coll.
875 4514 954 4565 Herd.

435 4599 477 4662 (21
492 4596 533 4650 De
544 4599 641 4649 lucam.
653 4601 718 4650 lxv.
731 4615 753 4652 c.
764 4600 816 4649 xlii.
828 4603 852 4659 ξ.
866 4603 888 4649 1.

434 4685 476 4750 (3)
490 4686 538 4752 Ep.
549 4687 628 4736 ccclx.
636 4685 668 4735 ds
678 4685 777 4747 imagin.
790 4685 819 4736 ad
831 4685 923 4737 Julian.
935 4693 1011 4752 apost.
