2798 5092
99 344 158 400 22⁰
471 338 528 401 DE
549 337 739 400 vincture
757 336 911 399 CULTU.

101 507 280 576 expetuntur,
295 499 392 577 ignota
404 508 492 558 eraut.
523 497 611 557 Nulla
624 496 660 557 ad
672 496 919 557 eam-lrmdebatur
931 496 1033 565 oratic,
1048 496 1105 556 nisi
1118 496 1293 557 concionan-

101 594 149 665 do,
164 608 307 656 oratorum
323 615 401 656 more
416 589 588 674 apostrophe
601 597 684 656 facta.

139 694 227 774 Rcep.
249 695 336 754 Varia
349 694 509 755 devotionis
528 695 666 755 exercitia
679 695 713 753 ab
727 694 795 771 ipsa·
811 693 969 752 substantia
989 692 1193 772 distinguenda
1213 703 1291 753 sunt.

101 791 221 851 Constat
234 811 271 850 ex
285 793 320 850 iis
335 811 398 866 quae
418 791 597 851 laudavimus
617 791 790 850 testimoniis
813 790 941 867 insignes
962 809 1093 865 quosque
1118 801 1214 867 patres
1235 808 1295 850 non

100 897 206 946 mutuat
227 887 417 965 compellasse
436 888 559 947 Mariam
577 886 789 955 concionando,
807 887 859 945 sed
879 897 908 945 et
931 887 1084 965 agnovisse
1103 889 1169 963 ejus
1188 905 1246 963 ope
1266 896 1296 947 et

100 987 230 1062 precibus
245 986 366 1063 plurime
380 985 502 1044 conferri
523 986 662 1045 beneficia
675 1004 744 1044 eam
761 985 969 1042 invocantibus.
1012 985 1061 1045 Ex
1079 985 1215 1062 liturgiis,
1230 1002 1296 1059 quas

98 1083 270 1157 antiquitatis
291 1096 475 1143 monumenta
497 1083 631 1161 preclara
655 1097 732 1149 aunt,
757 1082 847 1157 liquet
867 1083 930 1159 eJus
953 1083 1191 1145 intercessionem
1217 1082 1294 1161 apud

98 1178 193 1241 Deum
207 1200 223 1239 a
236 1180 381 1240 sacerdote
395 1181 500 1254 ubique
515 1191 654 1238 terrarum·
667 1180 755 1254 qnaeri
767 1180 954 1238 consuevisse
965 1180 995 1238 in
1009 1181 1074 1257 ipsa
1088 1181 1294 1256 mysteriorum

99 1278 296 1345 celebratione,
307 1296 371 1352 quas
385 1278 512 1354 prolecto
523 1276 680 1336 solemnior
693 1289 738 1335 est
751 1277 893 1336 invocatio
904 1276 959 1334 alia
970 1294 1163 1351 quacumque,
1175 1277 1294 1354 amplis·

98 1376 217 1435 tissimis
230 1376 298 1436 licet
308 1376 400 1436 verbis
415 1376 497 1444 lacta,
509 1388 588 1435 extra
597 1376 778 1434 sacrificium.
800 1375 867 1434 lam
882 1377 967 1435 verba
980 1375 1100 1453 liturgiae
1112 1377 1145 1434 S.
1157 1376 1294 1454 Gregorii

98 1474 298 1534 Alexandrinae
312 1475 504 1541 recitavimus,
520 1474 622 1548 quibus
638 1473 911 1531 commemoratione
924 1473 998 1531 facta
1019 1483 1038 1510 ‘⁶
1052 1473 1198 1550 precipue
1212 1490 1294 1532 sano

98 1573 178 1631 simae
203 1570 427 1648 gloriosissimae,
449 1568 637 1628 immaculatae
662 1581 690 1626 et
713 1567 959 1627 benedictionibus
984 1569 1145 1638 cumulatas,
1167 1569 1293 1629 dominor

98 1681 201 1728 nostrae
225 1668 369 1745 Deiparae,
383 1677 413 1726 et
435 1685 550 1745 semper
574 1668 692 1744 virginis
713 1665 835 1726 Mariae”
851 1684 918 1726 cum
932 1668 995 1726 aliis
1009 1669 1126 1736 sanctis,
1142 1667 1292 1746 adjicitur:

99 1774 117 1802 ‘⁶
130 1783 250 1839 quorum
266 1765 396 1842 precibus
411 1775 439 1822 ct
452 1765 703 1823 intercessionibus
720 1765 854 1822 miserere
868 1766 958 1823 nostri
971 1775 1001 1823 et
1013 1765 1093 1824 salva
1107 1765 1212 1823 nos.”1
1257 1789 1259 1793 ⁴

138 1867 203 1921 112.
229 1860 295 1942 Obj.
306 1867 335 1920 2.
357 1861 428 1930 Qua
442 1863 610 1920 avetcribus
620 1860 742 1919 indicata
751 1872 795 1919 est
809 1862 975 1920 intercessio
988 1862 1091 1921 Mariae
1105 1863 1192 1939 longe
1204 1863 1292 1920 distat

98 1961 132 2019 ab
146 1978 180 2019 ca
194 1978 256 2035 quoe
271 1942 344 2036 apud
360 1956 527 2041 Qatholicos
548 1957 656 2017 obtinet
677 1958 741 2035 ejus
762 1958 962 2017 invocatione:
985 1977 1052 2017 uam
1072 1959 1164 2017 obiter
1180 1968 1291 2017 tantum

96 2059 181 2119 fiebat
203 2060 273 2119 olim
298 2058 360 2136 ejus
380 2057 497 2125 mentio,
520 2074 557 2114 ex
580 2057 764 2134 persuasione
786 2074 850 2115 cam
870 2055 947 2133 apud
968 2057 1075 2115 Filium
1090 2076 1144 2134 pro
1164 2057 1293 2117 humano

94 2174 198 2233 genere
222 2173 313 2224 orare,
336 2154 406 2229 quin
429 2164 524 2213 tamen
546 2152 582 2211 ad
603 2172 666 2212 eam
689 2154 828 2230 speciales
851 2154 1063 2232 porrigerentur
1085 2173 1198 2231 preces,
1218 2173 1289 2228 quas

95 2271 158 2313 earn
182 2253 279 2313 audire
301 2266 387 2329 posse
411 2269 498 2311 nemo
512 2252 717 2330 suspicabatur.
758 2251 824 2311 Jam
843 2269 910 2311 vero
933 2253 998 2328 ipsa
1024 2253 1187 2321 invocatur,
1202 2252 1292 2311 veluti

94 2350 227 2428 largitura
250 2349 399 2414 beneficia,
420 2347 466 2406 vel
489 2349 565 2408 Filio
581 2350 698 2427 jussura
723 2349 820 2407 matris
845 2350 1028 2407 auctoritate:
1061 2349 1162 2408 “lure
1191 2349 1291 2408 matris

94 2451 203 2526 impera
225 2445 442 2524 Redemptcri.”
482 2447 525 2506 lta
548 2446 634 2506 habet
655 2448 747 2506 Prosa
771 2448 801 2506 in
823 2447 939 2506 Missali
964 2447 1086 2506 Parisiis
1112 2467 1190 2508 anno
1214 2451 1290 2508 tcta

95 2545 180 2602 edito.
1229 2615 1235 2627 .
1264 2549 1267 2552 ’

133 2643 221 2720 Rcap.
244 2641 375 2700 Proiecto
396 2653 604 2701 consueverunt
625 2652 733 2700 veteres
749 2642 784 2700 ad
799 2642 923 2703 Mariam
938 2662 1039 2721 preces
1054 2644 1198 2721 speciales
1220 2645 1288 2703 diri·

97 2759 173 2816 gere,
191 2756 228 2798 ex
244 2750 320 2797 certa
340 2739 525 2816 persuasione
539 2757 602 2797 eam
618 2740 743 2817 benigne
755 2757 804 2797 eas
819 2729 1014 2818 excepturam.
1062 2741 1203 2799 “Adesto
1218 2740 1290 2799 mihi

96 2846 213 2894 nuncet
234 2846 357 2912 semper,
372 2834 399 2894 Ο
417 2835 508 2921 Virgo
530 2834 585 2893 Dei
608 2835 751 2904 Genitrix,
773 2845 863 2894 mater
880 2835 1095 2904 misericordias,
1110 2837 1239 2912 benigna
1259 2846 1289 2893 et

94 2933 230 3002 clemens,
245 2935 274 2991 in
297 2933 428 3010 presenti
442 2932 557 3007 quidem
573 2934 637 2991 vitre
652 2952 736 2992 cursu
752 2933 864 2991 lervens
886 2934 1044 3012 protectrix
1065 2944 1150 3006 atque
1167 2933 1288 2993 auxilia·

17 3017 24 3042 ¹
93 3033 159 3098 trix,
174 3031 291 3090 hostiles
305 3049 501 3105 quoscumque
515 3032 638 3108 impetus
652 3051 668 3088 a
681 3049 727 3089 mo
743 3042 884 3099 avertens,
895 3041 924 3088 et
939 3031 1029 3108 inpia
1042 3031 1144 3089 salutis
1160 3050 1209 3090 ms
1221 3049 1290 3091 con·

94 3132 228 3199 stituens3
244 3150 275 3188 ac
291 3131 319 3189 in
334 3144 461 3189 extremo
476 3130 538 3188 vitae
554 3130 671 3188 articulo
686 3131 818 3188 miseram
834 3147 927 3188 meam
943 3131 1067 3188 animam
1081 3131 1291 3190 conservans.''

95 3226 136 3284 lta
151 3227 314 3303 precabatur
328 3227 467 3303 Ephrem,
483 3245 539 3300 qua
553 3227 731 3286 invocatione
753 3226 824 3285 nihil
847 3227 1078 3304 magnificentius
1093 3228 1170 3304 apud
1194 3247 1291 3288 recen·

95 3324 178 3407 tiores
200 3323 282 3381 facilc
306 3323 444 3382 invenias.
486 3322 571 3390 Quod
595 3342 633 3381 ex
650 3324 741 3383 Prosa
765 3324 897 3399 objicitur
915 3323 1028 3382 facilem
1051 3331 1082 3380 et
1095 3324 1216 3384 obvium
1239 3327 1292 3385 lert

39 3472 42 3477 .
94 3438 221 3490 sensum,
235 3420 312 3495 quod
326 3433 451 3480 materna
465 3421 539 3498 apud
553 3421 660 3481 Filium
675 3424 763 3499 gratie
777 3434 879 3488 utatur,
897 3421 983 3502 juxta
996 3421 1085 3480 illud:

485 3581 645 3640 “Monstra
659 3591 686 3638 te
698 3593 762 3639 csse
778 3580 899 3640 Matrem

486 3679 587 3738 Sumat
600 3698 651 3756 per
665 3678 710 3746 'l'e
726 3698 846 3757 preces:

485 3774 541 3842 Qui
556 3793 608 3852 pro
623 3775 704 3832 nobis
720 3789 802 3834 natus
902 3775 905 3780 '

465 3886 470 3896 “
486 3871 567 3931 Tulit
580 3890 644 3930 esse
660 3871 757 3930 tuus.’⁸

96 4044 239 4104 Caetcrum
254 4042 345 4103 Prosa
358 4041 406 4101 illa
418 4041 449 4102 in
463 4043 586 4118 quodam
602 4042 716 4102 Missali
729 4041 824 4102 locum
840 4039 948 4112 habuit,
962 4042 1014 4101 aed
1028 4041 1173 4103 Ecclesiae
1190 4058 1287 4107 aucto·

94 4145 174 4203 ritate
187 4144 295 4203 sancita
308 4159 366 4201 non
380 4151 433 4200 cst.

92 4302 119 4352 in
130 4302 281 4353 Breviarinm
291 4302 411 4362 inductas,
422 4300 511 4366 quibus
522 4307 604 4350 tamen
615 4314 667 4349 non
679 4299 748 4349 valde
766 4306 913 4363 repugnant,
924 4315 983 4351 nam
1002 4300 1110 4363 Anglioe
1121 4318 1163 4352 eas
1182 4303 1292 4355 reddide-

90 4398 153 4451 runt,
166 4391 239 4441 veluti
248 4390 382 4441 recitandas
392 4390 444 4440 auis
454 4388 609 4453 temporibus.
644 4387 757 4437 Gevanto
768 4386 842 4437 etiam
852 4387 963 4439 useutiri
973 4388 1087 4440 videntur
1098 4389 1130 4439 de
1141 4390 1291 4456 antiquitate

90 4477 265 4529 invocationis:
278 4476 392 4526 “Sancta
403 4476 488 4535 Maria,
500 4483 525 4525 et
536 4490 621 4524 ornnes
628 4473 712 4524 Sancti
723 4471 874 4524 intercedant
885 4489 927 4541 pro
938 4475 1009 4525 nobis
1021 4475 1053 4524 ad
1064 4474 1213 4529 Dominum.
1231 4476 1291 4529 Vol.

164 4579 186 4612 o.
199 4565 240 4612 75.

90 4580 116 4615 ¹¹¹
124 4563 167 4719 (ll)
187 4649 244 4699 Vol.
254 4648 291 4699 tii.
300 4647 381 4699 Tract.
392 4648 422 4699 de
432 4645 587 4698 Eucharistis
599 4645 628 4695 Ρ.
636 4646 664 4696 ii.
675 4661 697 4695 c.
707 4645 733 4696 ii.
743 4661 768 4695 n.
780 4649 819 4698 70.
