2798 5092
404 293 460 354 DE
481 292 669 353 VINGULO
690 290 961 353 MATRIMONII.

570 549 799 590 summumst).

130 695 179 751 57.
202 690 270 749 Non
284 689 402 750 solvitur
416 689 559 748 vinculum
582 689 755 746 matrimonii
776 686 843 746 dum
867 706 903 746 ex
918 698 1017 746 mutuo
1042 702 1187 745 consensu
1202 698 1286 758 sepa·

90 796 186 846 rantur
200 787 335 864 conjuges
355 785 538 863 perfectionis
559 783 664 850 studio,
678 795 710 842 ut
724 785 839 862 praemia
863 803 880 841 a
902 782 1020 842 Christo
1040 782 1186 860 promissa
1199 777 1285 837 relin-

92 886 189 961 quenti
205 903 322 944 uxorem
345 885 389 942 sui
412 904 498 943 causa
525 882 733 960 comparentur.
776 883 809 940 δί
834 883 913 951 alter,
928 900 963 940 eo
986 899 1065 948 casu,
1080 877 1194 957 ingredi
1217 876 1288 934 velit

90 983 267 1061 religionem,
281 983 393 1056 utrique
408 982 436 1040 id
451 982 624 1060 injungitur:
647 990 667 1018 ‘⁶
680 998 746 1038 nam
771 979 839 1038 dum
864 998 953 1038 unum
965 980 1162 1050 'utrorumque
1177 991 1283 1052 corpus

91 1080 216 1158 conjugii
230 1080 409 1158 copulatione
425 1079 463 1138 sit
476 1080 590 1146 factum,
606 1078 793 1155 incongruum
803 1088 847 1135 est
861 1087 967 1154 partem
979 1075 1118 1142 converti,
1128 1081 1157 1132 et
1172 1083 1285 1151 partem

91 1176 121 1234 in
145 1177 251 1236 seculo
271 1176 464 1235 remanere.”²
504 1168 655 1234 Caetemm'
672 1176 804 1252 exceptio
826 1175 980 1235 admittitur
1004 1173 1118 1250 quando
1141 1192 1216 1233 uxor
1243 1179 1287 1231 est

90 1274 250 1351 grandaeva,
265 1285 293 1332 et
306 1285 401 1333 votum
413 1274 547 1332 castitatis
562 1275 591 1331 in
600 1273 706 1332 saeculo
720 1274 832 1339 emittit.
846 1274 958 1351 publice
971 1283 1065 1332 tamen
1080 1273 1110 1331 in
1124 1279 1284 1349 conspectu

91 1371 256 1432 Ecclesioe.⁹
295 1373 337 1432 Ut
350 1373 463 1431 ordines
478 1390 574 1430 sacros
599 1373 736 1448 suscipiat
749 1372 801 1438 vir.
816 1391 890 1430 uxor
909 1373 993 1430 debet
1012 1373 1099 1430 etiam
1121 1370 1283 1430 solemnem

90 1472 219 1530 emittere
234 1471 460 1548 professionem:
484 1479 503 1506 ‘⁶
516 1470 545 1528 N
549 1470 622 1527 ullus
638 1471 853 1548 conjugatorum
873 1484 917 1528 est
941 1469 975 1528 ad
998 1489 1095 1528 sacros
1109 1468 1227 1528 ordines
1242 1486 1286 1526 as·

91 1570 259 1638 sumendus,
273 1571 329 1628 nisi
343 1570 378 1627 ab
401 1587 489 1627 uxore
512 1569 713 1627 continentiam
738 1569 888 1646 profitente
910 1569 995 1627 fuerit
1015 1566 1212 1628 absolutus.’'⁸
1252 1566 1286 1625 Si

92 1665 267 1744 dispensatio
282 1684 418 1725 concessa
430 1666 514 1724 fuerit
528 1674 558 1724 ut
571 1667 717 1724 maneatin
727 1665 844 1732 saeculo.
859 1666 983 1743 exigitur
997 1676 1029 1723 ut
1042 1675 1189 1742 nuncupet
1202 1664 1287 1723 casti·

93 1765 156 1820 tatis
172 1774 315 1840 perpetue
330 1773 447 1832 votum;
469 1781 522 1821 neo
544 1772 637 1840 potest
651 1763 731 1822 alteri
753 1764 869 1831 nubere,
884 1764 969 1820 etiam
985 1774 1050 1840 post
1064 1762 1118 1821 riri
1139 1766 1289 1829 mortem‚⁴

92 1860 166 1919 sacri
179 1879 301 1919 canones
316 1861 393 1919 enlm
407 1860 571 1938 conjugium
585 1859 702 1919 ulterius
717 1861 744 1918 ei
760 1869 863 1928 vetant,
878 1871 907 1918 et
920 1860 1029 1918 irritum
1043 1859 1213 1918 declarant.⁵
1254 1861 1287 1920 Si

90 1974 163 2014 uxor
175 1957 289 2034 fregerit
303 1955 388 2014 fidem
414 1957 550 2034 conjugii,
566 1965 660 2033 potest
680 1957 797 2015 maritus
820 1955 935 2015 ordines
956 1975 1052 2015 sacros
1067 1957 1219 2035 suscipere
1233 1958 1282 2017 ab·

93 2071 164 2127 sque
178 2054 241 2132 ejus
256 2073 409 2123 consensu,
424 2073 489 2115 nam
500 2055 549 2132 jus
565 2073 650 2114 omne
666 2055 729 2132 ipsa
742 2055 848 2113 amisit.

458 2530 484 2602 §.
500 2528 538 2587 11.
555 2529 602 2588 Du
617 2547 782 2590 souurrour
797 2551 929 2593 uncum.

134 2772 182 2825 58.
206 2765 420 2826 Matrimonium
437 2774 538 2827 ratum
554 2767 693 2835 fidelium,
708 2769 785 2842 quod
800 2769 903 2830 initum
918 2785 972 2842 est,
986 2772 1038 2833 sed
1056 2774 1132 2833 haud
1156 2794 1294 2839 coneum-

93 2872 219 2932 matum,
234 2864 355 2923 solemni
370 2864 558 2940 professione,
571 2876 702 2924 votorum
717 2856 826 2926 scilicet
838 2870 995 2929 emissione
1005 2872 1035 2930 in
1046 2871 1146 2931 ordine
1159 2878 1291 2951 probato,

91 2963 250 3022 dirimitur:
273 2970 293 2998 “
305 2961 337 3019 Si
352 2961 416 3035 quis
431 2960 566 3030 dixerit,”
582 2963 621 3020 ita
629 2961 791 3022 Tridentini
803 2975 908 3041 patres,
925 2976 943 3003 ‘⁴
955 2969 1168 3028 matrimonium
1182 2983 1288 3041 ratum,

93 3079 152 3120 non
165 3069 393 3120 consummatum
407 3077 458 3135 per
482 3059 640 3117 solemnem
663 3060 811 3138 religionis
833 3063 1043 3139 professionem
1057 3065 1174 3124 alterius
1189 3071 1292 3147 conju·

93 3178 162 3238 gum
177 3176 233 3217 non
247 3155 363 3224 dirimi;
385 3156 534 3214 anathema
549 3155 630 3214 sit.”⁶
671 3157 714 3215 lta
734 3177 771 3217 ex
793 3161 882 3219 reteri
906 3160 1047 3220 Ecclesiae
1072 3163 1224 3224 traditione
1240 3168 1290 3227 de·

93 3268 201 3317 cretum
216 3264 270 3320 est,
285 3252 539 3329 religiosa-quippe
564 3253 704 3328 professio
724 3257 813 3315 instar
827 3261 926 3316 mortis
942 3259 1069 3327 habetur,
1085 3271 1114 3319 et
1127 3261 1201 3320 alter
1221 3284 1289 3324 con-

92 3355 156 3431 jux,
172 3353 221 3426 qui
235 3349 328 3409 adhuc
343 3347 547 3407 commercium
561 3349 670 3408 nullum
685 3371 750 3410 curn
765 3371 800 3411 eo
822 3354 929 3423 habuit,
944 3355 1016 3413 liber
1029 3356 1208 3430 relinquitur,
1225 3373 1256 3420 ut
1267 3363 1294 3421 si

96 3452 165 3509 velit
179 3466 268 3509 novas
283 3449 360 3505 ineat
370 3446 495 3523 nuptias.
537 3446 699 3508 Alexander
714 3450 770 3509 lll.
786 3451 814 3510 id
829 3453 971 3528 explicat:
989 3456 1127 3515 “Verum
1145 3470 1212 3535 post
1225 3479 1295 3520 con·

96 3564 212 3606 sensum
228 3544 386 3621 legitimum
400 3542 435 3601 de
449 3544 594 3620 presenti,
609 3544 718 3609 licitum
740 3558 784 3606 est
797 3548 887 3617 alteri,
903 3550 991 3610 altero
1003 3553 1087 3612 etiam
1103 3571 1293 3633 repugnante,

100 3644 205 3720 eligere
241 3640 454 3707 monasterium,
489 3642 564 3701 sicut
602 3645 692 3701 sancti
717 3645 833 3719 quidam
858 3645 893 3704 de
925 3649 1032 3726 nuptiis
1056 3652 1149 3713 vocati
1170 3652 1295 3726 fuerunt,

100 3737 257 3800 dummodo
271 3737 390 3797 carnalis
405 3738 572 3797 commixtio
593 3758 651 3798 non
676 3742 857 3802 intervenerit
878 3746 951 3804 inter
972 3765 1022 3805 eos
1037 3767 1044 3805 :
1060 3760 1089 3806 et
1103 3749 1183 3808 alteri
1203 3771 1295 3813 rema·

99 3837 189 3904 nenti,
204 3835 229 3891 si
245 3835 435 3893 commonitus
451 3835 652 3894 continentiam
664 3857 776 3897 serrare
792 3841 923 3910 noluerit,
935 3843 1044 3901 licitum
1059 3847 1151 3904 estad
1166 3852 1295 3911 secunda

100 3947 165 3997 vota
179 3933 308 3995 transire.
350 3932 425 3999 Quia
438 3950 503 3993 eum
519 3951 577 3991 non
603 3934 724 3994 fuissent
738 3957 795 3996 una
819 3958 884 3998 caro
898 3941 1003 4010 effecti,
1025 3944 1094 4001 satis
1109 3957 1205 4022 potest
1218 3969 1293 4009 unus

298 4109 310 4174 (
314 4109 340 4171 1)
360 4105 424 4156 Gan.
434 4107 500 4169 Quia
510 4109 617 4172 Agatho,
629 4116 663 4161 2⁷
670 4123 754 4177 quest.
763 4118 787 4164 2.

299 4195 342 4260 (2)
363 4191 425 4258 Cep.
436 4209 495 4244 com
506 4194 549 4255 eis,
560 4196 590 4245 de
597 4212 706 4248 convers.
712 4202 825 4266 conjug.;
842 4211 867 4253 et
878 4217 930 4266 cop.
946 4201 1076 4265 Uxorutoo,
1086 4206 1144 4256 ibid.

295 4283 337 4348 (3)
359 4279 420 4347 Gap.
436 4281 709 4352 (trangressionem.

296 4367 338 4433 (4)
358 4365 422 4416 Oen.
437 4367 556 4428 Serietim
573 4369 679 4422 distinct.
691 4375 732 4421 32.

296 4452 338 4518 (o)
357 4451 483 4502 Benedict.
492 4454 543 4503 xiv.
554 4454 585 4504 de
598 4454 661 4521 Syn.
672 4457 687 4506 l.
699 4457 751 4506 xiii.
760 4473 781 4507 c.
793 4457 835 4507 xii
846 4474 871 4509 n.
883 4460 933 4510 xri.

297 4537 334 4597 (e)
351 4536 415 4587 Sese.
424 4537 491 4588 xxiv.
501 4554 555 4589 eru.
566 4540 598 4590 ri.
