2798 5092
569 363 630 423 DE
651 361 830 424 rumulo.
1235 368 1294 427 81111

132 519 224 600 Reap.
248 521 396 596 Quidquid
410 523 448 582 sit
469 521 505 580 de
517 520 685 581 Judaeomm
707 522 915 600 expectatione,
936 523 1071 582 Christus
1092 523 1176 602 plane
1191 542 1249 584 non
1265 525 1293 583 ei

94 639 122 680 se
128 626 159 678 se
174 620 411 690 accommodavit,
427 620 478 679 sed
487 621 533 679 sui
544 620 681 679 adventus
693 619 811 679 secundi
823 618 954 698 adjuncta
962 621 1128 682 solemniter
1138 632 1167 680 et
1178 623 1290 699 perspi·

94 717 144 776 eud
157 719 327 776 enuntiavit.
368 718 513 796 Imagines
522 717 660 792 quasdam
672 717 813 776 adhibitas
831 735 895 776 esse
906 736 963 777 non
973 737 1122 796 negamus,
1132 738 1221 794 quum
1244 721 1286 779 sic

94 816 175 875 ferret
188 834 259 874 usus
274 815 422 890 loquendi,
437 815 487 874 sed
502 817 544 875 rei
555 816 635 875 salva
646 816 777 875 veritate.

134 917 200 971 153.
221 910 289 992 obj.
305 917 334 971 3.
357 913 442 972 Orbis
457 931 515 972 non
529 911 672 970 sufficeret
686 912 836 972 bominum
851 911 1036 973 universitati.

111 1068 113 1073 ,
131 1009 221 1088 Resp.
246 1009 355 1084 Utique
369 1010 479 1069 abunde
494 1009 647 1076 sufficeret,
663 1009 703 1068 uti
717 1009 826 1069 calculo
841 1011 914 1069 sacto
926 1010 1010 1087 periti
1023 1010 1156 1070 homines
1170 1011 1289 1074 demon·

95 1116 216 1166 strarunt
232 1125 239 1162 :
263 1115 283 1143 “
296 1106 355 1174 Qui
368 1106 465 1166 omnia
486 1107 602 1184 proprie
625 1105 808 1183 capiebant,’'
819 1090 823 1099 ¹
834 1106 926 1180 inquit
947 1106 1160 1176 Rosenmiiller,
1176 1109 1291 1167 “veriti

94 1202 172 1272 sunt,
185 1223 221 1263 ne
251 1204 379 1282 amplum
394 1205 471 1264 orbis
492 1206 615 1281 spatium
641 1222 699 1262 non
715 1203 839 1263 sufficiat
851 1216 893 1264 tot
912 1204 1086 1274 bominibus,
1102 1207 1292 1280 quiunquam

96 1303 236 1370 vixerunt,
261 1311 290 1359 et
303 1301 395 1360 adhue
419 1301 521 1360 victuri
535 1310 620 1369 sunt;
647 1311 745 1359 contra
759 1301 862 1360 horum
872 1319 976 1361 vanum
990 1300 1121 1361 timorem
1136 1300 1298 1380 disputavit

96 1397 304 1457 Siissmilch.’'²
343 1397 485 1456 Praeterea
498 1397 597 1457 relatio
623 1395 658 1455 ad
683 1396 780 1456 locum
792 1398 921 1475 corporis
932 1397 1049 1474 gloriosi
1064 1416 1123 1457 non
1136 1398 1237 1458 eadem
1249 1409 1295 1456 est

96 1513 127 1553 ac
140 1495 269 1573 corporis
282 1497 310 1555 in
326 1495 460 1573 presenti
474 1512 568 1553 rerum
583 1493 756 1554 conditione.

135 1597 202 1651 154.
228 1592 295 1672 Obj.
310 1596 340 1651 4.
362 1593 479 1651 Frustra
502 1600 671 1669 cogerentur
696 1591 725 1650 in
740 1609 830 1650 unum
845 1592 971 1652 universi
986 1593 1117 1651 homines
1133 1591 1293 1669 judicandi,

97 1709 184 1764 quum
200 1689 379 1768 singulorum
404 1688 594 1748 conscientias
608 1688 705 1747 rimari
729 1698 758 1746 et
782 1686 938 1766 dijudicare
953 1689 1057 1747 infiniti
1072 1700 1149 1746 esset
1166 1687 1272 1747 laboris
1286 1707 1294 1756 ;

97 1787 267 1845 sententiam
280 1796 373 1844 autem
388 1785 464 1844 ferre·
476 1786 505 1844 in
520 1786 669 1844 universos
680 1784 760 1844 nullo
771 1785 847 1844 sacto
858 1786 1001 1854 examine,
1013 1784 1140 1845 divinam
1150 1785 1294 1864 justitiam

100 1903 157 1944 uon
171 1885 329 1943 exhiberet.

134 1981 226 2060 Resp.
248 1981 318 2040 Non
343 1979 420 2040 tarda
444 1980 589 2057 indagine,
604 1979 655 2038 sed
676 1980 785 2039 lumine
807 1979 905 2039 divino
927 1980 1025 2040 omnia
1044 1979 1174 2039 cordium
1188 1997 1291 2037 arcana

100 2080 245 2158 patebunt,
261 2078 406 2138 Dominus
420 2077 540 2139 enimin
554 2077 675 2137 adventu
690 2097 745 2137 suo
770 2077 974 2137 “illuminabit
987 2075 1153 2135 abscondita
1167 2077 1295 2134 tenebra·

99 2195 159 2235 rum
175 2184 204 2233 et
214 2173 405 2233 manifestabit
413 2174 533 2233 consilia
543 2173 720 2233 cordium.⁸’¹
760 2175 868 2252 Magna
881 2173 945 2233 Deo
955 2173 1045 2251 gloria
1055 2183 1175 2250 exurget
1187 2171 1296 2231 sanctis

99 2275 239 2333 universis
257 2294 274 2332 a
287 2273 407 2332 Christo
422 2273 536 2350 agnitis,
549 2273 647 2350 impiis
659 2273 773 2350 reJectis
784 2283 813 2332 et
826 2272 976 2331 damnatis.

138 2375 205 2430 155.
232 2369 298 2451 Obj.
314 2375 351 2430 5..
366 2371 437 2438 Qua
459 2369 500 2428 'de
524 2371 589 2429 tuba
610 2371 760 2430 insonante
783 2379 812 2428 et
834 2370 971 2429 librorum
986 2369 1119 2429 examine
1143 2367 1287 2437 dicuntur,

101 2466 265 2525 translatum
279 2466 423 2544 postulant
437 2484 565 2535 sensum,
581 2467 655 2525 sicut
668 2475 698 2524 et
711 2465 835 2544 plurima
848 2465 884 2524 de
899 2465 960 2526 sole
974 2466 1135 2534 obscurato,
1151 2464 1242 2523 stellis
1257 2463 1295 2523 de

100 2567 170 2624 celo
184 2565 321 2643 delapsis.
362 2565 442 2640 Ergo
456 2573 514 2625 tota
525 2562 680 2641 descriptio
692 2563 896 2641 prophetarum
908 2581 987 2622 more
1000 2562 1075 2622 facta
1089 2560 1233 2622 censenda
1242 2569 1296 2629 est,

100 2662 132 2721 ad
147 2663 257 2721 Christi
271 2663 458 2740 triumphum,
474 2670 632 2738 propagato
645 2661 709 2738 ejus
724 2660 814 2729 cultu,
830 2659 1059 2737 depingendum.

134 2758 225 2838 Resp.
248 2757 336 2818 Oertd
362 2758 503 2818 affirmare
526 2776 584 2817 non
598 2775 753 2834 possumus
778 2773 929 2830 quousque
954 2773 1057 2814 sensus
1084 2756 1186 2814 obvius
1201 2755 1231 2814 in
1245 2753 1297 2813 illa

98 2857 247 2935 magnifica
257 2854 361 2934 judicii
374 2855 566 2933 descriptione
580 2852 746 2913 retinendus
767 2852 805 2910 sit
819 2871 827 2910 :
848 2851 899 2910 sed
914 2851 975 2909 tutd
990 2852 1189 2911 contendimus
1202 2852 1298 2928 ipsam

98 2973 155 3014 rem
170 2973 257 3029 quam
272 2954 406 3012 Christus
421 2951 555 3010 describit
569 2951 691 3010 suturam
706 2967 773 3008 cum
787 2946 929 3026 adjunctis
943 2949 1209 3023 solemnibusque
1226 2949 1299 3007 ima·

100 3051 211 3129 ginibus
226 3051 298 3109 adeo
312 3050 468 3109 illustribus
483 3049 664 3108 exhibentur.
705 3046 841 3104 Veritatis
862 3045 997 3124 magister
1011 3064 1068 3105 non
1084 3055 1182 3123 posset
1197 3045 1297 3105 baberi

99 3150 123 3206 si
136 3147 353 3208 fundamentum
376 3147 490 3206 deesset
503 3145 700 3223 descriptioni,
716 3143 761 3202 vel
775 3162 821 3202 res
838 3143 892 3202 alia
912 3141 1132 3211 describeretur,
1148 3160 1247 3216 quam,
1259 3159 1298 3200 ex
1372 3173 1375 3178 -

99 3246 238 3305 sermonis
253 3244 416 3310 occasione,
431 3243 479 3301 vel
492 3242 646 3320 adjunctis,
660 3259 746 3300 nemo
762 3240 893 3318 detegere
909 3249 1016 3317 posset.

137 3345 205 3400 156.
230 3338 298 3420 onj.
320 3343 349 3399 6.
370 3339 478 3399 Judicii
499 3339 615 3398 nomine
636 3338 791 3405 insinuavit
805 3336 942 3397 Christus
964 3336 1236 3415 triumphumeuum
1261 3333 1296 3393 de

100 3437 239 3507 hostibus,
254 3437 360 3497 diffusa
374 3435 431 3495 fide
444 3446 472 3495 et
492 3436 569 3495 cultu
584 3453 669 3510 quem
686 3433 809 3494 tradidit.
850 3434 920 3494 Ideo
941 3453 1006 3495 cum
1022 3433 1297 3511 Hierosolymorum

101 3535 209 3596 excidio
220 3534 291 3594 illud
305 3534 466 3612 conjunxit,
483 3532 598 3592 ultionis
613 3532 724 3590 scilicet
738 3531 804 3590 iude
819 3532 932 3591 initium
946 3531 1107 3591 faciendum
1123 3531 1243 3591 docens.

135 3633 225 3713 Resp.
246 3633 376 3693 Plurima
389 3652 452 3707 quae
466 3630 502 3690 de
511 3630 622 3710 judicio
638 3629 750 3689 tradidit
763 3630 907 3700 Christus,
915 3629 1059 3709 judicium
1072 3631 1156 3708 plane
1166 3641 1298 3708 spectant

104 3728 306 3789 instituendum
345 3738 411 3806 post
446 3746 539 3787 rerum
575 3725 782 3786 mundanarum
816 3727 905 3796 vices,
941 3737 973 3788 ut
1007 3737 1113 3787 aetsrna
1146 3729 1297 3788 homiuum

105 3827 224 3887 conditio
238 3837 375 3889 statuatur
400 3836 429 3885 et
451 3825 617 3884 declaretur.
660 3825 745 3893 Quod
769 3834 894 3884 autema
916 3824 1176 3905 Hierosolymitani
1191 3824 1299 3884 excidii

104 3921 231 3984 1111111111
245 3922 279 3982 ad
287 3923 390 4001 judicii
405 3922 628 3998 descriptionem
643 3921 789 3981 transiisse
810 3920 955 3998 plerisque
969 3923 1108 3992 videatur,
1125 3921 1246 3999 contigit
1259 3939 1298 3980 ex

107 4020 224 4095 eoquod
238 4020 411 4080 calamitates
425 4019 593 4099 ludaeorum
609 4019 763 4098 imaginem
783 4018 927 4093 quandam
947 4021 1091 4097 prebeant
1111 4038 1210 4080 eorum
1231 4037 1296 4094 qua

112 4117 156 4176 sub
169 4112 269 4178 mundi
282 4118 371 4177 finem
382 4117 525 4176 evenient.

145 4216 207 4275 157.
234 4212 302 4294 obj.
317 4221 347 4276 7.
363 4214 469 4288 Liquet
483 4191 634 4273 ctnisturn'
643 4174 784 4290 judicium
800 4213 964 4272 enuntiasse
979 4214 1104 4272 futurum
1118 4213 1149 4272 in
1163 4213 1227 4292 ipsa
1241 4231 1300 4287 qua

110 4305 333 4382 1111111111111,8
357 4320 386 4370 et
409 4310 565 4390 Apostolos
588 4309 667 4368 brevi
692 4309 760 4367 illud
786 4320 954 4371 eventumm
981 4309 1163 4388 predicasse.
1217 4309 1302 4370 Vana

466 4527 509 4593 (1)
529 4507 737 4576 Rosenmisslerin
748 4523 809 4578 Mat.
820 4539 877 4576 xxv.
889 4526 931 4575 ³2.

461 4612 503 4679 (2)
522 4608 544 4669 l.
556 4612 658 4663 (11111.
669 4615 692 4663 b.

469 4700 512 4767 (3)
532 4700 603 4752 Mart.
618 4700 686 4751 xxiv.
702 4701 743 4750 34.
