2798 5092
89 356 152 423 ΙΙ
573 348 798 411 sPPEme.

96 512 176 575 Petri
189 521 368 580 successore,
382 510 534 589 presbyter
548 518 592 567 est
613 509 714 568 factus.
755 508 919 568 Alexandro
933 509 1052 569 Achillae
1067 509 1218 569 demortuo
1231 509 1290 569 suf·

89 612 178 680 ecto,
194 612 306 670 Ariusa
320 629 372 688 spe
386 610 545 678 frustratus,
560 609 692 668 heresim
715 609 871 687 propagare
882 610 980 686 eoepit,
992 628 1068 668 anno
1090 610 1206 669 circiter
1219 590 1290 678 111,

89 726 226 773 11111111
241 710 375 768 “Filium
390 727 454 767 asse
468 718 624 767 creaturam
640 707 697 766 Dei
711 708 875 784 perfectam,
890 707 942 767 sed
955 721 1049 767 tamen
1064 727 1122 768 non
1137 722 1169 767 ut
1184 707 1293 782 aliquid

89 824 132 867 ex
146 806 313 866 creaturis.”
356 806 437 865 Duos
458 806 622 883 episcopos,
638 804 848 879 nonnullosque
870 808 1053 883 presbyteros
1070 806 1100 865 in
1114 824 1183 864 suas
1207 802 1295 864 tra'xit

92 918 201 985 partes,
215 924 289 979 quos
303 922 404 964 omnes
422 907 458 962 14
472 922 592 963 numero
606 904 785 963 anathemate
806 906 947 981 percussit
962 905 994 964 S.
1009 903 1182 973 Alexander,
1197 904 1296 964 habito

98 1008 155 1064 100
175 1005 377 1081 episcoporum
400 1002 522 1061 concilio
536 1001 728 1061 Alexandriae.
769 1002 805 1060 ln
818 1002 967 1062 Orientem
991 1003 1079 1061 Arius
1103 1021 1136 1061 se
1161 1000 1294 1070 contulit,

91 1102 234 1174 omnique
244 1100 370 1159 adhibita
383 1110 453 1167 arte,
464 1100 669 1159 nonnullorum
681 1101 883 1177 episcoporum
898 1111 1055 1177 aucupatus
1070 1111 1114 1158 est
1123 1100 1258 1178 gratiam,
1271 1111 1298 1158 et

94 1199 176 1260 molli
190 1211 312 1276 pomata
331 1198 418 1266 edito,
434 1195 566 1256 Testem
579 1199 706 1266 nomine,
721 1199 860 1275 plurimos
876 1199 971 1257 omnis
986 1199 1100 1275 generis
1116 1216 1172 1256 suo
1200 1197 1300 1257 infecit

91 1314 200 1356 errore.
214 1296 439 1354 OEoumenicum
451 1295 578 1353 habitum
590 1307 635 1352 est
647 1295 675 1353 N
678 1295 754 1352 icaeoe
767 1279 932 1362 concilium,
945 1285 1099 1363 11110325,
1112 1304 1144 1352 11
1154 1295 1300 1372 grassanti

92 1393 170 1470 pesti
184 1391 354 1459 mederetur,
370 1403 399 1450 11
418 1395 475 1450 318
490 1390 591 1450 Patres
612 1391 735 1450 solemni
749 1389 915 1450 definitione
941 1390 1091 1449 Christum
1112 1389 1213 1450 Deum
1229 1406 1294 1450 esse

95 1492 173 1551 Petri
188 1490 458 1549 consubstantialem
483 1489 669 1549 declararunt.
711 1493 797 1548 Arius
822 1489 887 1567 plus
902 1488 993 1548 semel
1007 1506 1076 1547 suos
1101 1488 1298 1565 dissimularit

91 1604 216 1654 errores,
238 1598 266 1645 et
286 1587 418 1645 simulata
438 1585 505 1645 fidei
528 1587 706 1664 professione
728 1586 868 1645 Ecclesiae
890 1585 1124 1644 communionem
1146 1586 1298 1664 reeupera-

93 1695 176 1743 turus
190 1697 260 1753 erat,
275 1685 305 1743 ni
318 1686 351 1743 S.
367 1684 530 1743 Alexander
544 1683 880 1762 constantinopolitanus
892 1685 1024 1762 precibus
1039 1696 1067 1742 et
1077 1685 1201 1763 jejuniis
1223 1696 1298 1753 tauto

94 1781 173 1839 nato
187 1781 354 1839 obstitisset.
397 1783 534 1841 Animam
556 1783 641 1841 simul
662 1801 728 1840 cum
742 1782 900 1840 visceribus
914 1782 945 1840 in
959 1781 1068 1840 latrinis
1089 1781 1206 1852 effudit,
1219 1784 1296 1861 Justu

95 1875 155 1936 1111
165 1878 286 1956 judicio,
301 1877 393 1956 pridie
409 1898 496 1953 quam
516 1892 605 1949 esset,
627 1891 725 1939 sancte
740 1880 864 1938 antistite
877 1879 979 1948 invito,
994 1880 1025 1937 in
1039 1878 1206 1940 Ecclesiam
1219 1879 1298 1941 (lon-

95 1975 376 2052 stantinopolitanarn
391 1975 623 2035 introducendus.

136 2073 248 2132 Amin
261 2074 359 2132 intres
372 2075 529 2150 precipuas
542 2073 677 2132 factiones
693 2092 724 2132 ss
738 2073 905 2132 diviserunt.
946 2071 1069 2132 AEtiuni
1077 2084 1108 2132 et
1119 2072 1298 2135 Eunomiani

96 2169 226 2228 sbAEtio
240 2181 270 2228 et
290 2171 436 2229 Eunomia
460 2172 606 2248 episcopis
632 2171 745 2230 Arianis
771 2160 939 2248 nuncupati,
953 2170 1103 2229 Christum
1121 2170 1300 2231 dissimilem

95 2264 175 2323 Patri
204 2284 269 2323 esse
303 2265 521 2336 contendebant,
550 2279 723 2345 quapropter
759 2276 789 2326 et
823 2268 956 2326 Anousn
982 2267 1051 2343 dicti
1087 2278 1154 2326 sunt
1178 2266 1297 2338 sem

95 2363 300 2422 &sm-dmm
317 2383 387 2423 eum
408 2365 535 2424 similem
554 2383 622 2425 esse
643 2366 722 2425 Patri
744 2366 830 2424 etiam
851 2365 946 2440 quoad
967 2366 1157 2424 substantiam
1176 2367 1299 2436 ipsosne

96 2460 264 2519 fatsbanmr.
321 2461 399 2520 Inter
433 2463 488 2521 hos
527 2451 748 2522 recensebantur
787 2464 919 2522 nonnulli
954 2463 1020 2522 fidei
1055 2464 1175 2522 omnino
1201 2466 1300 2531 sate,

97 2559 228 2631 qumvis
243 2576 343 2617 vocem
363 2561 458 2628 speum
473 2578 523 2618 seu
539 2558 830 2626 consubstantialem,
853 2570 999 2635 tamquam
1013 2560 1204 2620 dissidiorum
1219 2576 1300 2645 sceaf

97 2655 209 2713 sionem
230 2673 287 2713 nos
309 2657 470 2732 probarent.
492 2659 651 2727 Acsorsnr,
672 2658 707 2716 ab
732 2659 838 2718 Acacio
859 2661 999 2737 episcopo
1022 2658 1208 2718 0111111111
1235 2656 1299 2726 orti,

97 2750 205 2810 Filium
220 2753 344 2812 similem
356 2754 433 2814 Patri
445 2774 480 2814 ea
492 2768 600 2816 tantum
611 2758 721 2815 satione
732 2775 788 2831 qua
799 2758 895 2836 imago
904 2758 1007 2816 similis
1017 2771 1063 2815 sat
1072 2757 1186 2816 homini
1201 2772 1301 2834 agnus-

96 2850 207 2909 csbast.
251 2852 471 2912 Persecutiones
485 2855 656 2914 Ariahorum
665 2855 695 2914 in
707 2855 739 2913 S.
752 2855 940 2914 Athanasium
953 2854 1193 2923 Alexandrinum,
1208 2853 1300 2913 111111

97 2966 169 3022 qnae
189 2968 242 3027 pro
259 2952 380 3010 arbitrio
401 2952 542 3011 audebant
556 2953 623 3012 fidei
643 2954 790 3018 formulas,
813 2953 1000 3012 conciliabula
1022 2972 1086 3027 quar
1110 2953 1300 3020 celebrarunt,

97 3046 210 3107 frendes
220 3050 317 3108 etnim
329 3051 434 3123 quibus
445 3053 491 3110 111
500 3053 614 3111 suntad
624 3071 694 3111 suos
703 3051 837 3111 celandos
848 3052 1084 3131 propagandosve
1096 3068 1221 3120 errores,
1235 3048 1300 3111 alia·

97 3168 153 3224 que
162 3148 196 3209 ad
205 3164 304 3206 eorum
315 3146 463 3207 historiam
475 3151 646 3227 pertinentia
657 3148 731 3227 apud
740 3148 950 3208 ecclesiasticos
959 3151 1115 3227 scriptoros
1130 3148 1301 3213 ridereest.l

136 3248 298 3308 Eunomus
313 3248 375 3306 Arii
394 3247 483 3305 errori
503 3246 643 3323 plurimos
657 3246 771 3323 adjecit.
813 3245 942 3304 lactabat
960 3264 992 3303 se
1006 3245 1104 3306 111111
1119 3246 1159 3306 111
1172 3247 1298 3326 perfecte

97 3354 281 3423 cognoscere,
295 3346 371 3404 sicut
384 3345 448 3421 ipse
461 3362 494 3401 se
508 3345 658 3421 cognoscit
672 3344 763 3403 Deus.
805 3343 953 3418 Reliquias
976 3343 1140 3420 Martyrum
1152 3356 1301 3425 contemp·

98 3444 146 3512 sit,
162 3457 234 3502 teste
250 3444 444 3519 Hieronymo.
487 3441 594 3500 Ilocuit
618 3443 856 3519 perseverantiam
872 3442 901 3500 in
925 3442 1049 3519 peccatis
1063 3442 1151 3501 etiarn
1166 3438 1301 3522 111111111-

98 3544 154 3602 mis
168 3562 225 3602 non
240 3546 343 3603 obesse
358 3543 394 3600 iis
405 3542 456 3616 qui
470 3540 537 3600 fidei
552 3560 639 3615 quam
654 3540 779 3600 tradebat
792 3550 889 3600 essent
902 3541 1068 3618 participes.

137 3639 351 3699 caesaream
373 3659 389 3697 a
414 3637 551 3697 Oollutho
575 3640 741 3715 presbytero
755 3638 960 3707 Alexandrino,
976 3639 1025 3712 qul
1040 3637 1221 3715 episcopalia
1235 3654 1298 3699 mu·

97 3758 166 3800 nera
187 3757 341 3815 usurpans,
366 3737 514 3813 ischyram
529 3755 697 3795 consecrare
723 3754 874 3814 aggressus
889 3745 934 3794 est
947 3736 1128 3813 episcopum,
1144 3736 1202 3794 orti¹
1214 3746 1293 3796 suut.

98 3838 229 3898 asseruit
243 3836 291 3894 ille
306 3836 402 3894 Deum
417 3852 475 3894 non
490 3852 555 3893 esse
576 3835 714 3893 malorum
735 3846 844 3895 naturae
857 3845 887 3893 et
898 3853 990 3912 prens
1003 3847 1163 3893 auctorem.
1209 3832 1297 3894 Brevi

98 3937 224 3996 extincta
238 3945 281 3993 est
295 3945 384 4001 secta,
401 3943 473 3990 teste
488 3932 680 4011 Epiphanio.¹
1302 3946 1305 3951 ·

136 4036 305 4100 Pseneros,
322 4031 488 4089 Sirmiensis
503 4032 668 4109 episcopus,
690 4046 765 4101 anno
780 4031 972 4098 1411111111,
988 4030 1074 4107 coepit
1088 4026 1225 4088 haeresim
1237 4044 1301 4106 pro-

98 4150 210 4210 pagare,
234 4129 352 4188 Sabellii
366 4139 526 4186 restaurans
538 4146 676 4188 ermrem.
697 4126 848 4187 Christum
860 4128 1002 4187 exMaria
1019 4126 1133 4185 initium
1149 4125 1297 4192 habuisse,

99 4230 260 4308 etproinde
275 4248 384 4289 merum
409 4246 474 4286 esse
496 4227 644 4286 hominem
665 4227 785 4296 nasum
806 4226 933 4285 Verbum
957 4238 1051 4285 autem
1073 4224 1181 4284 nullam
1197 4224 1299 4284 habers

98 4325 279 4403 hypostasim
294 4327 450 4404 propriam,
464 4323 517 4382 sed
532 4344 598 4384 esse
614 4337 757 4399 tamquam
779 4324 925 4403 energiam
938 4323 1043 4384 Patris.
1079 4320 1243 4383 Damnatus
1256 4332 1299 4381 est

99 4426 129 4485 in
144 4425 266 4484 concilio
282 4425 492 4486 Mediolanensi
507 4446 580 4485 anno
595 4430 664 4486 347.

332 4585 374 4651 (1)
395 4585 507 4637 Consule
517 4582 633 4637 Natalem
646 4583 886 4655 Alexandrumjbist.
898 4582 967 4637 Eccl.
975 4600 1033 4637 aree.
1043 4585 1077 4636 ir.

333 4672 372 4736 (2)
392 4673 458 4722 Her·
472 4672 531 4721 lxix.
