2798 5092
315 392 319 399 -
340 348 399 412 DE
418 348 652 413 EORPORUM
673 348 1042 414 RESURRECTIONE.
1219 356 1281 415 996

81 510 154 578 supet
167 509 213 565 ssi
224 507 369 578 deusd-⁴⁸
380 528 438 571 nen
452 511 584 585 acquievi
602 510 731 571 carebet
749 510 924 588 sanguini.”¹
965 523 985 551 ‘¹
996 513 1139 582 Quoniam
1161 514 1277 593 igitur,''

79 609 282 671 animadvertit
293 609 364 669 clim
378 609 515 678 lrenaeus,
530 618 551 647 ⁸⁴
563 609 626 669 sine
640 609 750 686 Spiritu
772 609 827 668 Dei
851 610 955 668 salvari
968 629 1028 670 non
1048 630 1215 690 possumus,
1228 612 1277 673 ad-

78 707 209 767 hortatur
222 706 380 784 Apostolus
401 725 455 766 ucs
475 725 526 784 per
545 705 642 774 iidem,
663 717 693 766 et
711 717 818 765 castam
839 709 1084 768 conversationem
1108 728 1276 771 conservare

76 805 222 883 Spiritum
237 804 305 873 Dei,
326 815 358 863 ut
377 822 435 863 non
455 805 519 862 sine
540 803 755 881 participatione
769 804 894 889 Spiritus
908 805 1006 862 Sancti
1021 806 1098 873 lacti,
1114 809 1276 868 amittamus

80 916 202 981 regnum
217 901 365 961 caelorum.
401 902 446 960 Et
466 901 607 970 clamavit,
623 919 681 961 non
702 920 789 979 posse
808 920 922 960 carnem
947 902 1050 971 solam,
1064 914 1094 962 et
1106 907 1277 983 sanguinem

79 1000 200 1080 regnum
211 1000 269 1059 Dei
280 999 474 1078 possidere.”¹
493 1001 585 1085 Acute
596 999 681 1059 etiam
693 1000 903 1060 Tertullianus:
914 1000 1012 1060 “Non
1021 1003 1098 1061 enim
1108 1006 1279 1064 resurrectio

78 1100 158 1159 omni
173 1107 204 1158 et
216 1099 349 1176 sanguini
363 1096 471 1157 directo
484 1106 612 1176 negatur,
627 1096 680 1156 sed
692 1098 749 1156 Dei
764 1116 893 1176 regnum,
908 1099 985 1173 quod
1004 1100 1121 1158 obvenit
1135 1119 1277 1161 resurrec-

75 1197 151 1256 tioni
165 1195 223 1275 (est
242 1207 337 1255 autem
358 1204 388 1255 et
407 1197 437 1256 in
451 1195 595 1273 'judicium
616 1197 806 1275 resurrectio)
821 1197 911 1256 immo
930 1208 959 1256 et
980 1199 1164 1257 confirmatur
1183 1201 1277 1258 carnis

78 1297 254 1354 resurrectio
268 1294 418 1372 generalis,
432 1311 498 1352 curn
506 1293 641 1370 specialis
651 1286 803 1371 excipitur.
844 1293 921 1353 Dum
937 1294 1058 1354 enimin
1072 1312 1158 1368 quem
1172 1305 1278 1356 statum

81 1410 139 1451 non
154 1404 283 1469 resurgat
302 1391 433 1460 edicitur,
448 1392 477 1450 in
492 1409 578 1464 quem
593 1400 730 1469 resurgat,
748 1391 923 1450 subauditur.
965 1392 1061 1466 Atque
1083 1393 1122 1451 ita
1134 1392 1203 1452 dum
1225 1410 1278 1471 pro

78 1491 190 1550 meritis
205 1490 416 1549 distinctionem
431 1490 657 1557 resurrectionis,
674 1507 748 1567 opus
763 1490 939 1558 substantia,
954 1508 1012 1548 non
1033 1508 1136 1568 genus,
1151 1491 1276 1568 patiturt

80 1600 199 1667 apparet
208 1589 280 1647 hinc
293 1606 418 1661 quoque,
431 1606 544 1646 carnem
555 1597 583 1646 et
593 1589 773 1665 sanguinem,
788 1588 904 1646 nomine
919 1588 1022 1666 culpa,
1033 1606 1089 1648 non
1099 1590 1276 1661 substantie,

76 1686 168 1745 arceri
184 1704 201 1744 a
214 1685 271 1745 Dei
285 1704 393 1762 regno;
415 1686 532 1744 nomine
545 1696 640 1745 umen
653 1686 751 1744 forme
766 1703 913 1764 resurgere
927 1687 958 1745 in
969 1685 1123 1764 judicium,
1138 1686 1278 1762 quianon

74 1793 227 1864 mergant
241 1785 270 1844 iu
284 1784 450 1862 regnum.”⁸

117 1887 168 1943 98.
194 1882 262 1963 Obj.
278 1888 306 1942 5.
329 1893 350 1921 ‘⁴
364 1884 447 1942 Licet
460 1883 496 1950 is,
512 1882 562 1956 qui
575 1882 644 1942 feris
659 1892 713 1950 est,
728 1892 826 1941 noster
838 1872 927 1942 bomo
941 1894 1158 1961 corrumpatur:
1181 1895 1276 1947 tamen

77 1983 114 2052 is,
130 1983 181 2057 qui
195 1983 272 2041 intus
285 1993 341 2050 est,
355 1991 507 2040 renovatur
531 1980 570 2039 de
589 1979 635 2039 die
656 1981 685 2038 in
707 1979 832 2039 diem.''⁴
871 1971 988 2057 Corpus
1005 1981 1122 2040 vocibus
1137 1983 1275 2051 hominis,

78 2081 129 2155 qui
146 2080 217 2140 foris
232 2091 284 2148 est,
300 2079 475 2157 intelligitur,
488 2079 584 2138 anima
597 2094 665 2137 vero
680 2077 805 2137 hominis
827 2077 877 2152 qui
891 2077 967 2136 intus
981 2088 1025 2136 eet
1045 2079 1161 2137 nomine
1183 2078 1276 2158 desig·

65 2184 173 2238 natur.
204 2177 290 2237 *Illud
305 2186 400 2236 manet
414 2179 579 2255 corruptio:
595 2175 676 2235 'hanc
689 2175 847 2239 renovatio.

120 2277 211 2356 Reep.
233 2277 390 2355 Apostolus
401 2277 527 2350 loquitur
541 2276 576 2335 de
591 2276 719 2353 corporis
735 2276 873 2336 aerumuis'
884 2292 955 2349 quas
970 2273 1037 2334 fidei
1052 2293 1138 2333 causa
1152 2277 1276 2354 patieba-

77 2385 134 2444 tur,
149 2386 171 2415 u
182 2357 350 2448 dmotslpssct
364 2374 511 2451 frangitur,
524 2382 683 2434 attenuatur
693 2392 815 2452 corpus;
829 2392 895 2432 nam
908 2381 940 2431 et
952 2373 982 2432 in
993 2374 1058 2452 jure
1067 2373 1167 2452 perire
1178 2374 1276 2436 dicun·

74 2488 132 2542 tur,
162 2492 227 2547 quae
254 2472 394 2532 deteriora
415 2471 534 2531 fiunt.’'⁵
574 2473 740 2531 Renovatur
760 2472 790 2530 in
810 2471 873 2530 dies
893 2470 997 2540 anima,
1019 2484 1158 2545 quatenus
1187 2492 1275 2534 novae

77 2573 155 2630 vires
167 2569 202 2628 ad
215 2571 322 2649 majora
337 2589 388 2647 pro
401 2569 518 2628 Christo
530 2568 677 2628 subeunda
688 2569 843 2648 experitur.
885 2567 930 2627 De
947 2571 1152 2629 resurrectione
1164 2570 1275 2631 locutus

75 2669 179 2736 fuerat,
196 2670 279 2746 cujus
294 2669 366 2727 fides
387 2679 416 2726 et
435 2685 503 2744 spes
524 2665 601 2727 certa
622 2666 733 2726 animos
754 2666 788 2725 ad
811 2667 973 2745 patiendum
995 2667 1098 2725 dabat:
1122 2671 1274 2729 “scientes

79 2769 218 2843 quoniam
233 2767 282 2840 qui
305 2766 452 2825 suscitavit
473 2766 576 2824 Jesurn
597 2776 625 2823 et
645 2784 697 2824 nos
715 2783 780 2823 cunr
802 2764 872 2822 Jeeu
895 2764 1087 2823 suscitabit.”⁵
1128 2766 1276 2842 Quidquid

77 2865 166 2943 igitur
180 2865 209 2922 in
225 2882 343 2940 corpore
358 2863 525 2938 patiebatur,
541 2862 637 2919 animo
648 2861 714 2919 letto
728 2859 959 2936 amplectebatur,
969 2869 1052 2919 tanta
1068 2862 1207 2922 mercedis
1221 2882 1274 2942 spe

76 2962 249 3021 roboratus:
272 2960 334 3018 “id
356 2961 444 3028 enim,
460 2951 536 3033 quod
550 2959 580 3018 in
596 2957 729 3035 praesenti
740 2967 784 3014 est
797 2967 1027 3016 momentaneum
1043 2968 1071 3016 et
1084 2959 1147 3018 leve
1162 2962 1275 3021 tribula·

78 3059 165 3118 tionis
180 3069 296 3127 nostre,
312 3076 398 3135 supra
410 3055 528 3115 modum
539 3057 568 3115 in
580 3053 755 3114 sublimitate
765 3063 900 3112 aeternum
912 3052 1009 3131 glorioe
1021 3054 1133 3131 pondus
1142 3072 1274 3133 operatur

76 3156 107 3214 iu
122 3155 255 3215 nobis.'’⁷
842 3147 845 3153 ’

116 3257 165 3314 99.
190 3253 257 3333 Obj.
272 3259 300 3314 d.
322 3252 434 3314 Eadem
448 3271 514 3312 caro
528 3269 585 3313 uon
600 3252 671 3310 erit:
694 3259 714 3288 ⁸⁶
727 3249 891 3309 Seminatur
903 3266 1006 3328 eorpus
1021 3249 1153 3319 animale,
1175 3266 1273 3330 surget

81 3352 368 3432 corpusspiritale.”⁸

120 3449 206 3530 Rcep.
230 3450 346 3528 Corpus
361 3447 436 3509 idem
457 3448 520 3518 erit,
535 3449 667 3525 quemvis
681 3448 843 3508 conditione
858 3447 1011 3507 admodum
1031 3446 1161 3506 diversa:
1185 3457 1205 3486 “
1217 3450 1274 3510 Po·
1366 3437 1368 3440 ’

88 3554 136 3606 test
148 3558 176 3607 et
189 3549 330 3609 demutari
343 3547 424 3622 quid,
450 3558 478 3606 et
497 3548 593 3625 ipsum
613 3567 678 3606 esse
693 3547 879 3627 nibilominus
883 3586 1016 3605 .....
1039 3544 1183 3604 Dominus
1203 3566 1273 3621 quo·

89 3658 136 3714 que
148 3647 176 3706 in
190 3666 307 3707 secessu
334 3647 438 3704 montis
459 3647 544 3705 etiam
567 3647 736 3704 vestimenta
755 3645 820 3704 luce
841 3653 1015 3710 mutaverat,
1029 3642 1079 3701 sed
1101 3643 1273 3705 lineamenta

91 3735 166 3800 Petro
179 3743 369 3823 agnoscibilia
382 3751 560 3801 servaverat:
587 3742 636 3799 ubi
650 3743 735 3800 etiam
761 3741 862 3800 Moses
888 3752 916 3799 et
931 3740 1053 3808 Helias3
1075 3740 1145 3799 alter
1159 3742 1187 3800 in
1202 3742 1270 3800 ima·

89 3835 147 3911 gius
160 3845 252 3904 carnis
267 3841 395 3902 nondum
420 3852 553 3917 accepte,
568 3840 639 3899 alter
661 3842 692 3899 iu
717 3841 832 3900 veritate
847 3838 972 3899 nondum
987 3839 1137 3907 deiunctae,
1153 3838 1273 3900 eandem

417 4101 460 4167 (1)
480 4099 536 4152 ou
550 4103 573 4150 1.
587 4103 624 4153 tt.

412 4187 456 4255 (9)
476 4186 507 4240 L.
518 4203 540 4240 t.
552 4187 605 4239 adv.
613 4187 669 4238 her.
682 4202 704 4236 c.
715 4187 739 4235 9.

411 4278 454 4344 (3)
473 4274 576 4326 Tertull.
584 4276 600 4325 l.
611 4275 641 4324 de
654 4290 728 4326 resur.
737 4289 803 4324 carn.
812 4289 834 4325 c.
845 4270 884 4322 50.

411 4362 454 4430 (4)
474 4361 508 4413 ΙΙ.
520 4360 617 4412 Oanis.
630 4363 669 4410 16.

410 4448 453 4515 (5)
472 4445 694 4499 Rcscnmuslleriu
705 4445 793 4497 Ιωιιιιι.

410 4532 453 4598 (6)
473 4532 506 4582 V.
519 4533 558 4584 14.

411 4618 455 4684 (⁷)
474 4617 506 4668 v.
517 4620 557 4668 rt.

411 4705 455 4773 (9)
477 4707 489 4754 1
501 4703 561 4756 Gor.
571 4720 613 4756 xv.
623 4707 665 4756 tt
