2798 5092
136 337 196 394 aaa
465 330 522 395 DE
544 332 689 395 CULTU
711 332 1012 404 antiomenon.

135 503 219 552 munt
233 494 262 552 in
283 492 436 570 supplicio,
451 491 502 551 sed
522 492 682 569 glorificant
702 494 732 552 in
752 493 917 571 sepulchoi
959 493 1082 554 Honoro
1106 493 1203 567 itaque
1229 511 1334 572 corpus

138 589 216 665 quod
228 589 378 649 Christum
392 590 543 650 honoravit
555 591 585 649 in
600 589 706 668 gladic,
721 590 799 665 qnod
813 610 879 651 cum
894 590 1013 650 Christo
1027 592 1157 670 reguabit
1167 593 1197 651 iu
1209 591 1335 651 ‘coelo.'’¹

103 720 108 769 p
179 690 246 744 126.
269 686 300 744 S.
316 687 519 755 Accusamus,
535 685 570 745 de
584 686 760 762 reliquiisS
784 687 926 764 Stephani
948 689 1166 765 protomartyris
1187 707 1245 747 suo
1267 700 1335 747 tem·

99 772 108 879 J
142 801 211 861 pore
225 784 344 860 repertis
358 795 387 842 et
400 784 430 842 in
441 784 567 842 Africam
579 783 744 862 deportatis,
758 785 844 842 ait2‘
848 784 1001 862 ‘Exiguus
1015 784 1110 861 pulvis
1125 794 1235 845 tantum
1248 804 1337 864 popu·

95 896 102 959 .¹'
140 879 199 938 lum
214 880 406 958 congregavit.
448 879 531 938 Ciuis
546 879 623 955 latet,
638 880 779 939 beneficia
792 890 899 957 patent.
929 880 1072 958 Cogitate,
1088 880 1336 957 charissimaque

91 972 97 1007 ”
138 978 221 1037 nobis
235 977 315 1035 Deus
334 988 428 1036 servet
442 981 471 1036 in
485 979 602 1056 regione
618 979 760 1047 vivorum,
776 978 826 1051 qui
841 989 919 1061 tanta
932 989 1046 1057 proestat
1065 977 1101 1036 de
1122 980 1242 1056 pulvere
1264 1000 1337 1040 mor·

115 1076 119 1085 '
139 1087 260 1134 tuorum.
264 1075 297 1110 ”²
336 1075 377 1133 Et
390 1075 481 1134 alias:
505 1076 657 1134 “Portant
674 1093 743 1133 sane
764 1076 899 1150 reliquias
920 1077 1079 1151 beatissimi
1092 1086 1122 1136 et
1135 1077 1339 1154 gloriosissimi

138 1176 272 1251 martyris
287 1173 438 1251 Stephani,
455 1192 525 1247 quas
541 1192 598 1232 non
613 1174 724 1252 ignorat
737 1173 880 1232 Sanctitas
896 1174 1006 1243 Vestra,
1016 1174 1091 1233 sicut
1103 1185 1132 1233 et
1140 1195 1194 1235 nos
1205 1177 1338 1245 fecimus,

138 1292 223 1346 quam
237 1274 442 1333 convenienter
456 1272 596 1331 honorare
610 1271 782 1331 debeatis.”⁸
813 1296 814 1300 ¹

62 1394 65 1399 ·
135 1415 139 1429 .
176 1370 331 1432 Probatur
346 1371 408 1430 III.
425 1388 461 1430 ec
475 1370 640 1437 miraculis.

179 1475 245 1530 127.
268 1468 396 1528 Plurima
411 1481 440 1527 et
462 1468 588 1546 insignia
611 1468 748 1527 miracula
773 1488 825 1546 per
844 1469 980 1543 reliquias
994 1479 1157 1530 sanctorum
1173 1482 1283 1549 patrata
1297 1494 1341 1534 re·

66 1558 70 1565 ⁴
138 1568 232 1628 ferunt
245 1567 438 1644 probatissimi
460 1566 612 1644 scriptores
628 1567 817 1645 Augustinus,
831 1567 963 1636 Orosius,
976 1580 1005 1626 et
1013 1568 1157 1646 publicam
1169 1570 1341 1647 plerumque

63 1682 68 1734 j
139 1663 285 1742 appellant
294 1663 391 1721 fidem.
415 1663 560 1737 Equidem
574 1673 636 1722 toto
650 1662 768 1722 Oriente
782 1672 811 1721 et
824 1663 854 1721 in
868 1663 965 1721 Africa
977 1664 1069 1741 palam
1083 1670 1191 1742 patrata
1203 1668 1342 1728 miracula

138 1779 189 1838 per
202 1761 341 1837 Stephani
355 1761 490 1835 reliquias
509 1761 539 1819 hi
561 1770 707 1819 testantur.
749 1759 873 1837 Insuper
891 1773 1096 1820 conservantur
1110 1761 1205 1822 adhuc
1219 1783 1342 1843 corpora

19 1912 22 1917 .
137 1856 246 1934 integra
272 1857 394 1934 plurium
420 1859 580 1932 interque
605 1855 677 1915 illud
698 1855 733 1915 B.
764 1856 856 1916 Clara
878 1855 914 1914 de
937 1856 1039 1916 Monte
1060 1858 1188 1919 Falcone
1215 1870 1260 1919 sat
1296 1875 1342 1920 est

19 2002 31 2023 ,
138 1953 298 2024 adnotasse,
314 1954 391 2029 quod
415 1954 525 2014 scilicet
549 1974 565 2012 a
578 1954 722 2013 sexcentis
737 1954 819 2013 annis
834 1955 1029 2032 incorruptum
1043 1953 1129 2015 hodie
1145 1958 1337 2034 conspicitur.

47 2078 50 2084 ·
140 2051 266 2129 Neapoli
277 2062 404 2111 servatur
418 2052 534 2129 sanguis
550 2051 581 2110 S.
597 2049 726 2110 Jannarii
736 2050 780 2109 M.
793 2051 843 2124 qui
857 2069 953 2109 coram
968 2051 1059 2128 capite
1074 2052 1186 2127 positus
1202 2054 1340 2124 infestis,

28 2138 33 2149 ’
137 2150 271 2225 precibus
284 2148 370 2207 simul
385 2169 401 2206 a
415 2148 522 2226 populo
545 2149 629 2216 susis,
645 2148 719 2207 solet
742 2148 900 2223 liquescere
915 2169 948 2208 ae
962 2150 1081 2209 fervere.
1123 2153 1343 2214 Accusatissimi

27 2242 47 2318 ‚j
136 2265 231 2307 rerum
243 2246 357 2325 judices
372 2265 433 2307 rem
448 2247 572 2326 penitius
593 2247 781 2324 inspicientes
795 2249 956 2326 sepissime
971 2249 1039 2308 lassi
1053 2261 1120 2309 sunt
1134 2253 1253 2312 nonnisi
1275 2272 1343 2332 pro-

28 2398 50 2430 -a
137 2342 214 2422 digio
228 2343 258 2402 id
272 2346 446 2422 contingere.
922 2334 925 2340 ¹

180 2446 253 2500 128.
269 2441 418 2501 Accedunt
428 2443 552 2500 rationes
566 2443 745 2521 theologica,
755 2463 818 2518 quae
833 2455 862 2503 et
876 2445 905 2503 in
920 2454 1018 2504 natura
1031 2444 1156 2505 hnmana
1170 2446 1342 2509 fundamen·

20 2594 23 2598 .
71 2544 75 2561 ·’
138 2548 198 2596 tum
212 2538 326 2596 habent.
367 2538 410 2596 lta
423 2556 523 2598 sumus
538 2549 638 2598 natura
651 2543 816 2618 comparati,
827 2552 859 2600 ut
879 2543 977 2619 magni
997 2543 1136 2602 faciamus
1159 2563 1224 2618 quae
1239 2564 1341 2606 eorum

139 2645 219 2693 erant
232 2636 282 2708 qui
296 2635 380 2693 nobis
395 2645 475 2694 erant
487 2635 625 2713 sanguine
640 2637 685 2695 vel
705 2638 829 2696 amicitia
847 2638 951 2715 juncti.
992 2638 1062 2697 Ideo
1087 2641 1266 2701 estimantur
1287 2643 1340 2702 mi·

21 2762 26 2769 ·
138 2733 224 2791 nima
240 2751 361 2806 quaeque
376 2750 423 2790 res
436 2752 456 2790 a<
466 2733 622 2811 majoribus
637 2735 821 2794 transmissae.
862 2728 994 2808 AEqnum
1014 2737 1103 2814 igitur
1125 2751 1170 2797 est
1184 2749 1214 2797 et
1235 2741 1341 2800 raboni

137 2845 296 2887 consonum
312 2841 343 2886 ut
362 2839 524 2901 sanctorum
538 2848 657 2906 corpora
671 2848 849 2899 veneremur,
871 2850 958 2905 quum
982 2831 1023 2900 hi,
1039 2842 1136 2909 utpote
1157 2834 1215 2894 Dei
1229 2836 1340 2906 famuli,

73 2959 79 3007 '.
137 2927 196 2984 sint
209 2926 294 2985 nobis
308 2926 458 2985 carissimi.
500 2925 631 3006 Corpora
645 2928 692 2986 illa
707 2939 787 2992 erant
806 2930 892 2987 etiam
914 2929 1039 3006 Spiritus
1059 2930 1157 2990 Sancti
1180 2933 1296 3010 templa,
1309 2947 1341 2992 et

56 3060 63 3076 .
136 3040 251 3099 organa,
273 3023 407 3082 virtutum
421 3024 617 3092 instrumenta,
632 3025 765 3101 gloriosis
794 3043 922 3103 persaepe
944 3044 997 3102 pro
1021 3025 1140 3086 Christo
1163 3028 1338 3090 facinoribus

136 3120 182 3178 vel
196 3120 331 3177 arumnis
354 3118 492 3187 illustria,
514 3130 543 3178 et
556 3121 586 3179 in
600 3122 806 3181 resurrectione
828 3120 920 3181 sutura
941 3131 1008 3180 runt
1020 3102 1117 3200 gloria
1132 3124 1256 3185 caleatis
1272 3146 1338 3188 con·

140 3218 236 3277 sortia.
278 3217 352 3276 Sunt
365 3217 451 3294 igitur
464 3216 571 3276 honore
587 3217 682 3295 digna.

515 3493 715 3536 0BJEO‘1'10NES
727 3494 923 3562 ‘sotvunrttm
973 3497 974 3500 ’

143 3750 150 3759 ,,
179 3694 246 3749 129.
271 3689 382 3769 otj.1.
404 3688 538 3749 Christus
564 3692 747 3768 exprobravit
767 3691 878 3750 Judaeis
903 3691 1031 3757 studium
1045 3693 1124 3767 quod
1140 3696 1290 3771 ponebant
1310 3697 1341 3757 in

51 3852 54 3859 ,
136 3788 340 3868 prophetarum
354 3789 548 3847 monumentis
563 3788 739 3857 extruendis,
755 3799 783 3846 et
796 3789 952 3848 ornandis:
976 3799 995 3827 ‘⁶
1007 3789 1059 3848 Va
1073 3792 1167 3860 vobis,
1183 3794 1235 3866 qui
1250 3791 1341 3852 adifi-

136 3889 206 3948 catis
221 3897 405 3945 monumenta
419 3886 647 3963 prophetarum:
671 3896 765 3963 patres
780 3896 874 3947 autem
890 3889 975 3946 vestri
989 3889 1154 3948 occiderunt
1165 3889 1243 3949 illos.
1267 3890 1339 3951 Pro·

135 3985 209 4045 iectb
224 3983 416 4047 testificamini
430 3983 507 4057 quod
531 3985 697 4043 consentitis
717 3985 851 4062 operibus
867 3996 976 4063 patrum
997 3995 1178 4047 vestrorum:
1200 3989 1339 4061 quoniam

136 4085 193 4161 ipsi
206 4082 322 4158 quidem
337 4101 388 4141 eos
403 4081 577 4151 occiderunt,
592 4093 754 4143 vosautem
770 4082 917 4142 aedificatis
934 4101 1032 4142 eornm
1046 4085 1247 4162 sepulchra.'’⁴

111 4170 113 4177 ⁴
175 4180 264 4259 Resp.
285 4180 354 4240 Non
369 4180 398 4239 id
422 4179 531 4240 Judaeis
551 4181 734 4260 exprobravit
749 4180 896 4248 Christus,
908 4180 989 4253 quod
1002 4193 1189 4241 monumenta
1211 4183 1337 4262 prophe·

108 4288 115 4337 q
814 4278 818 4301 ι

114 4384 121 4431 ἱ
405 4422 430 4482 (l
466 4419 544 4469 Serm.
557 4416 985 4470 xciii.deSS.Naaar.etCelsoin
996 4416 1054 4467 fine.

413 4421 445 4575 ἓξ
464 4509 542 4558 Serm.
554 4507 657 4558 cccxvii.
665 4507 725 4557 alias
735 4505 795 4557 xcii.
806 4505 836 4555 de
847 4504 955 4555 diaetam

401 4595 444 4659 (3)
464 4593 512 4658 Ep.
523 4593 594 4643 ccxii.
605 4592 666 4643 alias
673 4593 722 4643 ciii.
733 4589 921 4653 adQuintiliau.

404 4678 446 4743 (4)
467 4677 623 4728 ancxia-c
