2798 5092
349 340 406 402 DE
427 335 722 402 uututrttutrtu
745 338 945 401 AETBRNA.
1191 342 1248 399 stt

51 509 169 560 mortem
184 499 275 576 recipi
289 498 396 568 dicunt,
411 508 440 558 et
453 499 509 559 Dei
523 499 626 559 faciem
639 499 669 558 in
683 499 791 559 lumine
812 498 910 577 glorias
935 499 1065 560 intueri.²
1104 497 1149 559 lta
1162 498 1248 558 etiam

48 596 196 674 baptiste,
211 598 262 670 qui
275 606 370 656 umen
383 595 482 656 dicunt
505 597 537 656 iu
557 595 727 656 Paradisum
752 597 861 656 animas
886 597 987 675 recipi,
1002 607 1112 655 etcum
1128 594 1248 655 Christo

51 697 139 753 esse)¹
180 692 297 753 Oalvini
311 695 451 753 sententia
465 695 539 752 inter
552 693 727 771 Anglicauos
742 694 838 771 plures
853 692 954 752 habuit
966 697 1129 771 patronos.⁸

89 795 136 850 15.
160 789 327 850 Concilium
341 789 536 869 Lugdunensc
550 790 590 849 ΙΙ.
605 809 652 849 an.
671 794 747 850 1247
762 789 859 849 docuit
880 791 990 850 animas
1015 791 1096 851 omni
1116 791 1179 849 labe
1197 791 1251 849 im·

45 905 150 948 munes
166 905 236 946 mox
250 887 280 946 in
294 887 395 946 celum
418 888 517 964 recipi,
533 886 611 961 quod
635 895 665 945 et
688 887 818 946 delinivit
843 886 1008 946 Concilium
1034 886 1246 954 Florentinum,

52 984 175 1043 addens:
199 992 255 1041 “et
269 983 372 1041 intueri
385 968 570 1043 clare'Deum
592 1000 681 1042 unum
702 995 732 1041 ct
752 985 858 1043 trinum
875 984 959 1042 sicuti
981 982 1071 1045 sst’.’⁴
1111 983 1249 1043 Haeserat

48 1082 105 1141 hac
118 1082 149 1140 in
167 1099 199 1138 re
217 1080 345 1139 ,loannes
358 1078 515 1160 XXII.,iu
534 1081 705 1140 senteutiam
719 1081 755 1140 de
769 1080 927 1140 differenda
942 1080 998 1140 Dei
1012 1082 1124 1140 visione
1147 1081 1252 1158 procli·

53 1181 132 1247 rior3
155 1178 209 1237 sed
232 1187 251 1216 “
261 1177 404 1239 recitando
429 1189 458 1238 et
475 1178 661 1248 conferendo,
677 1188 712 1237 et
735 1196 796 1238 non
825 1178 1052 1249 determinando,
1081 1198 1135 1238 nec
1162 1179 1250 1240 etiam

53 1274 207 1345 tenendo,”
223 1274 265 1333 uti
279 1275 343 1352 ipse
355 1274 410 1333 sub
425 1286 546 1334 mortem
560 1275 724 1351 Diplomate
736 1275 823 1343 edito,
833 1295 878 1335 an.
892 1279 978 1345 1334,
993 1276 1156 1345 declaravit,
1172 1293 1254 1350 que·

61 1390 182 1449 cumque
190 1372 313 1432 dixisset
324 1372 495 1433 revocando.
516 1372 661 1432 Caeterum
672 1374 781 1433 animm
793 1374 956 1452 beatasjam
967 1393 1107 1435 essecum
1117 1375 1247 1442 Christo,

64 1471 240 1531 inconfesse
254 1469 330 1547 apud
344 1488 445 1530 omues
459 1479 528 1529 erat.
1200 1475 1204 1482 '

565 1665 753 1708 Phorosrrto.

95 1805 214 1867 Animae
237 1814 411 1867 sanctorum
431 1804 516 1866 nulla
538 1804 658 1866 maculo
681 1805 847 1885 inquinate
870 1806 975 1867 etot-im
992 1815 1064 1887 post
1083 1807 1198 1867 obitum
1218 1806 1259 1866 ad

56 1901 155 1965 ileum
168 1904 348 1964 intuendum
370 1902 585 1964 admittuntur.

100 1999 293 2061 Probaturl.
309 2019 346 2061 ea
364 1999 539 2080 Scripturr‘s.

100 2101 145 2157 ld.
168 2099 326 2176 Apostolus
341 2099 397 2156 ait:
420 2098 566 2156 “Scimus
581 2097 717 2171 quoniam
732 2098 757 2156 si
777 2098 916 2157 terrestris
938 2097 1041 2158 domus
1056 2107 1152 2157 nostra
1173 2097 1259 2174 hujus

57 2195 239 2256 habitationis
256 2195 439 2263 dissolvatur,
452 2195 529 2270 quod
550 2194 819 2255 aedificationem‘ex
834 2196 898 2255 Deo
909 2196 1057 2264 babemus,
1073 2195 1189 2254 domum
1202 2212 1260 2254 nou

54 2293 257 2361 manufactam,
270 2304 403 2353 auream
414 2294 444 2353 in
455 2292 544 2352 celis.
574 2293 651 2352 Nam
660 2304 689 2352 et
700 2291 729 2353 in
743 2293 799 2352 hoc
813 2293 1041 2372 ingemiscimus,
1053 2294 1257 2353 habitationem

55 2399 193 2459 nostram,
222 2409 286 2465 quae
314 2390 350 2448 de
374 2391 444 2449 caelo
472 2400 525 2457 cst,
554 2389 724 2469 superindui
751 2391 941 2468 cupientes..
965 2434 973 2450 .
995 2391 1142 2451 Audentes
1171 2391 1259 2468 igitur

53 2502 182 2566 semper,
191 2489 326 2556 scientes,
342 2489 478 2562 quoniam
490 2487 558 2547 dum
570 2506 671 2547 sumus
684 2489 854 2566 incorpore,
867 2489 1081 2568 peregrinamur
1092 2509 1108 2547 a
1118 2489 1258 2556 Domino,

58 2583 124 2664 (per
135 2584 223 2645 fidem
238 2584 315 2643 enim
339 2585 529 2654 ambulamus,
552 2595 581 2644 et
602 2604 659 2645 uon
675 2604 727 2664 per
747 2585 900 2667 speciem).
943 2586 1092 2646 Audemus
1114 2597 1219 2655 autem,
1234 2595 1263 2645 ct

54 2679 162 2741 bonam
176 2680 350 2740 voluntatem
364 2679 502 2740 habemus
517 2682 609 2759 magis
623 2682 797 2760 peregrinari
811 2702 827 2740 a
839 2700 969 2759 corpore,
982 2694 1011 2740 et
1025 2693 1182 2760 presentes
1195 2701 1260 2742 esse

56 2777 94 2838 ad
113 2778 321 2838 Dominum.’'⁶
361 2778 467 2853 Liquet
486 2778 631 2838 caelestem
653 2779 867 2848 habitationem,
883 2780 962 2838 nullo
983 2780 1153 2858 interposito
1174 2783 1262 2840 inter·

54 2877 144 2948 rullo,
158 2879 242 2953 sequi
256 2879 395 2937 terrestris
411 2876 513 2936 domus
528 2878 727 2946 eversionem
750 2877 939 2954 spiritumque
955 2878 1022 2936 hinc
1044 2878 1176 2947 evadere,
1189 2875 1262 2939 ¹illuc

63 2974 125 3034 sine
136 2993 217 3034 mora
227 2975 436 3052 ingressurum.
481 2974 560 3033 Dum
570 2991 669 3031 sumus
681 2974 711 3031 in
723 2990 852 3048 corpore,
865 2973 1105 3050 peregrinamura
1116 2974 1264 3043 Domino;

57 3070 112 3131 sed
134 3072 220 3132 soluti
235 3091 252 3129 a
265 3090 384 3149 corpore
407 3082 562 3149 praesentes
577 3088 678 3128 sumus
701 3069 736 3128 ad
761 3069 937 3133 Dominum:
959 3089 1018 3129 non
1035 3071 1097 3147 jam
1113 3072 1170 3129 fide
1193 3091 1260 3131 eum

56 3171 296 3250 contemplantes,
325 3170 375 3228 sed
402 3171 531 3248 speciem
563 3170 626 3247 ejus
655 3169 879 3228 inruentes-te
901 3178 986 3238 ἐῑδους.
1020 3168 1074 3227 llla
1102 3170 1263 3228 animarum

57 3267 186 3328 conditio
200 3279 305 3327 eterna
319 3267 382 3333 erit,
397 3267 473 3326 haud
499 3278 564 3345 post
586 3280 698 3344 tempus
720 3267 800 3326 alteri
815 3284 941 3324 cessura.
983 3265 1029 3324 De
1051 3267 1116 3326 sinu
1140 3267 1260 3326 Abrahae

53 3363 219 3429 hicuullus
232 3375 277 3426 est
296 3380 409 3436 serm03
431 3366 482 3425 sed
505 3365 541 3425 de
567 3365 686 3427 Domini
709 3365 870 3444 praesentia‚
892 3375 921 3423 et
943 3364 979 3423 de
1002 3365 1135 3424 felicitate
1157 3386 1173 3424 a
1198 3365 1264 3427 Deo

60 3463 257 3542 proveniente.
299 3465 385 3532 Quod
412 3466 522 3540 siquis
549 3464 726 3524 contenderit
754 3464 903 3523 christum
931 3463 1080 3523 hominem
1102 3464 1261 3525 Dominum

62 3560 216 3642 designari,
231 3582 290 3622 non
305 3564 399 3640 ipsam
413 3563 470 3622 Dei
484 3575 622 3631 naturam,
637 3562 805 3621 meminisse
827 3570 940 3638 oportet
960 3580 1027 3620 eum
1049 3583 1065 3619 a
1085 3562 1195 3622 dextris
1210 3562 1267 3624 Dei

66 3659 179 3730 sedere3
200 3659 273 3720 adeo
284 3660 373 3735 utqui
385 3664 451 3719 cum
461 3661 525 3738 ipso
539 3668 615 3728 sunt,
628 3659 752 3719 divinam
764 3659 919 3717 essentiam
928 3659 1031 3717 intueri
1043 3662 1181 3720 censendi
1196 3663 1264 3721 sint.

104 3819 144 3886 (1)
162 3823 180 3852 ‘⁶
187 3819 266 3871 Their
275 3819 343 3871 souls
353 3818 448 3876 (which
458 3817 554 3868 neither
562 3817 602 3867 dis
612 3834 658 3869 nor
668 3818 746 3883 sleep)
758 3816 851 3879 having
874 3833 907 3866 un
917 3817 1040 3868 immortal
1051 3819 1209 3880 subsisteuce,
1223 3819 1268 3869 im·

75 3905 196 3973 mutauly
207 3913 292 3959 return
302 3913 329 3957 to
340 3905 395 3957 God
407 3906 465 3956 who
476 3921 537 3968 gave
547 3905 621 3955 them
656 3904 711 3954 The
723 3905 789 3954 souls
801 3904 830 3953 of
842 3903 884 3954 the
895 3905 1028 3967 rightcous,
1038 3904 1113 3968 being
1125 3907 1185 3957 then
1196 3906 1268 3956 made

79 3986 158 4053 eruet
166 3986 195 4045 in
206 3994 324 4054 boliness,
335 4009 375 4043 are
385 3992 495 4044 received
505 3992 558 4042 into
570 3991 612 4042 the
631 3990 728 4055 highest
739 3991 853 4052 herveus,
864 3990 946 4042 where
957 3992 1015 4057 they
1025 3992 1114 4042 behold
1126 3993 1167 4043 the
1180 3993 1232 4042 fuce
1244 3994 1272 4044 of

82 4073 127 4128 Gud
135 4081 161 4131 in
172 4080 236 4144 light
247 4080 296 4130 and
308 4078 401 4146 glcry.'’
437 4078 585 4131 confession
596 4079 625 4128 of
632 4077 700 4136 faitb,
708 4077 747 4127 ch.
756 4077 834 4127 xxxii.
867 4078 905 4128 lte
914 4079 988 4128 etiem
999 4079 1129 4129 Confessio
1140 4066 1269 4144 Presbyte-

85 4159 140 4215 riuus
151 4165 307 4217 Americunu

113 4251 150 4319 (2)
170 4253 219 4308 ch.
230 4251 321 4302 xxxiii.

113 4337 149 4406 (3)
166 4340 232 4391 Vide
248 4340 264 4390 J
266 4374 272 4389 .
290 4319 428 4387 Burnetum
445 4336 475 4386 de
487 4344 552 4386 statu
568 4342 727 4395 mortuorum,
743 4334 783 4385 cit.
800 4335 827 4385 iu
845 4335 958 4399 Analysi,
974 4350 999 4399 p.
1019 4335 1076 4384 340.
1111 4336 1175 4387 Vide
1193 4337 1268 4389 etiam

88 4413 212 4476 Uberum:
234 4421 274 4493 Of
285 4421 326 4474 tlte
332 4420 406 4490 ploce
417 4419 472 4472 oud
480 4419 607 4472 ccnddion
627 4417 657 4487 ‘ff
668 4417 736 4469 scula
757 4418 881 4487 depcrted,
893 4419 959 4484 apud
971 4418 1126 4471 Oxonienses
1137 4422 1213 4474 Truct
1231 4423 1270 4473 72.

10 4510 18 4544 Ι
90 4500 171 4562 lotii'a
204 4510 241 4562 Hi
249 4527 280 4562 ee
290 4516 395 4561 utuntur
411 4508 532 4558 sententie
544 4516 572 4558 ut
582 4505 785 4557 cousuetudinem
808 4504 893 4555 orandi
903 4521 947 4569 pro
959 4505 1068 4567 mortuis,
1080 4523 1154 4572 quern
1166 4517 1271 4565 tuentur,

1263 4684 1320 4798 Ι
