2798 5092
452 326 509 387 DE
530 326 664 387 SAORO
687 326 923 389 GOELIBATU.
1251 332 1291 391 ⁹8

95 487 215 548 fraudare
232 484 412 547 invicem.''²
451 470 531 563 Ergo
545 484 644 560 iniqua
657 495 702 544 est
721 496 751 544 et
774 486 852 546 nulla
874 486 922 546 lex
947 487 1094 547 coelibetus
1117 506 1173 562 qua
1194 486 1295 548 saltem

96 594 170 662 purte
184 583 311 660 derogat
324 581 516 642 matrimonio.
761 570 764 579 *

131 679 221 758 Rcsp.
245 679 294 738 Eo
309 679 365 738 loci
387 678 521 737 Christus
537 688 613 736 vetat
637 677 710 737 solvi
730 678 954 748 matrimonium,
970 690 998 738 et
1022 681 1157 758 abrogato
1180 680 1295 740 divortii

89 781 153 856 jure
164 778 316 837 vinculum
332 777 429 836 statuit
443 770 632 854 iperpetuum‘,
658 777 774 835 nonnisi
795 787 885 836 morte
905 776 1020 836 alterius
1035 778 1167 855 conjugis
1182 779 1295 838 solven-

97 876 172 935 dum.
216 875 287 937 Hoc
300 884 398 934 sancte
413 885 507 932 servat
520 873 665 942 Ecclesia,
680 893 734 933 neo
748 875 887 951 permittit
899 874 1011 934 mulieri
1023 875 1058 935 ad
1072 877 1213 935 secundas
1227 896 1295 937 cou-

94 975 187 1033 rolare
199 973 327 1050 nuptias,
343 972 400 1031 nisi
417 984 619 1048 postmortem
636 971 730 1030 mariti
744 971 779 1029 ad
794 989 892 1030 sacros
906 971 1022 1032 ordines
1037 974 1189 1050 assumpti.
1230 973 1295 1032 Oe·

95 1082 185 1129 terum
200 1089 238 1129 no
254 1070 311 1147 ipsi
326 1070 375 1127 fiat
388 1069 502 1146 injuria,
517 1078 593 1127 vetat
606 1069 707 1127 merito
728 1069 843 1136 ordines
864 1072 1022 1146 suscipere,
1037 1070 1094 1129 nisi
1115 1088 1151 1129 ex
1166 1070 1294 1131 mulieris

95 1169 185 1228 libero
199 1186 356 1235 consensu,
373 1168 421 1240 qui
438 1169 463 1225 si
478 1166 611 1234 desuerit,
631 1167 697 1245 jura
719 1167 845 1245 conjugii
866 1178 968 1236 tuetur,
983 1177 1010 1227 et
1025 1167 1183 1227 ordinatum
1205 1170 1295 1229 sacris

95 1267 262 1325 muneribus
290 1265 500 1342 carere.jubet.
524 1274 555 1322 ut
576 1264 672 1322 officio
698 1265 798 1324 marito
820 1275 911 1324 vacet.
953 1264 1135 1342 Adimpletur
1159 1266 1246 1344 igitur
1265 1276 1294 1325 et

96 1362 229 1441 Apostoli
245 1373 431 1439 praeceptum,
443 1380 496 1419 nec
510 1361 754 1431 uxoriraudatur3
777 1380 934 1421 consensus
945 1363 1021 1421 enim
1037 1362 1071 1421 ad
1086 1375 1199 1439 tempus
1210 1362 1292 1421 datus

92 1458 155 1536 jura
168 1455 331 1534 suspendit,
359 1456 451 1516 Paulo
473 1456 603 1525 docente,
619 1458 668 1530 qui
694 1455 868 1535 indulgendo
883 1457 953 1516 dicit
966 1477 997 1517 se
1019 1468 1141 1517 statuere
1156 1457 1292 1534 temporis

95 1553 213 1613 limitem
226 1574 235 1623 ς
258 1571 416 1612 consensus
430 1553 461 1611 in
474 1564 643 1630 perpetuum
664 1553 784 1631 proinde
807 1556 872 1633 jura
885 1555 933 1614 illa
948 1574 1063 1633 prorsus
1078 1554 1161 1623 tollit,
1176 1555 1291 1614 viuculo

96 1652 221 1730 conjugii
238 1663 380 1711 manente.

131 1757 202 1810 201.
229 1750 296 1830 Obj.
312 1756 341 1810 2.
364 1750 520 1828 Apostolus
536 1750 668 1827 praedixit
678 1752 707 1811 in
719 1752 884 1811 novissimis
898 1752 1075 1830 temporibus
1087 1752 1292 1811 daemoniacam

96 1847 253 1908 doctrinam
267 1847 455 1922 quorumdam
478 1848 691 1926 prohibentium
711 1849 817 1908 nubere
831 1849 1054 1929 propagandam.
1095 1849 1164 1929 Ipsa
1178 1860 1222 1909 est
1241 1849 1291 1908 lex
1355 1909 1359 1917 ,

97 1936 242 2006 cotibatus
257 1945 375 2004 clericos
392 1945 514 2022 majores
529 1946 720 2022 obstringens.

132 2043 222 2122 Resp.
246 2043 403 2120 Apostolus
414 2043 525 2101 locutus
540 2050 584 2101 est
598 2042 633 2101 de
648 2043 908 2120 hareticisnuptias
924 2061 1039 2120 prorsus
1054 2044 1224 2110 vetantibus,
1237 2043 1288 2117 qui

99 2154 125 2202 et
138 2162 239 2202 earnes
250 2140 461 2226 manducandas
477 2142 538 2219 pari
552 2143 645 2220 rigore
660 2142 857 2219 prohibebant,
871 2142 906 2201 ad
922 2142 1028 2202 malum
1040 2143 1224 2221 principium,
1239 2160 1291 2201 ssu

98 2239 268 2309 dromonem,
293 2258 391 2298 earum
414 2240 566 2317 originem,
590 2240 664 2298 siout
684 2250 713 2298 et
736 2239 909 2317 nuptiarum,
928 2240 1092 2299 reserentes.
1133 2240 1196 2299 Eos
1221 2239 1291 2298 satis

98 2335 235 2415 depingit,
251 2334 283 2395 ut
295 2354 381 2395 nemo
395 2333 453 2394 falli
465 2345 565 2410 queat:
590 2335 796 2394 “attendentes
816 2335 964 2414 spiritibus
984 2335 1098 2401 erroris,
1113 2344 1141 2393 et
1155 2333 1291 2394 doctrinis

97 2433 313 2501 demoniorum,
340 2434 371 2492 iu
398 2433 547 2510 hypocrisi
568 2433 745 2512 loquentium
767 2431 958 2504 mendacium,
984 2441 1012 2493 et
1031 2431 1213 2494 cauteriatam
1241 2430 1291 2494 ha·

98 2532 224 2599 bentium
239 2549 321 2589 suam
334 2530 550 2598 conscientiam,
566 2531 778 2608 prohibentium
800 2532 917 2600 nubere,
932 2533 1073 2592 abstinere
1087 2552 1104 2590 a
1118 2533 1200 2601 cibis,
1216 2550 1291 2607 quos

98 2626 175 2688 Deus
190 2627 300 2687 crearit
312 2625 347 2684 ad
363 2625 579 2705 percipiendum
601 2646 667 2686 cnm
687 2628 838 2705 gratiarum
853 2629 975 2698 actione,
989 2628 1122 2688 fidelibus
1136 2638 1165 2687 et
1180 2629 1215 2687 iis
1237 2630 1288 2704 qui

96 2734 290 2804 cognoverunt
311 2723 504 2783 veritatem.’'⁸
543 2723 589 2781 De
615 2724 784 2792 Marcionis,
810 2724 933 2793 'l'atiani
959 2725 1085 2784 Manetis
1108 2726 1287 2800 aliorumque

96 2822 278 2882 sectatoribus
293 2822 401 2899 optime
416 2821 572 2898 Apostolus
589 2821 758 2897 explicatur,
775 2821 860 2897 juxta
874 2831 1001 2880 veterum
1022 2840 1151 2882 sensum.
1195 2823 1289 2896 Equi·

97 2918 157 2980 dam
166 2918 540 2980 Ecclesia'Cutholioa'non
554 2918 687 2996 prohibet
700 2918 814 2994 nuptias
828 2918 872 2977 vel
886 2937 985 2976 carnes
999 2919 1029 2978 in
1044 2921 1222 2989 universum,
1236 2919 1289 2979 sed

98 3015 188 3078 Deum
203 3028 334 3077 econtra
359 3016 470 3075 illarum
497 3027 641 3075 auctorem
656 3015 801 3092 praedicat,
827 3015 997 3075 sacramenti
1019 3015 1186 3093 dignitatem
1207 3017 1288 3077 iniis

97 3132 262 3191 agnoscens.
304 3111 436 3170 Vetando
455 3120 548 3170 autom
564 3111 676 3169 clericis
700 3111 856 3187 majoribus
877 3111 989 3188 nuptias
1004 3110 1086 3179 inire,
1101 3110 1284 3189 disciplinam

98 3212 129 3269 ab
142 3209 347 3289 Apostolorum
361 3219 442 3267 atate
457 3207 623 3275 derivatam,
637 3216 666 3264 et
679 3206 761 3266 Pauli
784 3208 876 3286 ipsius
897 3208 1042 3286 exemplo,
1057 3218 1086 3267 et
1099 3209 1237 3277 consiliis,
1259 3211 1299 3267 ut'

99 3305 130 3366 de
143 3317 289 3385 praecepto
303 3306 415 3365 interim
431 3317 551 3373 taceam,
567 3314 670 3363 tuetur.

132 3411 200 3466 202.
227 3405 295 3485 obj.
310 3410 339 3463 3.
361 3404 464 3479 Iniqua
492 3414 536 3463 est
562 3403 611 3462 lex
626 3423 689 3477 que
705 3403 822 3464 arduum
837 3405 923 3464 nimis
938 3405 1049 3464 virtutis
1064 3424 1137 3483 opus
1151 3404 1286 3483 injungit,

100 3501 232 3582 denegato
247 3501 324 3576 quod
349 3501 511 3559 communis
526 3499 662 3578 fragilitas
685 3501 808 3577 postulat
829 3499 966 3561 remedio.
1009 3501 1087 3560 Hinc
1113 3502 1186 3560 inter
1210 3501 1291 3561 coeli·

100 3600 174 3660 batus
189 3595 345 3659 assertores
361 3599 444 3676 pauci
458 3608 616 3657 noscuntur
630 3599 711 3668 casti,
726 3609 754 3657 et
774 3599 911 3658 immania
922 3610 951 3658 et
970 3599 1084 3677 publica
1098 3599 1127 3659 in
1143 3600 1289 3679 plerisque

101 3700 257 3776 regionibus
272 3707 424 3757 occurrunt
438 3697 556 3774 flagitia.

135 3797 224 3876 Resp.
248 3795 311 3855 Lex
325 3795 436 3854 nemini
462 3795 493 3853 id
504 3784 621 3868 ‘virtutis
633 3814 706 3872 opus
720 3796 853 3873 injungit,
873 3794 930 3854 nisi
956 3783 1004 3870 qui
1019 3814 1051 3855 se
1065 3797 1092 3855 ei
1108 3817 1204 3874 parem
1226 3816 1291 3875 pro·

101 3893 183 3953 lessus
198 3894 292 3961 suerit,
307 3895 431 3952 monitus
442 3894 501 3971 jam
517 3912 612 3952 coram
628 3892 707 3951 altari
722 3893 916 3970 abepiscopo.
958 3893 1020 3952 Sibi
1032 3895 1118 3972 igitur
1128 3895 1282 3968 unusquis·

106 4009 155 4064 que
168 3993 292 4071 imputet
306 3991 331 4049 si
345 3991 508 4067 cupiditatis
522 3991 751 4049 vehementiores
772 3991 896 4067 impetus
907 3992 1056 4061 sustineat,
1072 3993 1142 4066 quin
1163 4001 1228 4068 agat
1243 3991 1290 4049 tri·

102 4091 229 4167 umphum
240 4090 385 4157 dehoste;
407 4089 453 4147 vel
464 4089 654 4147 enimtemere
666 4107 698 4146 se
709 4089 828 4166 ingessit
841 4088 872 4147 in
883 4091 1083 4158 ministerium,
1095 4089 1140 4148 vel
1153 4089 1289 4149 subsidiis

103 4187 149 4245 sibi
162 4188 232 4246 datis
245 4186 288 4245 uti
303 4185 440 4262 neglexit.
474 4186 608 4244 Proiecto
623 4187 649 4243 si
663 4184 764 4244 sedulo
775 4187 881 4245 satietis
893 4187 1023 4246 vacaveri
1035 4185 1289 4258 tmeditationibus,

98 4293 192 4344 attoto
215 4283 312 4344 cordis
337 4281 440 4340 affectu
465 4284 587 4341 oraverit
601 4282 707 4351 Deum,
723 4283 791 4360 vigil
812 4283 940 4359 alioquin
965 4293 993 4342 et
1018 4282 1148 4352 humilis,
1162 4303 1222 4344 non
1242 4296 1287 4346 est

106 4377 278 4440 dubitandum
304 4395 392 4456 opem
413 4377 440 4435 ei
461 4378 540 4436 brevi
554 4377 754 4457 praestandam.
795 4379 880 4447 Quod
895 4380 930 4440 de
945 4377 1154 4458 impudioomm
1169 4401 1289 4442 numero

519 4555 546 4622 (1
550 4559 562 4622 p
585 4559 596 4604 ι
617 4553 720 4606 coavat

521 4640 564 4707 (a)
586 4639 678 4691 1rtm.
688 4639 750 4692 rur.
