2798 5092
336 360 392 421 DE
414 360 621 421 MlNlS'l'RO
643 362 1035 431 sacramenrorum
1222 369 1280 426 loe

97 519 256 579 Ecclesiam
280 538 360 579 stram
388 521 470 598 cujus
495 539 579 579 voces
602 521 725 598 profert3
751 520 810 578 imo
833 521 980 581 Christum
1002 522 1108 581 Filium
1134 522 1278 594 dilectum,

96 622 169 697 cujus
185 620 362 688 auctoritate,
377 618 492 697 indigne
506 619 582 687 licet,
598 619 731 696 fungitur.
773 619 917 693 Equidem
939 620 1034 679 Deum
1047 620 1143 679 audire
1158 621 1278 695 aliquos,

96 737 125 778 eo
147 721 214 795 ipso
239 728 366 795 tempore
388 737 445 791 quo
463 737 528 777 eum
550 719 693 785 invocant,
708 729 825 794 peccato
846 719 1017 792 inquinatos,
1040 729 1181 777 eteorum
1196 739 1284 796 opera

95 828 200 896 patrare
216 817 346 895 prodrgia
366 835 403 875 ex
419 816 529 874 christi
551 816 644 874 verbis
668 815 826 893 colligitur:
851 817 967 874 “Multi
982 815 1076 875 dicent
1089 818 1161 876 mihi
1183 820 1213 877 in
1232 819 1282 877 illa

95 915 154 973 die:
177 915 316 982 Domine,
333 914 468 982 Domine,
490 931 585 973 nonne
607 914 637 971 in
664 915 779 971 nomine
803 924 850 972 tuo
871 914 1113 991 prophetavimus,
1138 926 1167 972 et
1186 917 1215 975 in
1231 936 1282 976 no·

95 1013 167 1071 ruine
181 1024 232 1070 tuo
247 1009 388 1069 daemonia
401 1012 549 1088 ejecimus,
562 1020 590 1067 et
603 1010 632 1068 in
646 1010 762 1067 nomine
777 1020 825 1067 tuo
839 1011 955 1069 virtutes
970 1011 1074 1069 multas
1085 1010 1226 1069 fecimus?
1243 1012 1284 1072 Et

96 1122 156 1169 tnnc
172 1110 332 1168 confitebor
344 1109 416 1167 illis:
439 1109 514 1176 Quia
528 1125 684 1182 numquam
699 1106 766 1166 novi
782 1125 853 1166 vost
875 1107 1010 1165 discedite
1032 1126 1105 1167 ame
1120 1109 1170 1182 qui
1184 1126 1285 1186 opera·

97 1209 161 1266 nini
173 1207 408 1281 iniquitatem.”1

129 1311 180 1364 42.
208 1304 276 1384 obj.
291 1311 321 1364 2.
343 1306 401 1374 Qut
415 1304 587 1363 christianus
602 1322 660 1363 non
675 1314 729 1372 est,
742 1322 800 1362 uon
817 1312 911 1380 potest
929 1304 1057 1362 minister
1072 1305 1181 1365 Christi
1201 1326 1286 1366 esse:

99 1412 228 1480 peccator
252 1416 347 1460 autem
368 1402 538 1460 christianus
562 1419 620 1460 nou
646 1410 699 1469 est,
727 1401 845 1458 docente
867 1401 1015 1477 Apostolo,
1038 1400 1099 1460 '“Si
1113 1404 1178 1475 quis
1192 1415 1287 1465 autem

100 1501 226 1577 spiritum
241 1499 352 1557 Christi
367 1498 532 1566 nonhabet,
548 1497 595 1555 hic
611 1515 669 1555 nou
683 1509 727 1554 est
741 1497 853 1573 ejus.''⁹

129 1597 232 1675 Rerp.
246 1597 428 1668 Quicumque
442 1597 584 1673 baptismo
598 1604 732 1672 suscepto
747 1594 953 1653 ordinationem
976 1614 1086 1654 sacram
1097 1594 1233 1674 deinceps
1247 1617 1289 1656 re·

101 1697 201 1773 ceperit
215 1695 347 1754 minister
371 1694 481 1752 Christi
506 1704 559 1762 est,
581 1704 746 1770 assumptus
767 1693 796 1751 in
818 1692 1006 1752 ministerium
1027 1713 1072 1761 ea,
1094 1712 1179 1767 quarn
1194 1696 1292 1754 statuit

102 1789 232 1849 Christus
245 1801 275 1848 et
286 1801 343 1848 tota
356 1790 479 1848 servavit
492 1789 654 1862 antiquitas,
670 1788 787 1846 ratione.
830 1789 863 1845 Si
875 1789 984 1865 Spiritu
997 1787 1106 1847 Christi
1120 1801 1223 1859 careat,
1236 1810 1290 1851 suo

101 1887 199 1947 damno
213 1887 244 1946 id
258 1887 407 1964 contingit,
421 1898 449 1944 et
463 1887 525 1963 ejus
541 1894 661 1953 nonest,
672 1886 838 1962 quiagratia
850 1904 906 1943 non
917 1896 960 1942 est
971 1904 1037 1944 cum
1049 1886 1098 1944 illo
1110 1888 1290 1964 conjunctus.

102 1988 246 2045 (luterum
258 1995 305 2043 est
319 1984 382 2061 ejus
397 1984 536 2048 minister,
551 1981 693 2057 legatione
708 2000 761 2058 pro
776 1999 810 2039 eo
829 1980 960 2057 fungens,
976 1992 1003 2039 et
1016 1983 1184 2040 necessariis
1199 1994 1293 2060 potes·

101 2087 160 2144 tatis
172 2103 260 2159 quam
273 2093 387 2140 exercet
398 2081 524 2140 munitus
539 2079 663 2137 indiciis.
800 2076 806 2087 “
982 2134 991 2148 .

135 2187 186 2240 43.
212 2180 282 2259 obj.
299 2184 328 2238 3.
349 2178 457 2236 Paulus
473 2177 543 2235 dicit
556 2196 593 2234 ex
609 2176 727 2234 Christo
741 2176 834 2252 eapite
849 2184 868 2213 ⁸⁶
882 2185 971 2234 toturn
986 2194 1088 2253 corpus
1102 2186 1292 2254 compactum,

100 2293 128 2340 et
147 2297 314 2339 connexum
339 2295 390 2354 per
415 2294 530 2334 omnem
550 2276 713 2352 juncturam
729 2274 1009 2342 subministrationis,
1023 2273 1181 2333 seeundum
1196 2293 1294 2352 opera·

100 2381 206 2439 donem
221 2379 252 2436 iu
268 2394 431 2435 mensuram
446 2374 674 2450 uniuscujusque
688 2373 818 2440 membri,
835 2383 1016 2450 augmentum
1038 2374 1164 2450 corporis
1185 2372 1252 2433 sarit
1264 2375 1295 2433 in

100 2476 319 2535 aedificationem
340 2473 386 2530 sui
407 2472 437 2529 in
458 2469 640 2529 charitate.’'³
680 2470 760 2547 Ergo
782 2470 831 2528 ubi
845 2480 962 2547 peccato
978 2468 1130 2529 divortium
1144 2490 1161 2529 a
1176 2470 1294 2531 Christo

100 2574 275 2639 factumest,
291 2570 369 2629 nulla
382 2580 427 2627 est
440 2570 535 2645 gratiae
550 2568 613 2626 aliis
628 2568 860 2626 communicatio.

146 2670 237 2748 Hesp.
259 2667 417 2745 Apostolus
432 2667 515 2724 docet
528 2665 625 2723 omnia
640 2683 702 2738 que
718 2675 777 2722 toto
802 2683 920 2742 corpore
943 2665 1082 2724 Ecelesioe
1103 2665 1297 2726 diffunduntur

100 2770 176 2831 dona
197 2789 216 2827 a
230 2767 349 2825 Christo
364 2765 494 2832 derivari,
509 2776 538 2821 et
558 2772 644 2821 totam
666 2781 835 2838 compagem
855 2781 890 2821 eo
911 2763 971 2820 niti.
1015 2764 1083 2821 Non
1104 2764 1169 2823 ideo
1190 2766 1297 2824 tollitur

100 2869 196 2929 omnis
211 2867 370 2944 peccatoris
385 2881 450 2922 cum
466 2879 617 2926 conexus,
633 2879 721 2932 quum
736 2871 848 2917 maneat
860 2861 992 2937 baptismi
1004 2870 1032 2918 et
1040 2861 1147 2920 ordinis
1159 2862 1295 2940 sigillum.

101 2966 184 3024 Licet
197 2964 286 3042 igitur
298 2961 415 3038 gratiam
431 2959 566 3023 amiserit,
592 2967 714 3014 attamen
737 2956 900 3013 concredito
921 2956 974 3014 sibi
989 2958 1147 3017 ministerio
1162 2959 1294 3037 fungens,

101 3063 134 3121 id
147 3063 229 3139 ponit
243 3079 281 3118 ex
295 3078 352 3133 quo
368 3057 485 3115 Christo
507 3055 618 3113 volente
632 3053 738 3130 pendet
760 3053 856 3130 gratiae
878 3055 1108 3123 communicatio,
1124 3074 1189 3129 quae
1204 3068 1260 3115 tota
1281 3076 1298 3114 a

105 3159 226 3218 Christo
239 3158 392 3215 derivatur.

144 3260 193 3315 44.
219 3253 286 3332 obj.
299 3258 328 3310 4.
350 3253 452 3310 Petrus
468 3250 566 3308 fideles
588 3251 630 3307 sic
644 3249 813 3323 alloquitur:
837 3259 856 3287 “
869 3249 1085 3323 Unusquisque,
1101 3249 1175 3307 sieut
1188 3251 1297 3327 accepit

103 3356 234 3432 gratiam,
250 3353 280 3408 in
294 3350 456 3407 alterutrum
472 3349 549 3405 illam
564 3346 802 3414 administrantes,
819 3348 894 3405 sicut
914 3347 980 3404 boui
1002 3347 1211 3424 dispensatores
1225 3347 1298 3406 mul·

104 3451 227 3510 tisormis
242 3448 339 3525 gratie
354 3447 420 3505 Dei.
449 3446 482 3504 Si
497 3446 561 3519 quis
576 3445 710 3518 loquitur,
726 3446 807 3518 quasi
821 3463 969 3503 sermones
985 3445 1059 3503 Dei:
1081 3445 1184 3518 siquis
1200 3446 1297 3504 minis·

105 3557 171 3614 trat,
193 3558 337 3619 tamquam
352 3562 390 3601 ex
411 3543 512 3600 virtute
535 3561 620 3616 quam
646 3540 824 3599 administrat
848 3541 977 3599 Deus.”⁴
1016 3541 1073 3607 Qui
1097 3551 1190 3603 autem
1211 3543 1298 3620 gratia

105 3649 172 3724 ipse
187 3657 271 3712 caret,
287 3661 346 3701 nou
360 3651 453 3718 potest
468 3659 530 3698 eam
546 3641 625 3697 alteri
640 3639 787 3715 impertiri.

149 3740 237 3818 Resp.
259 3740 363 3798 Petrus
378 3757 413 3796 eo
427 3737 482 3795 loci
499 3738 625 3795 hortatur
646 3736 745 3794 fideles
769 3735 802 3792 ad
823 3735 961 3795 donorum
987 3736 1147 3797 divinorum
1161 3757 1244 3799 usum
1266 3758 1299 3796 ea

106 3858 166 3914 qua
179 3836 261 3895 decet
274 3837 393 3902 ratione,
408 3835 498 3891 bonos
513 3835 589 3891 enim
605 3844 632 3890 et
646 3833 745 3891 fideles
766 3832 975 3908 dispensatores
995 3853 1059 3892 esse
1073 3847 1193 3913 oportet.
1235 3835 1298 3892 Cae·

107 3948 201 3993 terum
216 3952 279 4007 quae
294 3932 444 3991 ministerii
456 3943 522 3988 sunt
536 3950 654 3989 munera
667 3950 726 3989 nou
742 3930 865 4008 pendent
878 3949 914 3988 ex
926 3931 1119 3991 ministromm
1131 3934 1224 3990 animo
1240 3932 1298 4008 pio,

107 4030 162 4093 sed
186 4051 222 4090 ex
245 4031 355 4092 Christi
377 4030 563 4088 institutione.
606 4031 676 4090 Non
699 4031 858 4106 impertitur
881 4029 1010 4088 minister
1035 4032 1140 4105 aliquid
1162 4031 1298 4091 donisibi

109 4129 246 4188 divinitus
260 4129 330 4196 dati,
345 4125 396 4184 sed
412 4128 493 4184 ritum
509 4127 619 4205 peragit
632 4128 678 4185 cui
694 4128 825 4185 Christus
837 4127 953 4202 gratiam
968 4126 1078 4185 adnecti
1093 4127 1189 4185 voluit.

151 4232 200 4321 db.
225 4226 291 4306 Obj.
309 4232 338 4285 5.
361 4224 479 4283 Christo
500 4226 671 4302 injuriosum
692 4236 735 4283 est
754 4225 901 4284 hominem
921 4235 1098 4301 peccatorem
1119 4225 1181 4301 ejus
1203 4226 1301 4284 minis·
