2798 5092
594 341 820 405 urrunnu.

592 577 676 640 XIV.
701 579 839 640 Sscnno.

160 742 366 804 Gnosticorum
380 736 488 816 flagitia
502 738 532 797 in
545 738 666 797 acubus
679 737 848 812 quibusdam
863 747 1007 807 renovata,
1017 748 1133 799 anctore
1144 737 1312 800 Hermanno

119 841 293 920 Pongilnpo,
307 837 493 903 Ferrariensi,
508 848 646 896 testantur
658 836 746 914 hujus
760 835 858 895 seculi
871 830 1051 914 scriptores.'

159 935 303 999 Gerardus
317 932 465 1011 Segarelli,
481 932 657 1000 Parmensis,
673 933 716 991 rir
728 933 872 992 literarum
887 933 1048 1010 imperitus,
1059 947 1168 993 sectam
1180 933 1314 993 conflavit

119 1055 183 1111 qna
197 1032 400 1112 Apostolorum
412 1048 515 1089 nomen
530 1030 585 1089 sibi
601 1029 770 1088 vindicabat.
813 1029 975 1089 Romanum
988 1031 1174 1098 Pontificem,
1185 1043 1315 1090 cataros·

119 1153 175 1209 qne
190 1131 330 1192 Ecclesiae
344 1127 481 1207 praesules
496 1127 532 1184 ob
547 1127 615 1184 vitia
634 1144 750 1185 omnem
772 1127 903 1186 amisisse
919 1129 1119 1187 anctoritatem
1140 1130 1315 1198 asserebant,

118 1233 172 1290 sibi
182 1230 252 1289 solis
266 1228 442 1286 sanctitatem
455 1225 619 1290 tribuentes,
635 1224 766 1297 quamvis
780 1224 940 1283 loedissimo
949 1225 1129 1286 [marinarum
1141 1226 1316 1285 commercio

118 1350 149 1391 se
163 1329 270 1409 passim
286 1326 475 1400 inquinarent,
489 1323 611 1382 caritatis
626 1325 742 1382 nomine
756 1342 808 1381 sna
821 1323 929 1383 scelera
943 1336 1142 1403 pretexentea.

158 1430 318 1489 Bracarum
332 1435 361 1483 et
375 1424 522 1482 Bnonnsn
536 1421 605 1479 dicti
618 1432 686 1480 sunt
701 1422 838 1500 Segarelli
853 1433 881 1481 et
895 1422 1012 1482 Dulcini
1026 1434 1193 1492 sectatores,
1210 1424 1315 1497 aliique

118 1527 181 1587 aliis
196 1524 292 1584 loedati
306 1522 457 1581 erroribus.
498 1517 646 1578 Docebant
667 1519 753 1577 etiam
775 1517 922 1577 hominem
942 1518 996 1577 hac
1019 1520 1048 1578 in
1071 1521 1128 1578 rita
1150 1518 1185 1578 ad
1209 1532 1314 1579 tantam

118 1624 293 1682 sanctitatem
323 1617 470 1696 peruenire
495 1633 591 1694 posse,
613 1634 675 1688 qnoe
701 1613 838 1692 peccandi
865 1634 950 1673 omne
979 1631 1107 1674 amoveat
1132 1615 1314 1693 periculum;

118 1737 244 1793 eumque
254 1719 283 1776 in
295 1715 345 1774 illo
353 1725 426 1772 statu
438 1713 619 1772 constitutum
629 1713 760 1790 jejunare
770 1713 814 1771 rel
826 1731 905 1770 orare
916 1731 973 1772 non
984 1712 1096 1781 debere,
1109 1732 1164 1772 nec
1173 1727 1316 1791 praecepta

118 1813 555 1892 aliquaecclesiasticaseruare,
569 1829 622 1869 nec
643 1811 754 1868 virtutis
769 1822 847 1868 actus
868 1829 1012 1869 exercere.
1053 1811 1157 1869 Actum
1173 1811 1316 1871 carnalem

118 1926 235 1993 peccato
250 1929 360 1979 vacare,
375 1907 500 1983 eoquod
517 1919 613 1966 natura
627 1905 662 1965 ad
674 1927 738 1966 eom
754 1908 881 1976 inclinet,
890 1926 1016 1966 asserere
1030 1908 1092 1966 ausi
1106 1921 1184 1976 sunt,
1202 1909 1312 1984 aliaque

121 2020 334 2089 propugnarunt
348 2025 474 2065 errorum
487 2016 630 2073 monstra;
652 2006 753 2064 merito
767 2004 873 2063 idcirco
894 2003 1017 2063 damuati
1032 2023 1049 2062 a
1063 2002 1217 2064 Clemente
1232 2004 1270 2064 V.
1287 2006 1315 2066 iu

120 2108 254 2168 Concilio
267 2105 438 2164 Viennensi.

160 2204 302 2264 Amaldus
317 2203 352 2261 de
364 2201 525 2266 Villanova,
540 2199 693 2259 Catalauus
705 2198 848 2267 Medicus,
860 2217 934 2257 anno
949 2198 1061 2257 circiter
1074 2202 1161 2267 leto,
1178 2200 1318 2279 plurimos

121 2302 311 2383 propugnavit
337 2318 456 2359 errores.
507 2297 671 2356 Humanam
699 2296 809 2355 Christi
835 2308 962 2355 naturam
990 2297 1123 2366 scientia,
1150 2300 1318 2375 caeterisque

120 2401 254 2460 omuibus
268 2397 380 2457 dotibus
405 2395 511 2454 Deitati
534 2394 671 2468 aequalem
692 2395 856 2461 asscrebat;
877 2394 1003 2471 speciem
1030 2404 1137 2454 tantum
1155 2395 1318 2477 Religionis

121 2497 196 2576 apud
222 2494 401 2553 Christianos
427 2509 541 2549 manere
566 2490 694 2558 docebat,
710 2508 818 2564 eosque
833 2509 944 2559 omnes,
967 2492 1123 2569 prasertim
1149 2494 1318 2564 monachos,

122 2592 318 2657 damnandos;
341 2589 521 2666 capellanias
546 2600 575 2646 et
598 2588 706 2646 Missas
732 2606 785 2665 pro
805 2586 945 2647 defunctis
975 2589 1170 2666 improbabat;
1205 2591 1319 2652 damna-

122 2694 228 2752 tionem
254 2704 368 2748 manere
389 2704 439 2744 eos
465 2694 572 2743 tanturn
600 2684 651 2758 qui
676 2683 782 2743 malum
810 2684 936 2763 prebent
959 2686 1124 2764 exemplum
1153 2670 1318 2756 asserebam

121 2789 260 2851 mundum
273 2805 349 2860 annp
367 2787 440 2843 13³5
460 2781 615 2840 desitumm
629 2780 769 2859 praedixit.

163 2887 330 2952 Lonnannr,
341 2901 415 2941 anno
424 2882 535 2941 circiter
548 2883 691 2956 1315,per
703 2878 887 2939 Germaniam
899 2890 1047 2958 coeperuut
1060 2883 1196 2958 grassari,
1208 2892 1324 2943 auctore

125 2986 254 3044 Waltero
267 2981 420 3043 Lolhardo.
462 2978 640 3037 Trithemius
655 2977 739 3036 refert
752 2995 819 3037 eurn
833 2977 966 3036 docuisse
979 2978 1087 3037 Missas
1099 2998 1189 3039 vanas
1200 3000 1319 3060 prorsus

124 3104 206 3154 asse;
221 3083 385 3143 Luciferum
400 3076 662 3154 immeritopulsum
677 3075 761 3144 eoelo,
777 3086 875 3154 postca
888 3095 954 3135 cnm
964 3077 1081 3136 asseclis
1095 3078 1157 3137 suis
1173 3081 1345 3141 restitues·-

125 3186 204 3252 dnm,
214 3183 358 3244 Michaele
370 3179 538 3252 ceterisque
552 3176 661 3253 augelis
676 3175 705 3233 in
720 3174 872 3234 Tartarum
881 3174 1003 3233 detrusis
1016 3195 1025 3244 ς
1047 3175 1185 3248 Mariam,
1200 3181 1226 3238 si
1242 3181 1332 3260 virgo

126 3281 321 3364 permanserit,
337 3277 479 3355 angelum,
495 3293 553 3332 non
578 3272 735 3342 hominem,
756 3274 913 3352 peperisse.
955 3273 1113 3333 Irridebant
1132 3275 1332 3354 baptismum,

125 3379 332 3460 penitentiam,
342 3372 552 3437 cucharistiam,
565 3379 722 3428 extremam
730 3370 911 3438 unctionem
927 3379 956 3429 ct
967 3369 1180 3430 matrimonium
1192 3372 1332 3449 juratum

127 3478 317 3540 meretricium
333 3471 520 3552 appellabant.
562 3468 634 3536 Quae
649 3468 702 3526 sub
716 3480 788 3526 terra
801 3467 903 3525 fianta
924 3466 988 3526 Deo
999 3487 1059 3527 ¹nou
1080 3468 1228 3545 punienda
1244 3471 1342 3531 dicti-

127 3588 228 3644 tantes,
255 3571 376 3632 nefanda
391 3568 497 3645 flagitia
522 3567 550 3625 in
578 3565 724 3643 speluncis
753 3565 911 3623 referuntur
937 3577 1074 3642 patrasse.
1117 3565 1272 3644 Jejuniurn
1300 3578 1347 3628 et

126 3670 321 3734 abstinentiam
351 3665 532 3747 rejiciebant;
561 3662 622 3722 dies
650 3662 740 3721 festos
767 3680 823 3721 non
838 3662 996 3732 servabant,
1018 3663 1178 3741 perjurium
1204 3678 1345 3744 peccaut

125 3789 224 3830 vacare
236 3764 462 3830 contendebant;
484 3760 718 3819 intercessionem
734 3759 903 3818 Sanctorum
918 3758 1128 3836 repudiabant.²

165 3868 278 3925 Coccus
300 3860 458 3920 hsculanus
487 3856 583 3915 docuit
608 3856 635 3913 in
664 3851 859 3931 superioribus
889 3856 1004 3913 orbibus
1033 3856 1150 3933 spiritus
1178 3857 1344 3938 malignos

125 3963 264 4047 generari,
290 3960 339 4034 qui
364 3977 415 4035 per
441 3954 649 4015 iucarnationcs
676 3953 729 4010 sub
757 3952 840 4010 certis
868 3952 1131 4012 constellationibus
1163 3953 1345 4038 constringi

125 4073 254 4142 poterant
276 4056 311 4116 ad
334 4075 378 4114 res
403 4052 583 4112 admirabiles
608 4049 761 4109 iaciendas.
803 4049 935 4109 Siderum
962 4050 1082 4110 influxui
1099 4052 1264 4115 absolutam
1280 4058 1342 4114 tri⁶

124 4159 227 4217 buebat
241 4152 449 4217 necessitatem,
464 4150 502 4207 ita
516 4158 547 4206 ut
561 4147 709 4218 Christum
724 4148 817 4224 ipsum
837 4145 997 4206 necessarid
1013 4146 1147 4206 debuisse
1163 4167 1334 4229 pauperem

126 4257 214 4323 nasci,
229 4266 258 4312 et
280 4266 391 4330 turpem
406 4249 483 4308 obire
508 4256 637 4315 mortem,
664 4265 750 4304 ausus
778 4245 816 4303 sit
839 4264 974 4304 asserere.
1016 4246 1059 4305 Ita
1079 4246 1168 4306 refert
1195 4248 1333 4309 ,ioannes

125 4349 255 4409 villani.¹
1254 4352 1258 4359 '

164 4445 297 4506 Ekardus
311 4446 500 4509 Teutonicus,
513 4439 629 4500 Ordinis
642 4438 875 4508 Praedicatomm,
886 4439 915 4498 in
925 4441 1021 4520 plures
1031 4440 1129 4521 lapsus
1141 4452 1189 4502 est
1200 4456 1321 4508 errores

486 4601 528 4666 (l)
548 4597 700 4649 'l'rithemius
712 4597 738 4648 in
751 4595 875 4652 Chronico
890 4599 958 4652 Hira.

484 4685 527 4751 (1)
546 4683 576 4734 1..
589 4700 614 4734 x.
625 4700 646 4735 c.
659 4683 702 4735 xli
714 4691 739 4735 et
750 4685 802 4737 xlii.
