2798 5092
329 354 644 431 oamunmnum
666 354 976 420 onotnlmoue.
1215 364 1255 422 or

83 517 151 572 210.
177 512 248 594 obj.
260 518 289 574 3.
311 513 346 574 lu
368 516 432 592 ipsa
451 513 488 573 ad
510 513 680 577 Corinthios
703 514 836 594 epistola,
851 516 881 575 in
897 534 954 592 qua
974 517 1100 579 soemiuae
1115 517 1254 593 loquaces

47 612 302 690 reprehenduntur,
317 611 464 687 traduntur
478 613 583 691 reguloe
606 614 710 687 quibua
725 614 884 691 dirigantur
904 615 1040 676 mulieres
1061 615 1176 695 publice
1191 635 1254 694 pre·

48 709 171 769 dicantes
184 720 214 768 et
225 721 356 770 orantes:
372 729 442 789 ergo
457 729 475 768 a
488 719 585 769 mente
598 709 731 788 Apostoli
741 711 867 770 alienum
879 712 933 770 fuit
947 712 983 771 iio
995 726 1090 773 vetare
1106 715 1253 793 publicum

49 811 124 868 verbi
136 809 343 869 ministerium.

84 907 175 987 neap.
199 908 272 975 Quae
294 906 378 966 tradit
399 907 508 967 Paulus
532 907 569 966 de
590 926 674 966 corna
693 908 827 977 colenda‚'
852 918 882 967 et
900 908 937 968 de
963 909 1027 969 velo
1047 911 1150 988 eapitis
1175 911 1255 972 adhi-

49 1007 150 1076 bendo,
164 1025 225 1066 non
249 1016 381 1084 epeetant
398 1005 611 1084 predicationis
634 1006 838 1066 velorationis
864 1008 1044 1076 munue,eed
1068 1020 1159 1068 eoetue
1180 1012 1253 1090 ¹pub·

49 1107 129 1175 ocos,
146 1107 177 1164 in
192 1106 298 1180 quibus
318 1103 465 1179 quomodo
485 1104 620 1164 mulieres
640 1123 673 1163 se
694 1124 792 1182 gerere
817 1104 948 1174 debeant,
963 1117 1061 1186 etqua
1082 1108 1191 1167 ratione
1213 1110 1256 1169 in·

53 1200 182 1271 duendae‚
197 1202 292 1261 docet.
335 1200 380 1260 De
396 1200 512 1278 publico
534 1219 652 1259 munere
668 1202 703 1259 ab
717 1203 753 1260 iio
764 1201 927 1261 exercendo
942 1190 1111 1263 ue‘verbum
1126 1205 1254 1279 quidem.

85 1287 154 1359 211.
181 1297 250 1378 obj.
267 1286 297 1358 4‘.
320 1301 429 1358 Paulus
451 1299 601 1358 mulierem
624 1299 720 1358 laudat
734 1318 799 1373 que
819 1319 877 1360 una
891 1319 956 1360 oum
979 1301 1044 1379 ipso
1064 1301 1203 1363 laboravit
1223 1305 1254 1364 in

50 1397 228 1474 Evangelio:
257 1396 415 1455 “Salutate
435 1395 588 1456 Persidem
609 1397 820 1464 charissimam,
836 1416 899 1471 quae
914 1392 1042 1457 'multum
1065 1398 1203 1461 laboravit
1222 1403 1253 1462 in

52 1493 220 1571 Domino.'’¹
262 1505 282 1531 “
293 1493 406 1572 Adjuva
420 1494 482 1554 illas
496 1514 560 1569 quae
576 1513 691 1554 meeum
705 1495 903 1554 laboraverunt
916 1496 947 1554 in
962 1496 1172 1575 Evangelio.’'²

84 1588 176 1670 Reep.
199 1591 345 1650 Laborant
371 1590 477 1649 utiliter
506 1591 639 1650 mulieres
668 1589 783 1665 quando
809 1591 865 1668 piis
897 1607 997 1652 vacant
1025 1596 1161 1672 oporibus
1190 1616 1252 1673 quae

53 1688 239 1748 inutilitatem
268 1688 422 1765 Evangelii
443 1687 558 1747 cedunt.
600 1688 737 1766 Plurimae
759 1689 902 1766 egregiam
927 1692 1122 1767 prestiterunt
1136 1713 1253 1771 operam

55 1785 102 1848 hae
116 1806 154 1847 ex
168 1799 259 1865 parte,
275 1805 346 1860 quae
367 1785 471 1845 debitio
493 1786 604 1845 ornavit
625 1785 756 1845 laudibus
780 1786 898 1855 Paulus,
914 1789 985 1861 quin
1005 1807 1118 1849 sacrum
1140 1791 1254 1868 aliquod

56 1902 153 1944 munus
167 1884 204 1942 iis
219 1883 392 1942 attribueret.

89 1974 298 2065 212.²0bj.5.
318 1979 511 2057 Experieutia
538 1988 650 2038 oouatat
678 1980 817 2056 plurimos
847 1979 999 2040 mulierum
1028 1983 1189 2044 ministerio
1219 1984 1254 2044 ad

62 2077 149 2138 Deum
163 2084 332 2146 conversos,
351 2077 428 2152 quod
440 2076 591 2136 indubium
605 2077 673 2136 facit
686 2077 741 2136 hoo
757 2076 820 2136 Deo
834 2083 969 2154 gratum.⁸

93 2175 178 2255 Rerp.
214 2175 305 2234 Nulla
338 2175 519 2252 experientia
555 2174 630 2233 valet
665 2183 763 2233 contra
785 2174 967 2236 manit'eatum
1005 2174 1088 2234 Pauli
1123 2175 1254 2247 vetitum,

61 2285 108 2332 tota
129 2273 304 2352 suffragante
326 2273 493 2348 antiquitate
515 2272 679 2332 christiana.
722 2272 783 2330 Suo
808 2270 910 2351 spiritu
933 2272 1068 2332 falluntur
1088 2274 1138 2349 qui
1153 2277 1252 2352 speeie

65 2371 172 2445 quadam
188 2391 220 2432 se
235 2372 303 2432 duoi
317 2371 473 2450 patiuntur.

68 2534 338 2618 mmmm

94 2640 131 2706 (t)
148 2640 214 2690 Phit
225 2639 259 2690 iv.
270 2641 294 2689 3.
660 2655 664 2662 ·
1178 2665 1183 2668 ν

94 2726 131 2793 (3)
149 2728 197 2779 “lt
209 2725 271 2776 heth
282 2712 345 2776 been
356 2724 481 2786 obrerved,
492 2724 546 2775 thet
563 2723 620 2775 God
630 2724 692 2775 heth
711 2724 859 2790 effectually,
870 2725 898 2774 in
909 2724 958 2776 thie
969 2725 1026 2800 day,
1037 2723 1167 2777 oenomed
1175 2725 1259 2795 'many

68 2810 122 2864 ooo
132 2815 163 2880 by
174 2813 218 2865 tlte
229 2812 354 2880 minutry
365 2809 519 2879 oswomenr
530 2811 578 2862 und
589 2812 622 2876 by
634 2811 702 2861 them
713 2813 766 2861 aleo
777 2810 910 2873 comforted
921 2810 964 2873 the
976 2810 1044 2860 eoule
1055 2811 1084 2860 oi
1090 2811 1130 2860 hie
1141 2811 1263 2873 children;

67 2897 135 2952 nlioh
143 2901 261 2955 manifest
272 2899 418 2966 experiendo
428 2906 490 2966 puto
498 2898 541 2950 tho
550 2898 624 2961 thing
634 2898 732 2964 beyond
742 2899 775 2949 all
787 2895 968 2962 controversy?
1004 2896 1129 2963 Borolay'e
1140 2899 1263 2965 Apology,

67 2982 125 3053 Prop.
134 3003 159 3039 x.
171 2991 186 3050 ς
198 2985 286 3039 xxvii.-
