2798 5092
96 341 152 397 lta
398 335 455 397 DE
476 333 753 395 sacuaatENTt
774 332 974 397 RATIONE.

93 494 242 554 traditione
257 506 409 562 carentem,
424 508 453 553 et
466 495 496 551 in
515 493 699 552 tribunalibus
723 494 862 553 Romana
883 492 1035 560 Ecclesiae,
1050 510 1115 566 quae
1138 501 1229 551 mater
1250 500 1279 549 et

93 591 229 668 magistra
242 608 286 649 est
299 592 438 658 omnium,
453 608 611 664 numquam
624 601 779 667 receptam.

133 692 182 746 28.
206 688 292 748 Juxta
309 688 511 746 sententiarum
532 686 568 744 do
583 687 713 745 ministro
728 688 904 751 varietatem,
916 686 1000 744 varie
1020 685 1106 743 etiam
1120 684 1157 742 de
1171 684 1291 743 materia

92 795 121 843 et
134 785 224 843 forma
238 785 472 843 circumferuntur
481 783 642 861 opiniones.
687 784 744 851 Qui
756 785 905 842 nobiscum
920 793 1096 842 contractum
1110 801 1176 840 esse
1192 782 1290 857 ipsum

92 896 299 940 sacramentum
315 896 442 950 censent,
457 881 615 941 materiam
626 882 702 939 circa
715 901 799 956 quam
812 891 949 948 versatur,
961 898 1026 939 esse
1041 899 1162 956 corpora
1176 893 1289 939 comra-

92 978 220 1037 hentium
236 978 265 1035 in
281 996 363 1036 usum
382 979 508 1056 conjugii
523 990 628 1046 tenent,
639 976 778 1057 formum
791 976 858 1036 verb
873 996 1048 1036 consensum
1064 996 1123 1049 quo
1137 976 1195 1035 sihi
1216 976 1290 1035 inri-

92 1095 155 1134 cem
170 1076 283 1134 tradunt
307 1075 466 1134 dominium
486 1077 515 1134 in
529 1095 582 1133 sua
601 1094 731 1152 corpora.
775 1085 794 1112 ‘·
809 1075 906 1134 Causa
926 1074 1055 1134 efficiens
1076 1073 1287 1142 matrimonii,”

92 1173 185 1246 inquit
198 1173 347 1249 Eugenius
361 1174 390 1231 in
407 1172 520 1231 decreto
536 1193 586 1251 pro
601 1173 745 1241 Armenia,
761 1172 959 1250 “regulariter
978 1184 1022 1231 est
1036 1185 1152 1231 mutuus
1165 1191 1288 1232 consen·
1324 1176 1326 1181 ’

92 1289 141 1329 sus
155 1291 205 1348 per
221 1273 304 1329 rerba
318 1271 354 1329 de
368 1272 501 1348 praesenti
522 1271 712 1349 expressus.”
752 1272 810 1338 Qui
823 1271 999 1342 sacerdotem
1020 1272 1185 1330 ministrum
1199 1281 1290 1330 statu·

91 1378 152 1436 uut,
168 1378 342 1426 contractum
353 1369 499 1426 materiam
514 1369 682 1427 sacramenti
695 1386 823 1436 censent,
834 1371 921 1427 verba
933 1367 1088 1426 sacerdotis
1103 1368 1207 1442 quibus
1223 1386 1291 1426 eum

90 1464 184 1522 firmat
198 1477 227 1522 et
240 1466 341 1531 sancit,
363 1476 465 1523 vocant
485 1464 617 1523 sormam.
659 1463 760 1523 Medio
781 1465 887 1523 saculo
908 1464 1039 1541 proxime
1060 1463 1162 1541 elapso
1184 1463 1294 1541 prodiit

92 1580 166 1619 nova
180 1561 289 1638 opinio,
300 1561 342 1618 Le
357 1559 463 1619 Ridant
476 1560 613 1620 advocato
625 1562 782 1620 Parisiensi
796 1561 914 1630 fautore,
927 1581 983 1635 qua
994 1573 1156 1621 contractus
1167 1560 1292 1620 omniuo

92 1678 108 1715 a
122 1670 299 1716 sacramento
314 1656 506 1735 distinguitur,
522 1659 633 1732 hocque
648 1670 738 1718 totum
752 1670 882 1717 constare
896 1658 1000 1717 dieitur
1010 1660 1063 1717 ritu
1079 1678 1172 1727 sacro,
1187 1677 1288 1718 manu·

92 1775 139 1814 um
151 1755 272 1829 quadam
286 1757 479 1833 impositione,
492 1757 572 1833 (quae
584 1769 678 1816 tamen
691 1776 788 1815 revera
799 1775 856 1816 non
868 1756 911 1836 fit)
924 1767 953 1816 et
962 1756 1168 1817 benedictionis
1184 1757 1291 1816 verbis.

91 1852 165 1910 Eam
181 1862 263 1909 vocat
277 1852 460 1911 doctissimus
477 1853 577 1913 Gerdil
593 1865 612 1891 ‘⁸
625 1865 847 1921 moustmosum,
858 1854 1028 1922 haereticale,
1039 1855 1207 1932 oppositum
1224 1854 1294 1913 doc·

92 1950 171 2007 trinae
187 1951 327 2007 constanti
341 1948 482 2008 Ecclesia
497 1950 618 2019 Christi,
633 1969 717 2024 quam
734 1950 829 2008 hausit
842 1968 879 2008 ex
893 1950 1049 2027 Scriptura,
1061 1961 1090 2007 et
1104 1950 1221 2009 Patrum
1237 1961 1293 2009 tra·

91 2045 210 2115 ditione,
222 2059 249 2104 et
265 2046 293 2105 in
303 2065 388 2120 quam
403 2047 549 2106 communi
561 2065 702 2105 consensu
714 2047 879 2124 conspirant
887 2065 987 2105 omnes
999 2047 1105 2106 scholae
1118 2045 1291 2115 Catholicae,

92 2144 223 2216 quamvis
238 2143 267 2201 in
284 2142 453 2216 quibusdam
467 2143 668 2202 dissentientes
683 2143 758 2201 circa
772 2143 929 2213 materiam,
938 2143 1069 2212 sormam,
1084 2154 1114 2201 et
1126 2144 1293 2203 ministrum

90 2240 306 2298 sacramenti.'’1
346 2241 385 2298 At
398 2241 474 2298 enim
491 2240 625 2300 inducere
640 2241 723 2298 nobis
738 2241 865 2299 animum
879 2258 937 2299 non
958 2259 1124 2318 possumus,
1140 2242 1176 2300 iis
1191 2260 1293 2301 assen-

91 2338 137 2395 tiri
152 2336 303 2415 theologis,
320 2339 369 2410 qui
388 2339 507 2396 sormam
524 2339 552 2398 in
569 2340 661 2397 verbis
678 2340 800 2397 ministri
821 2348 985 2417 reponunt;
1007 2349 1118 2399 constat
1131 2339 1210 2398 enim
1225 2359 1291 2414 qum

91 2453 168 2492 nunc
183 2446 334 2510 usurpatur
356 2435 459 2492 verba:
483 2436 577 2513 “Ego
602 2437 747 2514 conjungo
768 2455 819 2493 vos
841 2434 926 2505 etc;”
949 2454 1006 2495 non
1021 2436 1127 2510 ubique
1148 2437 1291 2506 obtinere,

91 2550 144 2589 nec
159 2541 222 2588 ante
238 2532 409 2608 quingentos
425 2552 514 2590 annos
534 2533 563 2590 in
577 2552 631 2590 usu
646 2533 753 2602 suisse3
780 2543 809 2591 et
830 2552 963 2611 magnam
986 2552 1098 2592 morum
1123 2535 1291 2595 varietatem

91 2630 121 2688 in
137 2629 343 2687 benedictionis
357 2629 538 2688 sacerdotalis
554 2631 608 2688 ritu
623 2631 698 2707 apud
713 2631 860 2688 Ecclesiae
876 2632 1031 2705 antiquitus
1046 2631 1185 2699 extitisse,
1202 2651 1292 2705 quam

92 2745 146 2784 uec
161 2729 275 2802 penitus
290 2725 429 2785 sublatam
442 2727 591 2785 voluemnt
603 2738 696 2805 patres
709 2727 883 2797 Tridentini,
894 2728 1022 2787 libertate
1034 2729 1119 2787 rerba
1132 2728 1292 2806 usurpandi

92 2845 144 2903 pro
160 2826 367 2902 provinciarum
394 2845 472 2884 more
494 2827 610 2885 relicta:
628 2836 648 2863 ‘⁶
659 2827 817 2896 Parochus,
833 2829 894 2886 viro
908 2840 937 2885 ot
956 2827 1076 2885 muliere
1096 2827 1291 2905 interrogatis,

92 2933 120 2978 et
135 2939 232 2979 eorum
249 2934 346 2979 mutuo
361 2941 501 2980 consensu
518 2923 671 2990 intellecto,
687 2923 732 2981 vel
746 2922 839 2980 dicat:
864 2922 949 3000 ‘Ego
962 2942 1014 2981 vos
1028 2923 1058 2982 iu
1073 2923 1290 2982 matrimonium

92 3021 246 3098 conjungo,
262 3022 291 3077 in
307 3022 422 3087 nomine
444 3022 547 3090 Patris,
562 3033 590 3079 et
605 3022 681 3089 Filii,
697 3033 725 3079 ct
749 3022 873 3098 Spiritus
888 3021 986 3079 Sancti
998 3020 1017 3079 ε’
1040 3021 1085 3079 vel
1111 3021 1175 3080 aliis
1196 3032 1292 3082 utatur

93 3117 195 3184 verbis,
206 3117 290 3194 juxta
304 3132 449 3195 receptum
466 3118 690 3195 uniuscujusque
711 3118 865 3196 provincia
887 3116 1020 3176 ritum.”¹
1059 3118 1153 3176 Tanta
1168 3121 1291 3179 varietas

45 3232 55 3250 ·
91 3225 119 3271 et
133 3215 277 3272 arbitrium
295 3217 364 3272 adeo
379 3216 499 3273 liberum
515 3216 545 3272 in
560 3216 649 3272 forma
667 3215 835 3273 sacramenti
850 3236 866 3272 a
881 3214 999 3274 Christo
1013 3224 1116 3273 statuta
1130 3217 1179 3275 vix
1194 3229 1293 3294 potest

93 3310 213 3368 admitti.
257 3312 285 3368 N
288 3312 350 3368 obis
363 3312 448 3389 igitur
462 3331 629 3388 persuasum
647 3322 691 3369 est
710 3311 1135 3383 consensum'contrahentium‚
1151 3315 1214 3373 sive
1229 3335 1292 3375 ver-

92 3407 146 3473 bis,
162 3408 223 3465 sive
237 3407 352 3465 nutibus
367 3408 568 3485 significatum,
584 3409 679 3466 sormae
701 3409 805 3467 habere
819 3408 968 3478 rationem,
983 3427 1036 3487 pro
1051 3421 1148 3468 natura
1162 3392 1292 3472 contrac-

92 3514 148 3572 tus,
164 3524 248 3578 quam
265 3507 440 3564 immutatam
457 3497 590 3565 Christus
607 3507 729 3580 reliquit.
854 3504 855 3508 ’

129 3605 178 3659 29.
200 3602 249 3660 Ex
264 3605 403 3662 sententia
414 3605 449 3660 de
464 3604 628 3662 discrimine
643 3616 803 3663 contractus
824 3625 841 3664 a
854 3618 1031 3665 sacramento
1045 3607 1165 3685 contigit
1179 3618 1211 3666 ut
1224 3611 1291 3682 qui·

93 3698 157 3756 dam
179 3700 304 3778 theologi
326 3713 475 3760 censerent
496 3703 581 3761 licere
602 3713 776 3762 contractum
803 3705 839 3762 iis
864 3706 1026 3782 permittere
1047 3705 1205 3766 ineundum
1238 3711 1291 3782 qui

91 3797 188 3875 gratiae
203 3799 371 3856 sacramenti
383 3798 571 3875 suscipiendae
581 3818 639 3856 non
650 3798 742 3858 forent
756 3800 870 3859 idonei:
888 3800 964 3875 quod
978 3801 1131 3861 consilium
1146 3822 1291 3864 novorum

91 3895 259 3972 placitorum
276 3894 401 3969 patronis
417 3894 546 3971 plurimis
568 3896 669 3953 arrisit.
712 3896 855 3956 Caeterum
878 3897 956 3957 labili
970 3899 1068 3957 nititur
1090 3899 1290 3968 fundamento,

91 4004 119 4051 et
133 3991 301 4052 universalis
311 3992 451 4050 Ecclesiae
463 3995 662 4053 consuetudini
674 3995 847 4066 adversatur,
859 4017 945 4071 quam
959 3998 1102 4075 negligere
1113 4000 1290 4074 cuicumque

89 4088 163 4148 haud
179 4091 255 4149 licet.
297 4088 401 4147 Meritis
416 4091 499 4167 igitur
512 4091 595 4150 docet
606 4091 737 4152 Carridre
752 4094 941 4172 praelaudatus
953 4113 1012 4155 nou
1025 4096 1110 4153 licere
1121 4115 1288 4158 sacramen·

90 4197 149 4244 tum
166 4188 335 4246 matrimonii
350 4188 499 4265 sejungere
512 4209 528 4245 a
542 4200 685 4248 contractu
699 4211 706 4248 :
734 4192 811 4265 quod
825 4191 942 4267 quidem
957 4203 1052 4252 nostra
1066 4194 1211 4251 sententia
1225 4196 1291 4256 lieri

90 4284 198 4356 nequit.

130 4384 177 4438 ³0.
200 4381 244 4439 De
259 4383 445 4442 matrimoniis
469 4383 636 4451 infidelium,
650 4403 708 4457 quo
722 4387 838 4444 nomine
859 4395 1011 4443 censentur
1032 4388 1200 4460 omnesqui
1221 4390 1294 4471 hap·

322 4560 365 4625 (1)
385 4560 432 4609 Del
444 4560 503 4609 Mat.
515 4577 539 4623 p.
550 4561 575 4618 4,
587 4569 680 4624 cpont.
692 4576 733 4610 xv.
742 4577 766 4625 p.
779 4564 820 4610 83.

320 4648 362 4710 (2)
382 4645 421 4694 De
433 4646 493 4695 Mat.
505 4663 529 4712 p.
544 4647 565 4703 l,
578 4660 600 4692 c.
611 4645 645 4694 iii.
659 4650 672 4706 ξ
686 4645 720 4696 iii.
731 4661 755 4712 p.
765 4648 806 4695 97.
