2798 5092
451 361 508 423 DE
530 361 665 423 SAGRO
687 361 924 424 OOELIBA'I'U.
1252 364 1292 421 83

94 519 176 579 filium
191 539 275 580 anuo
291 525 353 580 855
366 521 412 581 vel
427 526 485 581 356
499 522 621 581 Athenis
635 522 799 601 inputrism
814 519 948 580 reducem
970 519 1071 590 fuisse,
1087 519 1201 598 triginta
1214 521 1297 579 annis

96 618 153 676 vitre
166 618 211 676 vel
226 619 397 679 studiorum
412 620 471 678 lere
485 620 612 703 elapsis:

261 846 268 859 Ι
374 778 423 830 Καὶ
435 777 481 850 γὰρ
492 782 569 841 πολὺς
579 778 699 848 rirpvnro
710 775 764 839 τοῖς
774 792 854 849 lopun
864 798 947 848 χρονος

283 932 287 940 Ι
378 867 437 935 Ηδη
449 870 594 936 τριακοστὸν
604 887 646 935 μοι
658 854 744 929 σχεδόν
756 860 827 919 rour’
839 867 869 935 ἥν
879 867 952 927 eros·1

292 987 362 1047 Jem
375 998 405 1046 et
418 989 538 1048 multum
553 999 754 1066 consumptum
771 999 830 1047 eret
843 989 873 1047 in
889 989 991 1048 studiis
1004 998 1128 1067 tempus,

292 1088 312 1147 J
315 1108 362 1147 am
374 1088 538 1165 trigesimus
554 1088 624 1147 mihi
640 1108 730 1166 prope
744 1089 792 1147 hic
806 1100 866 1146 erat
880 1108 981 1148 annus.

98 1245 129 1305 Id
142 1257 236 1307 auctor
253 1247 321 1326 ejus
338 1245 401 1305 vitae
427 1247 577 1305 confirmat
589 1251 791 1316 ε-Τριακοστὸν
802 1247 849 1318 ἤδη
861 1263 986 1318 nappaeae
995 1250 1081 1312 ἔτοςέν
1093 1265 1144 1311 τοις
1154 1246 1299 1325 μαθήμασιν,

99 1348 154 1399 mm
165 1349 196 1417 τῇ
206 1341 316 1415 πατρίδι
327 1344 411 1400 lucrm
425 1342 618 1399 ὀαοδίδωσι-ίί
631 1346 673 1404 Ita
687 1347 814 1415 demum,
830 1348 976 1425 trigesimo
987 1349 1047 1426 jam
1063 1370 1137 1408 anno
1152 1351 1180 1409 in
1196 1353 1297 1411 artium

100 1442 195 1501 studiis
218 1454 336 1511 exacto,
352 1443 450 1520 patriae
465 1462 530 1501 sese
544 1443 713 1502 restituit.”¹
753 1444 844 1522 Igitur
857 1464 932 1503 anno
947 1450 1005 1503 3⁶28
1017 1447 1077 1523 jam
1093 1447 1167 1505 duos
1181 1449 1224 1507 vel
1241 1461 1298 1507 tres

100 1541 194 1601 saltem
210 1561 305 1601 annos
321 1552 403 1600 natus
417 1555 484 1609 erat,
501 1542 526 1599 si
542 1543 657 1618 triginta
675 1563 765 1602 anuos
781 1563 797 1600 a
811 1544 955 1602 nativitate
977 1558 1193 1623 computemus;
1215 1550 1300 1627 longe

102 1638 192 1717 plures
207 1637 278 1697 verb
291 1639 318 1696 si
332 1650 422 1698 totum
438 1638 507 1696 illud
523 1652 636 1716 tempus
652 1639 680 1698 in
696 1640 798 1699 studiis
815 1641 977 1718 impensum
999 1643 1200 1721 intelligamus,
1223 1646 1300 1720 quod

100 1735 262 1794 verosimile
278 1740 347 1794 est.⁸
386 1734 533 1808 Equidem
547 1748 722 1795 senectutem
742 1726 804 1814 ipse
819 1739 952 1796 causabat
966 1758 1016 1797 cur
1036 1741 1109 1816 patri
1132 1756 1302 1820 repugnaret

102 1833 299 1910 episcopatum
314 1833 341 1891 ei
357 1833 505 1910 imponere
522 1834 638 1892 volenti.

141 1936 208 1991 168.
235 1931 303 2011 ooj.
322 1937 369 1990 10.
392 1933 525 1992 Socrates
549 1945 643 1991 narrat
659 1934 863 2010 ¹Paphnutium
892 1935 1007 1993 concilii
1033 1937 1148 1994 Nicaeni
1176 1940 1302 2014 patribus

103 2027 272 2088 dissuasisse
297 2029 392 2107 legem
420 2029 456 2088 de
484 2029 627 2098 coelibatu,
658 2049 744 2103 quem
774 2031 913 2107 cujusque
936 2031 1050 2104 arbitrio
1081 2035 1301 2109 permittendum

105 2125 218 2185 voluit.⁴

140 2221 230 2300 Reep.
253 2223 375 2282 Plurimi
392 2224 582 2282 narrationem
598 2225 722 2282 Socratis
744 2222 800 2281 fide
824 2223 901 2281 hand
923 2222 1038 2301 dignam
1060 2225 1245 2295 contendunt,
1261 2247 1302 2285 ra·

105 2320 226 2381 tionibus
250 2321 328 2378 haud
350 2320 567 2406 contemnendis
593 2320 747 2379 adductis.⁵
788 2316 940 2380 Caeterum'
957 2321 983 2379 si
1004 2320 1075 2379 fides
1105 2323 1131 2381 ei
1155 2323 1300 2393 tribuatur,

105 2418 172 2477 illud
187 2428 298 2477 tanturn
313 2433 449 2492 sequetur
464 2438 587 2477 uxorum
602 2430 666 2476 ante
690 2419 803 2477 ordines
819 2435 970 2497 susceptos
985 2416 1130 2479 duclarum
1146 2441 1228 2480 nsum
1245 2442 1303 2480 non

107 2513 192 2573 luisse
203 2515 267 2592 lege
280 2516 409 2582 vetitum,
421 2516 455 2573 de
467 2535 502 2573 co
515 2516 592 2592 enim
605 2516 681 2593 agit:
706 2525 725 2551 “
739 2515 842 2574 Visum
858 2529 918 2574 erat
931 2516 1076 2594 episcopis
1091 2517 1184 2595 legem
1199 2538 1302 2576 novam

109 2615 136 2671 in
150 2612 312 2672 Ecclesiam
329 2613 519 2682 introducere,
534 2624 566 2671 ut
580 2614 628 2686 qui
641 2625 738 2671 essent
751 2615 839 2672 sacris
854 2614 956 2672 initiati
968 2614 1056 2690 (sicut
1070 2615 1211 2693 episcopi,
1227 2636 1305 2693 pres·

108 2711 207 2789 byteri,
232 2722 262 2769 et
286 2711 412 2792 diaconi)
435 2731 500 2769 cum
522 2713 671 2780 uxoribus,
687 2732 768 2785 quas,
784 2732 849 2770 cum
865 2725 943 2770 erant
956 2713 1030 2780 laici,
1048 2714 1078 2771 in
1094 2714 1305 2775 matrimonium

109 2809 265 2878 duxissent,
282 2811 401 2869 minime
416 2809 607 2869 dormirent.'’
650 2811 682 2868 Si
704 2811 868 2887 Paphnutio
882 2810 1020 2891 suadente
1036 2824 1128 2889 patres
1144 2816 1178 2870 ab
1194 2833 1228 2870 ea
1242 2813 1305 2890 lege

110 2907 220 2968 serenda
241 2909 441 2976 abstinuerint,
464 2908 566 2967 mirum
589 2919 633 2966 est
653 2927 705 2967 eos
725 2927 845 2966 uxorem
868 2908 943 2966 haud
967 2908 1117 2986 excepisse
1146 2931 1162 2969 e
1188 2928 1307 2971 numero

111 3023 202 3084 earum
218 3025 291 3080 quas
307 3006 337 3064 iu
352 3006 438 3064 domo
453 3005 608 3063 sacerdotis
630 3008 734 3062 versari
757 3016 921 3063 vetuerunt:
948 3005 1127 3064 “interdixit
1148 3027 1197 3084 per
1212 3010 1309 3066 ornnia

112 3121 208 3182 magna
232 3103 375 3181 synodus,
399 3123 456 3162 uon
479 3104 630 3181 episcope,
645 3122 702 3161 non
726 3105 904 3180 presbytero,
928 3122 984 3160 non
1002 3101 1137 3172 diacono,
1153 3125 1205 3162 nec
1224 3106 1308 3163 alicui

113 3201 224 3260 omnino
240 3201 291 3274 qui
306 3201 335 3257 in
349 3200 425 3258 clero
440 3211 492 3266 est,
510 3201 595 3258 licere
611 3199 855 3258 subintroductam
871 3200 975 3257 habere
991 3198 1150 3267 mulierem,
1167 3202 1222 3258 nisi
1239 3200 1309 3260 sorte

114 3310 158 3375 aut
170 3310 302 3366 matrem,
318 3311 366 3356 aut
379 3317 516 3365 sororem,
533 3311 581 3356 aut
589 3298 721 3366 amitam,
737 3298 781 3356 vel
797 3318 845 3356 eas
861 3308 968 3357 tantum
984 3316 1121 3375 personas
1134 3287 1200 3372 'quae
1216 3302 1309 3378 suspi-

115 3394 221 3455 cionem
235 3394 425 3473 effugiunt.'’⁸
526 3412 543 3459 ,·

156 3497 221 3552 169.
248 3491 317 3572 ooj.
337 3496 393 3565 ll,
406 3492 511 3550 Vetant
524 3510 648 3550 canones
663 3491 736 3568 ipsis
751 3491 896 3570 episcopis
911 3503 939 3549 et
954 3491 1127 3570 presbyteris
1142 3513 1178 3552 ne
1192 3515 1312 3556 uxorem

117 3588 263 3649 dimittant.
301 3588 404 3647 Canon
419 3601 517 3647 sextus
533 3589 605 3646 inter
619 3588 791 3665 apostolicos
807 3589 850 3646 sic
864 3607 896 3646 se
911 3589 1014 3647 habet:
1039 3580 1058 3625 ‘³
1072 3590 1249 3669 Episcopus,
1266 3606 1314 3652 aut

119 3689 273 3765 presbyter,
290 3706 409 3745 uxorem
426 3687 570 3764 propriam
583 3704 764 3759 nequaqnam
780 3687 833 3743 sub
845 3686 962 3744 obtentu
978 3687 1125 3763 religionis
1148 3691 1272 3766 abjiciat,
1289 3691 1314 3748 si

120 3801 181 3844 vero
195 3785 337 3864 rejecerit,
353 3785 635 3843 excommunicetur:
659 3784 708 3841 sed
723 3785 747 3841 si
761 3785 994 3862 perseveraverit,
1010 3785 1188 3862 dejiciatur.”
1210 3791 1315 3847 Conci·

121 3881 184 3940 lium
210 3884 381 3960 Gangrense
406 3882 520 3939 statuit:
555 3881 618 3938 “Si
645 3881 709 3953 quis
735 3881 872 3938 discernit
892 3883 1091 3958 presbyterum
1118 3887 1313 3962 conjugatum,

124 3989 260 4055 tamquam
285 3981 437 4040 occasione
461 3981 635 4057 nuptiarum,
651 3980 726 4052 quod
750 3979 853 4038 offerre
867 3999 925 4038 non
940 3980 1050 4051 debeat,
1065 3994 1094 4040 et
1108 3984 1142 4040 ab
1164 3985 1225 4058 ejus
1241 3985 1317 4041 obla·

156 4139 196 4205 (l)
215 4138 298 4189 Germ.
310 4138 341 4211 de
353 4137 403 4188 vita
414 4155 460 4188 sua
470 4154 492 4187 v.
505 4139 562 4189 238.

158 4222 196 4288 (2)
215 4222 289 4286 Greg.
301 4222 381 4289 presb.
393 4221 420 4273 in
432 4224 482 4273 vita
500 4223 526 4272 S.
539 4222 659 4286 Gregorii.

160 4309 198 4377 (³)
216 4309 279 4360 Vide
289 4309 406 4360 Natalem
420 4312 493 4361 Alex.
504 4309 561 4360 hist.
572 4310 647 4360 Eccl:
666 4317 683 4361 t.
701 4306 742 4357 vii.
762 4308 820 4358 diss.
840 4309 892 4359 xix.
908 4327 977 4377 prop.
993 4309 1027 4361 iii.
1045 4319 1069 4362 et
1086 4324 1149 4378 opus
1165 4314 1266 4376 dictum,
1284 4312 1320 4364 Le

135 4389 219 4445 (lilibet
229 4395 424 4460 Ecclesiastique
434 4412 479 4461 par
490 4395 524 4444 Μ.
536 4394 638 4445 L’Abbe
650 4396 665 4445 J
667 4410 731 4456 ager,
744 4393 813 4443 Paris
828 4397 901 4445 1836.

163 4477 201 4545 (4)
219 4480 283 4532 Hist.
294 4480 368 4532 Eccl.
380 4481 396 4530 l.
407 4481 424 4531 i.
436 4498 457 4531 c.
469 4481 519 4530 viii.

166 4561 203 4629 (5)
220 4565 282 4617 Vide
293 4583 358 4632 opus
366 4567 418 4632 jam
430 4566 555 4616 laudatum
567 4563 604 4616 Le
617 4563 715 4616 celibat
727 4565 919 4631 Ecclesiastiquc
932 4571 955 4628 ξ.
966 4568 999 4618 ix.
1012 4583 1036 4634 p.
1048 4570 1089 4621 98.

168 4647 203 4715 (θ)
221 4650 296 4704 Cone.
307 4652 368 4704 Nic.
379 4653 444 4717 apud
457 4651 532 4702 Labb.
544 4660 560 4703 t.
572 4652 597 4702 ii.
611 4668 636 4718 p.
653 4653 693 4702 40.
