2798 5092
535 338 591 399 DE
613 336 871 400 DIhCONATU.
1260 345 1298 401 87

111 499 303 559 distributione
319 496 415 556 viduis
428 496 593 557 Judaeorum
610 497 834 557 Hellenistarum
848 498 884 557 ad
897 495 984 557 fidem
998 515 1212 567 conversorum,
1234 518 1300 559 cou·
1334 544 1335 547 ,

111 611 178 658 stat:
199 610 326 656 attamen
342 615 379 656 ex
394 596 506 656 dotibus
520 616 591 671 quas
605 597 685 654 iniis
699 597 851 675 exigebant
864 596 1006 675 Apostoli,
1020 606 1096 655 etex
1110 597 1232 656 solemni
1247 599 1301 656 ritu

108 715 159 770 quo
172 695 295 754 ordinati
310 704 388 762 sunt,
407 694 481 753 sicut
504 706 533 752 et
553 712 591 752 cx
616 694 782 752 muneribus
802 696 890 753 sacris
912 695 1015 769 quibus
1036 694 1149 753 functos
1170 713 1220 753 eos
1234 715 1299 755 esse

107 794 184 853 refert
197 810 278 850 sacer
299 793 433 868 scriptor,
448 791 538 865 liquet
550 791 695 868 praecipua
716 810 815 851 eorum
839 794 936 851 munia
957 812 1037 851 sacra
1049 812 1125 851 ease.
1165 792 1298 869 Apostoli

106 890 232 949 tidelibus
246 888 322 947 facta
336 887 468 947 facultate
482 906 532 946 eos
548 887 683 966 eligendi,
698 901 729 946 ut
742 890 836 947 omnis
850 890 964 948 occasio
980 890 1131 947 murmuris
1144 890 1296 959 tolleretur,

106 987 253 1054 dixerunt3
277 984 496 1044 “Considerate
518 1002 596 1061 ergo,
618 982 728 1052 iratres,
743 985 819 1043 viros
833 1002 871 1042 ex
885 986 966 1044 vobis
980 985 1048 1044 boni
1063 986 1217 1045 testimonii
1233 1005 1297 1064 sep·

108 1095 171 1152 tem,
193 1083 297 1160 plenos
323 1081 434 1159 Spiritu
458 1080 564 1139 Sancto
588 1089 617 1138 et
636 1081 785 1158 sapientia.
808 1099 881 1155 quos
906 1082 1111 1140 constituamus
1134 1101 1221 1159 super
1242 1083 1297 1141 hcc

103 1180 218 1259 opus.”²
238 1178 396 1238 Prudentia
408 1187 437 1236 et
447 1196 558 1236 morum
570 1177 716 1254 integritas
727 1188 802 1237 recte
817 1179 1027 1256 postularentur
1038 1180 1067 1238 in
1082 1179 1246 1248 hominibus
1261 1179 1298 1238 ad

105 1279 302 1354 eleemosynas
317 1274 526 1334 distribuendas
541 1285 649 1334 tantum
674 1276 793 1345 electis3
815 1275 866 1334 sed
892 1277 1015 1354 Spiritus
1037 1276 1134 1335 Sancti
1150 1276 1297 1354 plenitudo

105 1376 187 1434 sacris
202 1373 370 1433 muneribus
385 1372 523 1431 obeundis
534 1391 584 1430 eos
599 1372 718 1432 idoneos
733 1372 838 1431 effecit.
879 1372 979 1433 Oratio
990 1386 1019 1432 et
1032 1393 1168 1432 manuum
1178 1376 1296 1452 imposi-

105 1473 139 1531 tio
154 1473 184 1530 in
199 1471 236 1529 iis
251 1468 416 1529 ordinandis
431 1468 563 1528 adhibitae
587 1482 662 1538 sunt,
685 1488 742 1543 qua
760 1471 867 1529 ratione
892 1470 1000 1530 Paulus
1020 1472 1205 1531 et‘Barnabas
1220 1473 1296 1548 epis·

104 1569 230 1646 copalem
252 1567 443 1626 characterem
465 1580 673 1644 susceperunt:
696 1578 716 1604 “
727 1567 849 1627 Orontes
864 1569 1061 1646 imposuerunt
1082 1572 1124 1628 eis
1147 1569 1294 1628 manus.”⁸

104 1667 185 1726 Sacer
198 1668 286 1745 igitur
299 1667 370 1723 ritus
385 1663 420 1723 ad
434 1665 550 1742 gratiam
563 1683 628 1724 cum
650 1676 798 1742 potestate·
810 1685 889 1726 sacra
903 1668 939 1725 iis
954 1667 1171 1745 impertiendam
1186 1667 1297 1727 adhibi·

101 1775 140 1822 tus
153 1774 208 1823 est.
251 1763 314 1822 Eos‘
329 1756 522 1840 predicationi
537 1781 653 1821 vacasse
668 1763 767 1837 liquet.
786 1763 849 1823 Deo
870 1783 969 1823 eorum
990 1764 1178 1824 ministerium
1201 1767 1296 1844 prodi·

102 1863 364 1942 giisconfirmante.
407 1860 451 1919 De
467 1861 615 1938 Stephano
629 1860 750 1921 diacono
765 1863 888 1921 dicitur:
912 1873 932 1900 ‘⁴
946 1863 1047 1940 plenus
1062 1866 1150 1941 gratia
1174 1876 1204 1923 et
1217 1867 1295 1925 lorti·

101 1959 191 2019 tudine
213 1957 336 2017 faciebat
350 1955 489 2034 prodigia,
505 1970 533 2014 et
547 1957 629 2032 signa
642 1975 745 2034 magna
759 1957 788 2014 in
803 1957 921 2034 populo.
946 2000 953 2016 .
977 1999 985 2016 .
1008 2000 1015 2016 .
1038 1959 1079 2016 Et
1092 1978 1148 2018 non
1165 1972 1294 2038 poterant

100 2059 225 2117 resistere
254 2057 413 2134 sapientiae,
441 2065 469 2113 et
499 2055 618 2131 Spiritui
646 2054 696 2128 qui
723 2054 938 2127 loquebatur.”⁸
990 2055 1174 2133 “Philippus
1197 2069 1292 2118 autem

103 2156 276 2216 descendens
300 2148 331 2213 in
357 2154 499 2214 civitatem
524 2154 670 2221 samarie,
694 2153 864 2231 praedicabat
886 2153 941 2212 illis
958 2153 1116 2214 Christum.
1158 2157 1291 2218 Intende·

99 2256 159 2314 bant
172 2267 269 2314 autem
284 2254 372 2311 turbae
386 2251 431 2311 his
446 2272 509 2324 quae
524 2273 541 2310 a
556 2252 692 2329 Philippo
707 2252 883 2321 dicebantur,
899 2250 1070 2335 unanimiter
1083 2255 1241 2325 audientes,
1263 2269 1292 2316 et

100 2353 221 2413 ridentes
246 2351 330 2428 signa
356 2355 458 2428 magna
482 2369 546 2424 quae
571 2350 821 2410 faciebat-Cum
846 2369 914 2409 vero
939 2350 1126 2412 credidissent
1151 2354 1289 2433 Philippo

98 2447 300 2528 evangelizanti
315 2446 350 2504 de
364 2465 452 2524 regno
468 2445 534 2514 Dei,
550 2446 578 2505 in
594 2447 709 2505 nomine
722 2446 792 2505 Jesu
815 2446 925 2506 Christi
944 2448 1159 2526 baptizabantur
1183 2453 1290 2512 viriae

99 2543 273 2604 mulieres.”⁴
313 2543 369 2601 His
384 2542 523 2601 accedunt
537 2562 599 2617 quae
615 2543 722 2602 Paulus
736 2542 772 2602 ‹le
794 2542 976 2603 diaconorum
1000 2542 1112 2604 ‹lotibus
1131 2548 1222 2617 tradit,
1237 2568 1288 2608 eos

98 2661 156 2702 cum
170 2636 318 2720 episcopis
331 2658 495 2707 recensens,
507 2638 583 2698 haud
598 2640 744 2699 absimiles
764 2641 884 2718 exigens
898 2641 1027 2701 virtutes.

129 2739 283 2799 Probatur
296 2735 340 2796 ΙΙ.
355 2735 530 2796 traditione.

130 2840 176 2895 to.
199 2837 316 2894 Patrum
332 2851 452 2892 concors
470 2832 589 2893 omnino
603 2844 647 2891 est
667 2833 779 2893 traditio
801 2833 836 2892 de
856 2834 945 2893 sacris
966 2834 1148 2896 diaconorum
1166 2841 1287 2899 muneri·

98 2935 153 2992 bus.
196 2933 354 3010 “Oportet
377 2929 545 3000 diaconos,'’
571 2932 664 3004 inquit
688 2931 720 2989 S.
743 2932 886 2991 leuarms
908 2933 1031 3009 Martyr,
1054 2938 1286 3012 “mysteriorum

97 3030 199 3089 Christi
216 3029 373 3094 ministros,
392 3022 552 3105 peremnia
566 3028 689 3104 placere,
704 3028 843 3086 necenim
853 3028 979 3087 ciborum
991 3043 1019 3086 et
1029 3043 1147 3106 potuum
1164 3034 1284 3093 ministri

95 3139 162 3195 sunt,
183 3125 234 3185 sed
261 3124 402 3183 Ecclesiae
431 3122 488 3182 Dei
509 3122 799 3181 administratores.’'⁶
838 3124 869 3181 S.
893 3124 1068 3183 Cassianus
1089 3125 1124 3184 de
1144 3129 1284 3195 electione

94 3234 197 3301 septem
223 3222 409 3280 diaconorum
431 3218 565 3294 loquens,
589 3218 803 3277 animadvertit:
827 3220 945 3288 “Quod
972 3222 1070 3296 utique
1097 3222 1203 3281 idcirco
1225 3237 1282 3284 tam

95 3320 238 3400 diligenter
251 3330 279 3378 et
292 3328 374 3376 caute
390 3326 545 3375 convocata
557 3316 640 3393 plebe
655 3326 712 3374 tota
725 3319 882 3393 gerebatur,
899 3336 934 3377 ne
948 3319 1013 3391 quis
1027 3318 1063 3378 ad
1077 3319 1171 3378 altaris
1186 3323 1283 3380 minis·

96 3420 199 3487 terium,
215 3416 261 3475 vel
276 3414 312 3473 ad
327 3412 531 3471 sacerdotalem
545 3413 639 3471 locunt
652 3412 785 3490 indignus
801 3416 993 3493 obreperet.”⁰
1034 3416 1153 3476 Veteres
1165 3411 1284 3478 secutus

98 3515 201 3594 scripsit
216 3513 425 3572 veranianus
451 3508 557 3568 Bana:
581 3510 723 3583 “Placuit
739 3509 856 3570 eosdem
878 3513 957 3590 ipsos
972 3513 1065 3571 altaris
1080 3533 1194 3589 quoque
1208 3519 1282 3576 sacri

97 3632 124 3671 ac
137 3612 279 3673 Dominici
294 3608 455 3686 sanguinis,
470 3609 544 3666 sicut
557 3616 586 3666 et
599 3607 770 3676 refectionis,
786 3627 949 3684 mensaeque
969 3612 1141 3679 communis,
1157 3616 1282 3674 multitu·

95 3709 158 3770 dinis
170 3710 346 3771 credentium
364 3706 510 3764 ministros
525 3704 666 3763 ordinaris
689 3705 764 3780 quod
780 3706 927 3782 probatum
943 3716 988 3765 eat
998 3709 1093 3776 verbo.
1104 3728 1161 3783 quo
1173 3711 1280 3772 dictum

96 3818 148 3866 est:
169 3810 225 3868 ‘Et
239 3820 358 3868 orantes
373 3802 626 3879 imP⁰⁵⁰0t111¹1⁸i³
641 3801 763 3861 munus-¹
773 3801 807 3842 ”⁷
849 3804 964 3863 Petrum
979 3815 1145 3864 ceterorum
1167 3818 1195 3866 et
1214 3827 1280 3866 con-

94 3904 204 3970 ciliorum
219 3907 328 3967 referre
344 3900 507 3959 testimonia
520 3918 762 3977 supervacaneum
777 3900 922 3970 duximus,
933 3920 1022 3975 quum
1037 3904 1095 3964 sint
1108 3907 1276 3964 immunera.

383 4121 424 4187 (l)
443 4120 500 4170 Aet.
511 4119 544 4170 vi.
556 4119 579 4171 ³.

381 4207 421 4272 (2)
439 4205 533 4256 Ibidem
545 4207 569 4258 d.

379 4293 422 4359 (a)
440 4291 533 4342 niuem
545 4295 569 4343 s.
583 4294 622 4342 10.

377 4378 420 4443 (r)
441 4377 496 4427 Aac
509 4377 558 4427 viu.
571 4379 595 4427 5.
609 4365 632 4427 b.
646 4378 685 4428 ra.

379 4464 422 4529 (5)
440 4461 488 4528 Ep.
500 4463 529 4512 ad
541 4461 688 4514 Trallianos.

377 4550 421 4615 (6)
440 4549 488 4614 Ep.
499 4549 576 4599 lxviii.
587 4550 618 4599 ad
631 4549 731 4599 Clerum
742 4555 768 4597 et
778 4548 873 4612 plebem
882 4546 1016 4614 Hispanie.

378 4634 418 4699 (t)
437 4635 543 4686 Retract.
555 4634 690 4686 Commio
702 4635 758 4684 Aet.
769 4633 858 4702 Apost.
