2812 5092
457 357 466 372 “
577 370 801 433 neruuurx.
1224 380 1282 437 aru

95 535 213 613 politaui
226 542 255 593 51
268 532 386 614 Oyriaci
400 532 491 607 quisi
505 533 653 599 successit,
668 532 803 610 repressit
822 531 995 608 superbiam,
1012 549 1174 608 nomenque
1189 535 1281 594 (1155-

95 633 211 707 menici,
226 630 301 704 quod
326 630 501 698 affectarunt,
516 630 700 689 vehementer
722 628 904 705 improbavit.
945 628 1075 688 Plurima
1089 630 1118 689 iu
1140 631 1280 691 Ecclesiae

96 740 125 787 et
138 729 300 807 reipublice
314 729 400 786 etiam
422 727 514 786 civilis
529 727 676 786 utilitatem
697 725 830 804 preclare
851 725 942 804 gessit
960 726 1090 804 pontifex
1106 737 1281 789 5515555155-

97 828 188 888 moria
202 827 318 905 diguus.

584 1001 712 1060 Surcuuo
735 1000 805 1060 VII.

138 1166 187 1222 66.
210 1163 393 1221 Ssurnrsuus
407 1181 423 1218 a
439 1160 666 1240 13⁴Septembris
680 1160 747 1219 anni
768 1164 827 1219 664
841 1159 875 1218 ad
889 1166 928 1219 22
950 1160 1026 1220 diem
1048 1162 1194 1222 Februarii
1208 1182 1283 1225 auno

97 1264 156 1320 606
170 1260 252 1329 sedit,
270 1261 354 1337 juxte
368 1259 539 1326 nonnullos3
561 1258 623 1317 aliis
638 1278 712 1318 anno
729 1262 786 1317 605
801 1278 867 1319 eum
883 1259 988 1318 obiisse
1007 1260 1191 1320 tradentibus.

138 1362 186 1416 67.
208 1358 240 1416 S.
256 1339 440 1416 Bournncrus
450 1356 517 1424 111,
533 1368 598 1434 post
619 1355 798 1415 intervallum
812 1355 945 1415 undecim
969 1357 1111 1417 meusium
1133 1370 1162 1417 et
1184 1360 1286 1438 viginti

97 1473 151 1513 sex
176 1454 286 1514 dicrum
309 1465 417 1513 creatus
441 1463 495 1512 551.
535 1456 562 1512 Δ
585 1453 683 1513 Pboea
705 1453 874 1530 imperatore
896 1455 1057 1532 impetravit
1078 1440 1217 1526 edietum,
1227 1476 1285 1531 quo

97 1550 281 1609 OEcumenici
296 1550 426 1628 episcopi
446 1550 543 1608 titulus
558 1550 618 1615 soli
633 1549 771 1628 episcopo
792 1550 924 1610 Romanu
938 1550 1096 1610 vindicatus
1110 1562 1164 1612 est.
1206 1553 1287 1612 Obiit

100 1650 138 1705 10
155 1646 331 1706 Novembris
346 1650 415 1706 667.

141 1748 189 1803 68.
213 1743 462 1802 Β555555555111,
477 1728 660 1820 2551555511
681 1742 727 1801 die
742 1745 888 1801 anno-608
901 1741 999 1802 sedem
1020 1745 1179 1822 occupavit.
1221 1745 1281 1805 Do·

96 1859 177 1899 mum
189 1858 270 1898 suam
285 1840 314 1899 iu
330 1840 532 1899 monasterium
547 1840 653 1898 erexit:
672 1837 827 1897 Pantheon
836 1839 974 1916 templum
988 1843 1165 1918 expurgavit,
1178 1851 1206 1899 et
1220 1842 1285 1903 Deo

98 1937 153 1996 sub
168 1936 295 2015 Virginis
310 1936 443 2013 Deiparae
457 1946 485 1994 51
499 1935 627 1994 omnium
642 1943 804 1993 sanctorum
819 1944 975 2012 martyrum
996 1936 1173 1996 invocatione
1188 1957 1287 1997 couse-

97 2034 196 2092 oravit.
239 2033 274 2092 lu
288 2031 434 2111 epitaphio
456 2031 585 2090 laudatur
599 2030 675 2104 quod
702 2039 721 2067 “
731 2031 822 2089 saneti
837 2031 970 2109 Gregorii
991 2033 1101 2091 monita
1114 2044 1143 2091 et
1156 2035 1289 2112 exempla

98 2133 167 2200 vita,
183 2151 280 2209 opere,
296 2152 328 2189 ac
342 2131 436 2209 dignis
452 2132 578 2190 moribus
592 2139 707 2189 secutus
723 2128 792 2189 sit.”
836 2129 915 2188 Obiit
929 2136 948 2190 7
965 2131 1122 2208 Majiuls.
1259 2112 1263 2117 ’

140 2232 188 2287 69.
210 2227 388 2286 Duusuuum
403 2238 469 2304 post
490 2227 616 2300 quinque
637 2243 752 2284 menses
766 2234 795 2283 et
808 2223 958 2284 duodecim
980 2225 1041 2283 dies
1056 2227 1165 2285 electus
1180 2238 1234 2296 est,
1252 2232 1288 2289 17

99 2323 147 2384 die
162 2324 295 2384 Octobris
311 2328 379 2393 615,
395 2325 522 2398 obiitque
536 2323 582 2381 die
596 2328 614 2382 8
630 2323 803 2382 Novembris
816 2326 873 2382 618
886 2322 980 2405 (juxta
994 2324 1064 2384 alius
1079 2324 1161 2404 617).
1182 2325 1290 2404 Lepro-

97 2443 164 2483 sum
178 2423 278 2482 osculo
293 2441 408 2482 sanasse
422 2421 550 2481 refertur.
1070 2416 1073 2423 ’

138 2525 188 2580 70.
211 2521 242 2578 S.
269 2520 451 2578 Boumscrus
472 2519 510 2577 V.
525 2518 664 2577 successit
689 2527 753 2595 post
775 2518 862 2577 unius
876 2519 984 2578 mensis
999 2528 1027 2577 et
1047 2518 1156 2593 aliquot
1175 2520 1287 2580 dierum

97 2620 288 2688 intervallum,
304 2619 379 2698 (aliis
394 2638 500 2678 anuum
515 2618 711 2678 intercessisse
725 2616 956 2698 estimantibus).
991 2610 1096 2679 Plures
1107 2621 1170 2699 eius
1182 2621 1288 2700 episto·

97 2718 141 2777 las
156 2715 290 2777 describit
304 2715 482 2775 Venerabilis
497 2714 600 2783 Beda,¹
614 2715 649 2773 ad
663 2714 682 2773 J
683 2715 810 2773 uotiuum
825 2715 1073 2784 cantuariensem,
1089 2716 1125 2774 ad
1138 2717 1289 2799 Eduiuum

99 2836 208 2896 regem,
223 2826 252 2875 51
264 2815 467 2893 Edelburgam.
508 2815 654 2873 lustinum
671 2813 757 2890 pallio
772 2812 897 2880 donavit,
912 2813 996 2888 eique
1016 2812 1052 2873 de
1068 2814 1143 2892 regis
1163 2815 1288 2875 Edbaldi

101 2915 290 2974 conversione
301 2913 458 2991 gratulatus
471 2922 525 2971 est.
566 2911 701 2970 Decessit
714 2910 942 2970 mausuetudinis
956 2911 1038 2971 laude
1049 2911 1236 2983 clarissimus,
1250 2917 1290 2972 22

102 3011 235 3072 Octobris
251 3017 318 3071 625.

140 3114 190 3170 71.
212 3109 370 3168 Honoratus
391 3109 428 3176 l.‚
442 3113 481 3168 27
502 3105 548 3164 die
563 3105 695 3165 Octobris
727 3110 798 3177 625,
817 3108 966 3176 successit,
989 3116 1019 3166 et
1039 3126 1174 3186 maguum
1195 3109 1291 3186 posuit

99 3207 225 3265 studium
253 3208 283 3265 iu
308 3207 465 3284 Auglorum
492 3205 612 3282 negotiis
637 3203 850 3282 promovendis.
892 3205 1055 3265 Honorium
1075 3217 1106 3265 51
1125 3206 1290 3278 Paulinum,

101 3303 334 3381 archiepiscopos
360 3303 596 3367 Cautuarieusem
620 3312 649 3359 51
671 3301 894 3370 Eboracenscm,
910 3301 997 3379 pallio
1019 3301 1143 3372 donavit,
1159 3303 1290 3363 facultate

100 3403 143 3461 eis
159 3401 240 3470 15515,
255 3401 347 3475 utqui
363 3419 399 3459 ex
413 3402 455 3459 eis
470 3385 615 3477 superstes
629 3399 701 3458 15551
714 3418 910 3459 successorem
925 3399 1064 3459 inlocum
1078 3400 1203 3461 defuncti
1215 3401 1289 3462 ordi·

100 3508 190 3560 naret.
231 3498 352 3557 Litteras
367 3498 429 3574 ejus
452 3496 531 3555 Beda
545 3497 640 3574 plures
655 3495 765 3555 refert.¹¹
805 3496 883 3555 Eum
898 3517 915 3554 a
929 3497 1030 3575 Sergio
1046 3496 1290 3577 Constantinopo-

101 3594 189 3656 litano
204 3595 366 3673 deceptum.
381 3595 581 3672 intempestive
596 3593 767 3671 precepisse
783 3603 814 3651 ut
827 3594 972 3653 silentium
983 3605 1142 3655 servaretur
1155 3595 1191 3656 de
1206 3586 1298 3683 unius¹

101 3695 148 3753 vel
173 3694 292 3752 dirarum
317 3695 347 3753 in
372 3693 489 3752 Obristo
512 3692 698 3760 voluntatum,
718 3692 847 3769 plerique
868 3691 1046 3752 concedunt:
1074 3692 1125 3777 sed
1147 3695 1290 3757 hereseos

100 3794 210 3852 crimen
225 3792 266 3850 illi
280 3793 435 3869 impactum
449 3789 527 3849 omui
541 3801 617 3848 caret
630 3791 737 3867 speeie.
779 3788 859 3849 Obiit
874 3795 910 3848 12
923 3790 1055 3850 Octobris
1071 3797 1139 3852 638.
1337 3790 1355 3873 J

142 3896 191 3951 72.
216 3892 397 3959 Summum,
423 3900 488 3967 post
511 3908 616 3947 annum
640 3907 739 3956 unum,
754 3907 868 3948 meuses
893 3901 1015 3968 septem,
1030 3889 1092 3949 dies
1118 3891 1292 3965 quindecim,

67 4063 73 4074 .
102 3999 296 4056 consecratus,
311 3987 390 4046 brevi
404 3986 439 4045 ad
453 4005 573 4063 superos
588 3987 699 4045 transiit
714 3991 728 4044 l
745 3985 791 4044 die
806 3986 928 4064 Augusti
943 3990 1011 4046 646.
1033 3987 1152 4047 Ectbesi
1164 3989 1292 4050 Heraclii

101 4084 296 4163 imperaturis,
313 4101 376 4156 quse
398 4082 625 4142 Monotbelismo
639 4081 759 4151 favebat,
775 4083 952 4143 subscribere
972 4085 1123 4154 recusavit,
1136 4095 1166 4145 51
1178 4088 1293 4165 egregia

102 4180 227 4260 praebuit
241 4181 377 4237 virtutum
392 4179 561 4257 specimina.

144 4282 195 4336 73.
217 4276 353 4337 Jonuuna
370 4277 435 4346 lv,
450 4277 582 4337 Dalmata
602 4277 726 4346 natione,
742 4286 809 4355 post
821 4296 928 4356 paucos
950 4297 1064 4338 menses
1086 4282 1234 4350 successit,
1256 4287 1295 4342 24

102 4376 275 4439 Decembris
290 4394 365 4434 anno
379 4374 491 4435 eodem.
522 4375 642 4453 Synodo
657 4376 761 4436 Romae
776 4387 873 4437 coacta
887 4378 1019 4438 heresim
1040 4379 1296 4444 Monothelitarum

442 4629 484 4696 (l)
504 4629 572 4683 Hist.
581 4631 650 4684 Eccl-
661 4633 741 4698 gentis
752 4632 827 4699 Aegl.
838 4634 855 4686 1.
866 4634 891 4687 it

329 4742 333 4751 -
444 4716 486 4782 (2)
506 4715 609 4768 Ibidem.
