2798 5092
88 375 149 431 2⁸4
451 370 506 432 DE
528 371 672 432 CULTU
693 368 925 431 IMhGlNUM.

90 543 120 590 to
141 531 283 607 serpentis
305 531 522 590 similitudinem
547 530 659 589 indixit.
700 531 733 589 Si
757 531 881 591 eundem
906 528 1001 587 Deum
1021 528 1169 593 observas,
1196 523 1287 582 habes

90 627 184 706 legem
199 633 271 706 ejus,
288 629 334 688 Ne
349 630 448 688 leceris
460 628 687 687 similitudinem.
705 629 752 686 ,δί
767 640 795 688 et
808 637 982 706 preceptum
998 625 1076 684 iactas
1091 634 1190 702 postea
1205 620 1287 680 simi·

91 725 221 784 litudinis
235 710 365 805 respicis,
378 738 406 785 et
419 738 448 785 tu
469 728 578 784 imitare
593 727 732 803 Moysen,
748 745 783 785 ne
808 727 896 786 iacias
912 724 1048 783 adversus
1061 724 1156 800 legem
1173 719 1290 792 simulag

92 842 174 883 orum
185 824 311 898 aliquod,
327 825 383 883 nisi
397 836 426 884 et
447 825 527 884 Deus
544 824 710 902 jusserit.”¹
751 825 784 882 Si
806 824 945 902 viguisset
961 840 1024 882 mos
1039 840 1135 879 sacras
1150 818 1292 895 imagines

99 922 224 990 colendi,
239 942 296 983 non
311 924 349 982 ita
363 924 537 1000 scripsisset.

132 1019 221 1098 Resp.
245 1022 305 1080 Eos
320 1021 411 1098 arguit
425 1021 632 1089 Tertullianus,
647 1021 697 1094 qui
720 1021 791 1079 salso
805 1020 861 1078 sibi
883 1017 1089 1098 persuadebant
1110 1016 1199 1074 licere
1213 1011 1290 1072 idola

92 1119 233 1196 sculpere,
256 1138 319 1194 que
348 1120 454 1180 ethnici
475 1120 610 1184 colerent,
626 1120 729 1192 quibus
752 1119 852 1178 merito
868 1119 936 1178 dicit
961 1118 1053 1177 Deum
1078 1116 1234 1194 prohibere
1255 1128 1289 1171 es

94 1217 167 1285 lieri,
182 1229 337 1295 ‘precepto
362 1219 440 1277 enim
466 1236 523 1291 quo
549 1217 634 1276 alieni
657 1217 696 1276 dii
721 1228 850 1276 vetantur
872 1217 995 1284 colendi,
1019 1226 1129 1274 vetatur
1150 1209 1291 1287 quidquid

92 1334 192 1375 eorum
207 1318 294 1376 cultui
312 1317 429 1375 inservit
442 1328 471 1375 et
484 1316 648 1375 destinatur.
691 1316 743 1375 Nil
757 1317 798 1374 eis
821 1317 957 1394 prodesse
972 1315 1041 1374 dicit
1062 1313 1185 1391 Moysis
1195 1328 1290 1371 exem·

94 1414 184 1490 plum,
200 1415 259 1488 qui,
276 1414 340 1472 Deo
356 1415 486 1491 jubente,
502 1424 664 1490 serpentem
685 1433 796 1474 aeneum
818 1416 895 1483 lecit,
911 1430 978 1474 num
1000 1411 1168 1491 hujusmodi
1184 1410 1290 1488 jussio·

91 1529 158 1569 nem
186 1521 217 1569 ut
240 1511 316 1570 idola
348 1511 473 1570 facerent
495 1511 616 1588 allegare
637 1531 694 1570 non
715 1521 852 1589 poterant.
898 1511 969 1570 Haec
994 1509 1088 1569 dicere
1109 1508 1203 1576 licuit,
1224 1507 1290 1565 licet

1 1605 2 1610 ’
93 1609 210 1682 quidam
225 1609 381 1685 imaginum
396 1610 488 1668 honor
502 1609 577 1686 apud
591 1610 760 1666 christianos
777 1609 893 1685 vigeret,
905 1609 972 1682 quia
982 1626 1020 1666 ax
1033 1605 1175 1683 mysterio
1189 1603 1288 1662 salutis

94 1704 246 1761 auctoritas
261 1703 330 1763 illud
344 1704 435 1763 oculis
450 1704 605 1764 exhibendi
620 1706 730 1782 pictura
745 1705 840 1763 inferri
856 1713 975 1781 poterat.
1010 1702 1154 1762 Ceterum
1170 1701 1292 1761 libenter

95 1801 195 1860 damus
210 1803 361 1862 simulacra
369 1820 421 1861 seu
430 1814 536 1862 statuas
547 1802 657 1861 Christi
670 1802 715 1861 vel
727 1817 890 1862 sanctorum
905 1821 962 1861 non
976 1803 1068 1861 fuisse
1083 1803 1113 1860 in
1124 1799 1289 1878 primordiis

96 1901 137 1958 rei
155 1901 320 1960 christianae
333 1910 478 1978 usurpata,
494 1920 580 1975 quum
594 1911 737 1978 oporteret
751 1900 879 1960 fidelium
894 1919 995 1959 recens
1010 1902 1045 1958 ab
1058 1899 1203 1959 idolorum
1215 1899 1292 1957 cultu

94 2016 296 2057 conversorum
326 1999 410 2058 saluti
438 2000 597 2066 consulere,
635 2000 715 2058 omui
741 1999 840 2076 lapsus
873 2000 1025 2058 occasione
1055 1998 1155 2076 procul
1184 1994 1290 2056 hahita.

96 2096 217 2155 Fiobant
238 2109 331 2154 tamen
354 2097 493 2154 ooelaturae
516 2097 545 2154 in
570 2097 716 2164 calicibus,
730 2106 759 2153 et
779 2096 912 2174 symbola
926 2094 1059 2170 quaedam
1082 2107 1112 2154 et
1134 2095 1289 2172 imagines.

94 2192 300 2271 Progrediente
324 2191 391 2251 vend
416 2202 554 2269 tempore,
570 2193 681 2250 sublato
703 2192 868 2251 idololatriae
891 2192 1028 2270 periculo,
1044 2201 1073 2249 et
1087 2202 1172 2250 aucto
1193 2190 1292 2268 splen·

94 2291 162 2350 dore
177 2292 280 2360 cultus,
295 2290 396 2350 tabulae
412 2293 535 2368 majores
550 2290 669 2368 depictae
684 2291 713 2350 in
728 2291 871 2351 Ecclesiis
886 2309 1034 2369 suspense
1049 2301 1126 2358 sunt,
1140 2301 1171 2349 et
1191 2282 1294 2349 statuat

94 2390 182 2447 etiam
196 2401 307 2447 erectae.
949 2451 952 2455 ,
1126 2394 1130 2411 “
1279 2386 1282 2390 “

138 2491 204 2546 147.
230 2485 296 2563 obj.
312 2490 340 2544 6.
363 2487 396 2544 S.
411 2485 593 2562 Epiphanius
609 2501 746 2545 narrasse
767 2487 939 2546 dilacerasse
954 2488 1049 2547 velum
1066 2488 1094 2547 in
1114 2505 1175 2561 quo
1196 2487 1295 2565 imago

97 2585 210 2661 depicta
222 2595 299 2642 erat:
323 2593 342 2620 “
357 2584 433 2642 Cum
448 2603 516 2661 ergo
532 2585 737 2647 hoovidissem
753 2586 782 2643 in
797 2586 932 2645 Ecclesia
946 2585 1067 2654 Christi,
1080 2596 1179 2646 contra
1194 2588 1297 2647 uuthe'·

95 2676 206 2741 ritatem
221 2682 429 2760 scripturarum
445 2682 570 2741 hominis
586 2682 709 2760 pendere
721 2684 975 2761 imaginem,soidi
988 2685 1107 2744 illud.”¹

136 2778 225 2856 Reep.
248 2779 293 2838 De
314 2774 473 2856 integritate
492 2781 620 2858 epistole
641 2781 670 2838 in
693 2799 750 2853 qua
768 2781 797 2838 id
812 2793 937 2840 narratur
955 2791 1085 2840 movetur
1097 2782 1144 2851 lis,
1160 2792 1189 2841 et
1211 2782 1251 2842 de
1264 2800 1296 2842 re

96 2877 160 2953 ipsa
173 2887 261 2955 gesta.
288 2876 431 2937 Caetsrum
447 2896 482 2936 ne
498 2879 527 2936 in
542 2878 657 2936 incertis
673 2896 825 2946 moremur,
842 2890 928 2937 testes
942 2880 1121 2957 appellamus
1136 2880 1295 2950 Basiliam,

96 2987 126 3035 et
141 2977 312 3054 Gregorium
329 2977 499 3054 Nyssenum
514 2976 549 3035 de
565 2977 667 3035 tabulis
689 2978 777 3036 sacris
789 2979 818 3036 in
835 2978 978 3036 Ecclesiis
992 2993 1093 3053 quarto
1114 2980 1223 3040 seculo
1232 2982 1297 3060 jam

94 3079 243 3157 appensis.
286 3078 424 3136 Hominis
439 3078 534 3154 imago
548 3096 632 3151 quam
654 3076 817 3136 dilaceravit
830 3078 1014 3155 Epiphanius
1037 3088 1057 3115 ‘⁶
1070 3081 1152 3153 quasi
1169 3079 1293 3150 Christi,

95 3164 141 3235 rel
162 3177 252 3235 sancti
272 3174 453 3253 cujusdam,”
478 3172 587 3231 videtur
608 3169 696 3232 luisse
718 3175 828 3252 profani
848 3175 980 3253 alicujus,
1000 3194 1086 3249 quem
1108 3177 1209 3251 utique
1232 3198 1293 3240 non

96 3273 216 3333 docebat
229 3271 264 3331 ad
278 3272 375 3331 valvas
399 3270 540 3330 Ecclesiae
555 3270 694 3329 exhiberi.
736 3272 867 3345 AEquum
883 3292 941 3332 non
956 3284 1000 3331 est
1015 3275 1189 3352 singularem
1212 3260 1294 3338 illam

94 3390 158 3431 rem
171 3380 291 3448 gestam,
306 3370 387 3446 cujus
403 3367 534 3444 adjuncta
547 3367 722 3444 ignorantur,
739 3378 836 3427 contra
850 3370 1089 3430 cousuetudinem
1105 3372 1254 3450 publicam
1267 3385 1298 3432 et

98 3468 244 3544 probatam
260 3465 345 3522 totius
360 3463 501 3522 Ecolesiae
517 3460 627 3540 urgere.

141 3565 208 3620 148.
234 3560 301 3640 obj.
315 3567 345 3621 7.
368 3560 566 3637 Hieronymus
582 3560 640 3616 ait:
664 3568 683 3596 ‘⁶
694 3561 763 3619 Sive
778 3574 909 3632 statuam,
927 3566 988 3623 sive
1010 3567 1164 3643 imaginem
1180 3585 1296 3628 auream

99 3659 272 3718 uoluerimus
284 3659 388 3736 legere,
404 3657 527 3716 cultores
540 3657 596 3716 Dei
610 3676 674 3715 eam
687 3659 803 3718 adorare
818 3679 876 3720 noo
890 3661 1003 3722 debent.
1046 3663 1126 3740 Ergo
1136 3663 1254 3740 judices
1269 3678 1299 3724 et

97 3757 242 3836 principes
265 3757 372 3825 saeculi,
395 3758 443 3830 qui
465 3756 666 3832 imperatorum
688 3768 793 3815 statuas
815 3759 931 3818 adorant
951 3775 980 3819 et
1008 3762 1168 3838 imagines,
1181 3763 1240 3823 hoc
1262 3775 1296 3826 s'e

97 3853 371 3932 sacere'intelligaot,
387 3852 463 3938 quod
485 3865 540 3911 tres
555 3855 637 3930 pueri
652 3853 742 3912 facere
754 3856 884 3914 nolentes
901 3858 1067 3934 placuerunt
1081 3858 1196 3917 Deo.’''

137 3954 227 4032 Resp.
250 3952 294 4011 De
308 3961 399 4011 statua
411 3951 705 4010 Nabuchodonosoris
720 3972 754 4011 eo
769 3955 826 4012 loci
841 3956 899 4032 agit
914 3956 1123 4032 Hieronymus,
1140 3970 1297 4034 monetque

86 4072 88 4077 ’
96 4054 208 4131 judiees
224 4061 251 4110 et
265 4050 408 4128 principes
424 4050 521 4109 soeculi
536 4069 572 4108 ne
588 4052 806 4126 imperatoribus
820 4064 851 4110 ut
875 4054 1066 4130 gratificentur
1080 4056 1172 4115 nimio
1185 4057 1298 4118 honore

100 4169 198 4211 eornm
219 4158 324 4207 statuam
350 4156 378 4206 et
398 4149 537 4226 imagines
559 4162 776 4234 prosequantur.
818 4151 899 4209 Adeo
922 4152 1047 4210 moribus
1077 4164 1211 4231 receptus
1238 4166 1298 4215 erat

100 4247 192 4306 honor
202 4246 260 4314 ille,
270 4255 302 4304 ut
314 4243 497 4304 Theodosius
512 4246 574 4322 lege
589 4247 710 4304 uetuerit
724 4265 760 4304 ne
774 4267 834 4305 suae
849 4259 946 4306 statum
961 4247 1078 4306 indebiti
1088 4249 1215 4311 honores
1232 4253 1295 4312 red·

398 4443 436 4503 (l)
454 4437 484 4489 L.
496 4438 526 4489 de
537 4439 598 4489 Idol.
607 4456 628 4489 e.
639 4439 671 4489 iv.

396 4524 432 4586 (2)
449 4523 497 4589 Ep.
502 4524 539 4574 -ud
549 4525 622 4575 loen.
634 4523 815 4590 Hierosolymis.

396 4611 432 4669 (3)
451 4607 549 4660 Oomm.
559 4609 587 4661 in
597 4626 620 4659 c.
631 4609 667 4660 iii.
677 4609 796 4661 Dan'nlis.
