2798 5092
126 362 164 416 52
391 352 448 413 DE
470 349 719 413 ELECTIONE
741 343 1057 409 mtntsrlrottttnt.

124 515 303 575 ordinatione
316 514 499 572 enuntiante:
521 511 572 570 sed
587 511 737 589 precipua
753 517 846 585 partes
860 515 940 564 erant
952 507 1167 582 episcoporum,
1182 503 1235 578 qui
1254 501 1327 562 fida'.

126 614 198 672 lium
214 612 350 688 suffragia
363 613 445 684 sequi
460 608 535 668 hand
550 610 725 673 tenebantur,
740 607 779 663 uti
805 623 842 663 ex
863 603 1013 663 Caelestini
1034 603 1128 660 verbis
1150 619 1216 676 quoe
1229 601 1331 660 recita·

128 711 224 767 vimus
238 709 338 781 liquet.
368 707 486 765 Nullum
492 707 542 783 jus
551 706 582 763 in
596 701 780 780 designandis
794 701 883 758 sacris
899 699 1037 758 ministris
1052 697 1184 759 fidelibus
1199 716 1330 771 uuquam

126 808 261 866 tributum
277 817 397 872 constat,
409 805 541 878 quamvis
557 801 709 875 aliquando
724 811 891 876 usurpatum
901 802 922 865 3¹
937 798 989 856 sed
1012 796 1150 870 quasdam
1166 796 1332 875 adsignatae
1350 829 1352 832 ·

125 916 220 982 partes
235 903 268 962 ad
280 905 407 962 notitiam
418 921 530 961 mamm
541 898 773 977 comparandam,
786 897 860 954 etad
872 898 983 954 animos
994 894 1210 964 conciliandos;
1228 905 1249 932 ‘⁸
1261 896 1331 969 qnia

125 1003 230 1062 devita
244 1014 272 1061 et
285 1002 501 1060 conversatione
513 997 712 1075 presentandi,
728 996 805 1069 quod
819 1014 1034 1068 nonnumquam
1050 996 1223 1071 ignoratura
1238 993 1329 1071 pluri·

125 1103 189 1168 bus,
201 1103 289 1160 scitur
302 1121 319 1158 a
332 1101 450 1177 paucist
467 1109 496 1157 et
509 1117 628 1156 necesse
640 1108 694 1163 est,
708 1107 738 1153 ut
747 1096 858 1154 facilius
873 1097 900 1152 ei
910 1094 974 1166 quis
986 1092 1176 1151 obedientiam
1191 1093 1332 1153 exhibeat

125 1199 264 1265 ordinato,
279 1199 325 1257 cui
340 1215 489 1254 assensum
503 1196 655 1273 prebuerit
669 1191 863 1251 ordinando.'’
905 1190 949 1248 Ita
962 1191 1132 1249 Pontificale
1149 1190 1329 1249 Romanum.

163 1301 212 1354 93.
237 1294 303 1374 obj.
320 1299 348 1353 d.
372 1293 506 1352 Oenones
521 1292 676 1351 decernunt
697 1309 762 1349 enm
784 1291 952 1367 episcopum
968 1286 1043 1346 haud
1058 1287 1221 1346 habendum
1236 1287 1289 1361 qui
1310 1306 1328 1344 a

124 1395 198 1452 clero
213 1393 377 1470 populoque
392 1410 448 1449 non
465 1391 549 1449 fuerit
559 1389 678 1448 electus.

163 1489 253 1569 Rerp.
268 1490 421 1567 vigentem
437 1487 562 1561 qualibet
584 1497 664 1545 aetate
685 1485 864 1564 disciplinam
885 1503 1011 1544 canones
1031 1481 1327 1560 servandamjubent‚

125 1588 247 1660 ideoque
262 1589 311 1660 qui
328 1585 383 1643 alia
396 1585 503 1642 ratione
519 1583 605 1642 luerit
616 1583 650 1641 ad
665 1583 862 1661 episcopatum
880 1592 1006 1648 evectus,
1021 1598 1073 1658 pro
1087 1580 1196 1637 intruso
1210 1578 1329 1646 habent,

124 1696 154 1743 et
166 1685 326 1761 illegitimo.
368 1682 502 1741 Proiecto
517 1681 616 1759 populi
631 1693 725 1758 partes
741 1681 930 1757 inepiscopis
951 1677 1135 1756 designandis
1149 1675 1184 1734 ad
1200 1677 1329 1735 testimo·

90 1808 95 1832 ι
124 1783 204 1840 nium
218 1780 254 1837 de
277 1780 403 1838 moribus
423 1778 567 1856 praecipue
591 1777 792 1842 reserebantur,
815 1777 955 1834 electione
975 1776 1049 1834 lacta
1070 1795 1087 1832 a
1111 1773 1199 1841 clero,
1215 1773 1263 1832 vel
1291 1773 1329 1833 ab

125 1879 273 1955 episcopis
288 1875 454 1955 provincie,
470 1873 655 1951 Metropolita
668 1893 732 1932 eam
744 1875 939 1932 confirmante.
982 1870 1064 1931 ld‘ex
1079 1870 1229 1948 cypriano
1241 1870 1330 1928 habe-

124 1989 189 2035 tur:
211 1975 363 2050 “Propter
377 1972 453 2047 qnod
468 1972 619 2050 diligenter
639 1971 675 2031 de
696 1972 846 2031 traditione
867 1971 963 2030 divina
978 1983 1005 2029 et
1020 1969 1178 2048 apostolica
1190 1969 1328 2027 observa·

123 2072 384 2133 tioueservandum
398 2081 442 2130 est
456 2080 485 2129 et
498 2071 663 2139 tenendum,
679 2070 755 2144 quod
776 2069 852 2148 apud
872 2088 926 2128 nas
941 2087 1055 2142 quoque
1070 2080 1099 2126 et
1114 2067 1172 2125 sere
1187 2085 1240 2143 per
1261 2085 1328 2145 pro·

122 2170 231 2228 vincias
245 2170 392 2227 universas
407 2178 527 2234 tenetur,
543 2178 575 2225 ut
594 2166 629 2224 ad
654 2166 847 2224 ordinationes
869 2166 922 2223 rite
937 2164 1120 2223 celebrandas
1134 2163 1169 2221 ad
1183 2182 1247 2222 eam
1265 2164 1329 2240 ple·

122 2266 188 2324 bem
202 2265 248 2322 cui
263 2264 433 2340 prepositus
448 2261 602 2328 ordinatur,
612 2262 742 2338 episcopi
756 2261 886 2339 ejusdem
902 2261 1057 2338 provinciae
1077 2260 1201 2337 proximi
1216 2261 1328 2335 quique

121 2362 301 2425 conveniant,
321 2371 350 2417 et
363 2359 517 2437 episcopus
531 2357 669 2435 deligatur
682 2359 765 2435 plebe
777 2370 926 2436 praesente,
948 2378 1011 2431 quar
1037 2357 1215 2435 singulorum
1230 2359 1322 2417 vitam

123 2456 290 2532 plenissime
302 2455 391 2522 novit,
399 2464 427 2512 et
438 2455 664 2532 uniuscujusque
674 2465 767 2514 actum
779 2455 814 2512 de
826 2455 890 2532 ejus
901 2455 1117 2513 conversatione
1129 2454 1329 2531 perspexit.”¹

123 2552 155 2611 S.
170 2551 232 2609 Leo
246 2551 314 2608 satis
329 2549 451 2608 declarat
465 2551 557 2627 plebis
568 2550 702 2609 desiderii
718 2553 855 2609 rationem
866 2550 974 2617 haberi,
985 2550 1037 2609 sed
1047 2551 1217 2609 electionem
1229 2569 1324 2628 penes

122 2649 230 2706 clerum
246 2666 329 2704 esse:
354 2647 477 2705 “Nulla
503 2648 574 2706 ratio
595 2648 673 2715 sinit,
687 2659 719 2705 ut
739 2648 813 2706 inter
832 2649 986 2725 episcopos
1008 2647 1175 2715 habeantur,
1196 2648 1248 2720 qui
1269 2667 1327 2708 nec

122 2764 138 2803 a
152 2745 263 2804 clericis
277 2755 344 2803 sunt
357 2743 451 2813 electi,
466 2763 519 2803 nec
533 2765 551 2803 a
565 2745 695 2822 plebibus
710 2756 776 2803 srrnt
789 2746 918 2822 expetiti,
934 2764 986 2804 nec
1001 2746 1322 2823 acomprovincialibus

122 2841 268 2918 episeopis
282 2860 347 2899 cum
364 2840 580 2919 Metropolitani
590 2841 702 2918 jndicio
716 2840 908 2900 consecrati.’'
949 2842 968 2900 J
970 2840 1097 2900 udicium
1113 2841 1199 2918 igitur
1213 2842 1326 2903 Metro·

123 2940 217 3018 politae
234 2939 267 2996 ad
282 2939 431 2998 electionis
446 2939 609 2997 firmitatem
623 2940 827 3013 requirebatur.
967 2925 969 2928 ⁵

162 3040 211 3094 94.
237 3033 304 3113 obj.
319 3041 348 3094 7.
372 3035 478 3093 Saltem
491 3047 601 3094 constat
615 3036 782 3094 electionem
799 3036 992 3095 ministrorum
1004 3037 1033 3095 iu
1046 3036 1168 3113 publicis
1183 3038 1322 3108 comitiis,

122 3135 204 3212 plebe
219 3143 368 3211 praesente,
384 3134 620 3192 attestimoniare
636 3134 753 3202 serente,
763 3135 847 3211 juxta
861 3135 1040 3193 traditiouem
1055 3134 1180 3192 divinam
1197 3144 1227 3194 et
1238 3155 1325 3212 apos·

121 3234 234 3292 tolicam
258 3233 485 3291 observationem
511 3248 575 3288 esse
591 3231 760 3291 habendam.
802 3230 882 3311 Ergo
910 3234 1022 3306 utrique
1043 3242 1183 3311 repugnat
1196 3235 1269 3294 ratio
1290 3229 1323 3298 ih

122 3329 283 3389 Ecclesiam
300 3329 459 3386 Romanam
475 3329 595 3385 invecta.

161 3425 251 3504 Reap.
275 3425 441 3502 Cyprianus
469 3423 562 3482 latiori
582 3443 668 3484 sensu
684 3444 733 3484 eas
755 3445 840 3485 voces
855 3427 992 3492 adhibuit,
1008 3437 1039 3486 ut
1053 3429 1215 3489 ostenderet
1229 3430 1326 3506 publi·

122 3541 170 3580 cas
185 3524 378 3582 ministrorum
400 3523 554 3581 electiones
569 3524 702 3602 exempla
727 3525 831 3584 habere
845 3526 873 3584 in
895 3527 1049 3603 Scripturis
1074 3528 1171 3594 relata,
1186 3527 1327 3588 Eleazari

120 3621 240 3686 scilicet,
256 3621 396 3687 Matthiae,
413 3632 441 3678 et
455 3619 639 3680 diaconorum
652 3641 660 3690 ;
683 3622 831 3682 traditione
846 3623 942 3683 divina
955 3623 1036 3693 illud,
1052 3625 1209 3701 apostolica
1223 3627 1324 3686 obser·

122 3718 234 3776 vatione
249 3716 310 3774 haec
324 3716 496 3794 intelligens.
540 3717 684 3778 Caeterum
702 3720 812 3778 nullum
829 3733 1004 3799 preceptum
1025 3721 1154 3780 divinum
1170 3722 1325 3801 allegavit3

120 3815 197 3890 quod
213 3834 249 3872 ex
264 3814 430 3892 hujusmodi
445 3818 586 3894 exemplis
600 3818 706 3876 adstrui
727 3820 836 3892 nequit.
877 3820 929 3878 llla
944 3821 1015 3879 ratio
1031 3818 1201 3897 designandi
1222 3822 1326 3896 minis·⁴

120 3923 179 3972 tros
193 3932 242 3984 eas
257 3913 341 3970 habet
355 3912 489 3970 utilitates
504 3932 574 3987 quas
598 3917 751 3983 recensuit,
778 3916 829 3975 sed
851 3927 880 3976 et
894 3917 1016 3990 plurima
1041 3919 1196 3994 graviaque
1210 3918 1325 3979 incom-

121 4009 205 4068 moda
219 4029 318 4068 secum
332 4007 404 4066 serre
419 4010 490 4068 tristi
503 4013 630 4071 noscitur
643 4015 829 4090 experientia.
871 4015 917 4074 Ob
932 4016 1026 4073 turbas
1040 4015 1146 4092 sepius
1161 4017 1320 4077 concitatas

120 4124 185 4164 cum
203 4107 391 4185 plurimorum
414 4107 492 4165 caede
507 4111 634 4185 oportuit
655 4130 718 4169 eam
744 4112 893 4182 deserere3
915 4132 971 4188 qua
992 4113 1149 4190 discipline
1164 4115 1324 4175 mutatione

120 4201 192 4260 nihil
202 4203 260 4278 juri
275 4201 382 4266 divino,
397 4201 442 4259 vel
457 4205 557 4281 populi
569 4204 660 4265 fidelis
670 4209 783 4286 juribus
793 4209 960 4287 derogatum
975 4219 1039 4278 est;
1061 4209 1224 4268 testimonia
1238 4211 1322 4273 enim

119 4297 155 4355 de
171 4299 278 4356 meritis
293 4297 504 4357 candidatorum
526 4302 618 4361 adhuc
632 4304 815 4381 excipiuntur
835 4326 851 4364 a
872 4307 1051 4384 presulibus,
1073 4323 1170 4365 eorum
1192 4310 1323 4370 nomini·

486 4482 528 4546 (l)
548 4479 611 4530 Vide
622 4479 711 4544 Chrys.
720 4481 737 4530 1.
748 4481 782 4531 iii·
792 4483 824 4533 da
835 4483 982 4534 Sacerdotio.

482 4568 524 4632 (2)
545 4568 592 4632 Ep.
609 4567 678 4617 lxvii.

484 4653 523 4717 (3)
541 4655 590 4720 Ep.
600 4654 632 4704 cd
643 4653 773 4705 Rusticum
784 4655 939 4706 Narbonem.
1081 4721 1096 4753 ο
